3096 5070
391 306 530 360 rnusnn
548 305 612 359 ure.
628 309 673 360 ru.
691 307 774 360 rou.
789 309 808 359 ι.
824 308 926 359 unua
942 308 1026 359 uxx
1247 297 1287 360 tt

125 465 239 519 eorump
263 443 351 520 item,
375 448 480 505 Munus
494 446 602 503 domim
607 446 767 525 seertduee
780 448 890 516 ιιιιιιίιις
915 452 963 518 et,
987 446 1088 506 Nouae
1112 467 1212 508 manus
1227 468 1287 508 uren
1301 459 1354 502 rear.
1364 461 1398 514 n,
1405 459 1439 502 aa

124 548 279 625 [ariddaeo
298 550 411 607 omnib?
455 548 585 605 Odurue
600 550 720 606 eeruier'r
742 550 886 606 dominer!
918 544 1005 619 item,
1031 549 1143 608 Caelum
1160 551 1232 609 mile
1244 571 1289 610 re·
1276 492 1428 606 -i'l'e‘ffii

126 652 175 708 des
193 659 251 721 est,
277 659 306 709 et
319 659 397 708 terru
414 647 569 707 scabellum
585 650 686 726 pedum
705 668 844 722 meorum,
869 667 904 707 ao
922 646 1051 728 reliqua,
1075 668 1150 730 qnae
1169 652 1203 712 ad
1223 671 1288 713 rum
1303 613 1360 658 Μ
1373 615 1394 667 ¹
1407 614 1428 656 ι

127 750 242 811 modum
259 751 295 812 de
314 751 370 811 deo
386 746 494 829 scripta
513 757 598 824 sunt,
623 760 793 828 praeterea,
821 752 887 809 Vidi
899 751 1039 808 domenum
1055 754 1229 812 euerer'tnmu
1245 774 1289 813 se-

127 854 234 911 dentem
259 855 288 912 ιἰι
309 853 411 911 throno
432 851 544 908 eueeleo
560 859 590 908 et
606 851 730 909 elermto:
762 861 792 910 et
808 861 871 910 erat
886 860 974 930 cupiet
987 854 1048 909 erin
1066 862 1197 931 tunquam
1224 856 1289 915 laun

126 956 209 1027 albu,
244 965 273 1014 et
295 956 417 1013 umretua
446 954 506 1011 eius
534 954 609 1010 erent
635 954 698 1010 m'e.
754 951 974 1014 Animadvertis
1002 951 1108 1034 igitur,
1141 951 1288 1036 inquiunt,

127 1075 235 1139 corpus
259 1054 294 1114 ud
317 1051 473 1134 imaginem
499 1052 544 1113 dei
562 1072 630 1114 asse
649 1054 775 1114 laetum?
820 1053 917 1137 Atque
942 1054 995 1116 luae
1020 1055 1135 1136 quidem
1159 1056 1187 1116 iu
1206 1066 1291 1140 parte

127 1154 272 1219 acerrime
298 1173 331 1215 se
347 1152 431 1214 nobis
451 1165 611 1237 opponunt,
636 1165 665 1216 et
678 1174 751 1237 quae
769 1176 858 1239 snpra
872 1156 997 1218 bominis
1009 1166 1124 1241 captum
1141 1168 1210 1220 siunt
1227 1155 1291 1220 vio·

130 1259 227 1319 lenter
249 1254 397 1317 adseram.
443 1252 522 1336 Quin
546 1267 576 1318 ot
598 1257 854 1340 illudprolerunt,
886 1258 961 1339 quod
985 1258 1119 1321 dominus
1142 1258 1292 1343 prophetis
1328 1326 1331 1332 ,

131 1357 302 1441 apparuisse
324 1358 441 1440 legitur.
498 1355 610 1420 Verum
635 1358 680 1421 bic
704 1359 819 1441 quidam
843 1360 965 1443 perinde
987 1379 1021 1421 au
1045 1359 1156 1423 libitum
1180 1371 1226 1423 est
1248 1361 1292 1423 vi·

130 1459 254 1521 dendum
273 1480 305 1521 se
326 1458 475 1543 praebuit,
501 1481 565 1521 urum
590 1459 660 1522 nibil
683 1462 722 1522 sit
741 1460 804 1522 eins
828 1458 966 1545 potestati
989 1461 1182 1524 subtraetnm.
1229 1461 1292 1526 Ne-

127 1581 185 1643 que
208 1580 279 1623 vero
302 1562 387 1622 deum
410 1582 553 1645 negamus
576 1562 779 1644 aproplretis,
805 1562 863 1623 imo
883 1583 955 1624 vero
979 1574 1008 1623 et
1031 1563 1066 1624 ab
1082 1564 1222 1645 apostolis
1244 1585 1291 1627 as-

128 1661 253 1724 serimus
270 1682 337 1725 esse
354 1675 558 1746 conspectam.
604 1660 681 1725 Nam
701 1660 881 1746 Stephanum
903 1675 1062 1747 martyrum
1080 1664 1207 1747 primus:
1231 1671 1288 1727 Ee·
1301 1688 1349 1731 aet.
1357 1687 1378 1742 r,
1390 1687 1424 1732 aa

127 1787 174 1838 ee,
202 1764 313 1848 inquit,
339 1768 417 1824 urileo
434 1767 541 1825 eoelrrm
555 1774 698 1841 apertum,
734 1775 765 1823 et
775 1768 868 1842 filium
885 1769 1004 1827 lurur‘ru'r
1027 1778 1147 1827 stantem
1163 1789 1181 1829 u
1195 1772 1292 1829 deute·

127 1871 170 1927 rie
185 1869 234 1926 dei
245 1877 274 1925 et
284 1870 390 1944 putres.
440 1863 602 1926 Enimvero
618 1863 745 1948 optimus
761 1865 809 1925 ille
826 1866 897 1927 deus
911 1868 1089 1949 singularem
1106 1868 1222 1952 opilinio
1237 1890 1292 1932 suo

129 1966 339 2028 humanitatem
365 1966 526 2041 adhibens,
560 1964 674 2027 nasibi
699 1965 770 2049 ipsis
796 1966 928 2029 inlideles
954 1968 1041 2051 ntiqui
1066 1972 1290 2052 persuaderent,

130 2087 205 2150 qnae
224 2069 260 2128 de
279 2069 335 2128 deo
352 2065 499 2143 dicuntur,
526 2066 624 2129 verbis
641 2066 751 2143 anania,
777 2087 834 2129 non
852 2069 976 2130 veritato
996 2082 1146 2149 antistare,
1170 2083 1199 2134 et
1215 2092 1292 2155 qnae

130 2169 166 2231 ab
190 2169 240 2230 illo
264 2171 451 2251 pronuntiata
477 2179 562 2246 sunt,
594 2170 691 2253 reipsa
715 2190 773 2231 non
799 2168 926 2251 expleri.
979 2157 1095 2250 θροιιιι
1117 2185 1224 2246 nectem,
1261 2183 1445 2250 ntuetr-rna

129 2271 280 2354 apostolus
294 2270 413 2346 scribit,
436 2275 611 2332 accedentem
628 2275 668 2331 ud
682 2276 761 2332 deum
777 2275 894 2331 credere
906 2276 1035 2351 quonium
1051 2287 1108 2346 est,
1133 2285 1162 2334 et
1174 2278 1295 2352 diligen·

130 2375 206 2433 tibur
222 2377 312 2453 ι’ριιιιιι
336 2385 533 2433 remunerator
548 2384 600 2433 est.
647 2370 686 2436 Ut
701 2374 793 2456 igitur
811 2374 929 2434 condito
948 2395 963 2434 a
980 2393 1012 2434 se
1033 2374 1141 2435 bomini
1162 2376 1294 2438 fiduciam

131 2475 340 2556 ingeneraret,
376 2496 428 2558 pro
446 2494 498 2537 sna
520 2475 649 2558 potentia
669 2476 779 2537 sanetis
799 2473 984 2552 horninibus,
1020 2485 1049 2537 et
1064 2474 1114 2536 illo
1134 2487 1295 2559 conspeetu

131 2576 226 2657 dignis
243 2575 371 2659 seipsum
391 2577 503 2659 detegit
519 2578 610 2652 drus,
635 2587 666 2638 ut
683 2577 746 2660 ipso
763 2576 880 2660 proprie
898 2589 1038 2659 certoque
1054 2586 1215 2660 eorrspeuto
1234 2577 1296 2638 ani·

132 2697 208 2738 mum
234 2697 318 2739 suum
345 2678 427 2740 velut
448 2678 545 2739 stabili
568 2679 693 2760 quodam
720 2679 909 2740 fundamento
937 2681 1126 2753 enuntiarunt,
1161 2688 1191 2738 et
1213 2697 1294 2760 spern

132 2798 214 2840 arram
233 2778 262 2840 in
281 2778 407 2842 raritate
431 2780 593 2855 collocent,
626 2789 713 2863 atque
735 2780 814 2843 illurn
839 2800 909 2841 rere
925 2801 958 2841 ae
975 2783 1093 2841 strauere
1111 2777 1294 2864 praediuent,

132 2889 161 2942 et
178 2880 291 2942 fidelem
317 2881 443 2964 deniqne
468 2881 613 2945 bominem
638 2881 666 2943 iu
687 2892 822 2962 suscepta
843 2882 898 2942 lide
916 2882 1100 2943 corrdrmeut.
1147 2877 1296 2962 eremad·

132 2981 248 3044 modum
271 3002 288 3044 e
311 2983 461 3045 eorrtrario
483 2984 609 3066 gentiles
634 3003 667 3045 ao
690 2981 799 3045 Graeci
825 2983 871 3044 dri
897 2982 1029 3044 notitiam
1056 2981 1138 3045 uerbi
1161 2994 1247 3045 teraris
1266 2993 1297 3045 et

131 3082 308 3166 imaginibus
326 3085 506 3148 adumbratis
524 3085 668 3147 obtinent.
714 3081 780 3146 Nos
799 3094 895 3146 nutem
916 3104 1020 3146 revera
1040 3085 1125 3146 derum
1146 3086 1294 3163 suavimus,

132 3205 235 3248 verum
257 3185 335 3250 illum
352 3189 468 3271 quidem
491 3209 525 3250 ac
544 3207 615 3250 vere
637 3185 845 3249 subsistentem
863 3207 981 3269 rugam,
1014 3186 1296 3270 iriunmprebeusibi-

132 3286 208 3366 lem,
233 3289 415 3352 conditorem
436 3310 533 3351 rerum
548 3287 694 3365 omnnium,
720 3308 807 3350 unum
826 3289 928 3358 deum.
953 3300 983 3351 ut
1002 3291 1038 3352 ab
1051 3289 1113 3374 ipso
1132 3289 1295 3372 proceden-

134 3399 190 3452 tenr
220 3391 401 3474 unigenitum
431 3391 533 3468 deum,
565 3411 620 3453 neo
647 3391 703 3453 nlla
722 3401 888 3473 neupatre
914 3391 1081 3467 diuersum,
1116 3410 1172 3453 neo
1192 3398 1298 3451 rronet

133 3490 266 3572 spiritum
285 3504 418 3557 sanetum
440 3492 489 3577 qni
508 3492 576 3555 nibil
594 3514 610 3555 a
627 3502 709 3575 patre
726 3492 842 3575 liliaque
863 3493 1020 3577 discrepat.
1067 3491 1156 3576 erod
1180 3490 1297 3574 quidem

136 3587 201 3650 ddei
225 3594 346 3677 dogna,
382 3616 446 3657 uum
472 3596 616 3659 adversus
640 3595 780 3657 haereses
805 3594 935 3677 singulas
957 3614 1131 3679 ageremus,
1166 3592 1297 3673 pluribus

138 3691 238 3753 uerbis
261 3697 463 3778 exposuimus.

220 3791 372 3857 Ardeam
395 3799 510 3879 quidem
533 3800 698 3860 hominibus
721 3799 892 3881 apparuisse
908 3815 1049 3880 persaepe
1068 3794 1214 3869 diximus,
1238 3813 1293 3856 neo
1310 3807 1434 3877 cepvn.

137 3914 262 3976 unquam
287 3893 405 3958 inficiati
429 3919 541 3960 surinus.
587 3897 665 3959 Nam
689 3899 713 3960 si
732 3920 882 3962 sacrarum
911 3898 1060 3960 literarum
1094 3896 1297 3958 auctoritatem

135 4017 296 4080 negemus,
331 3999 486 4059 ueritatem
512 4019 569 4058 non
595 3999 760 4110 sequimur,
795 4000 883 4063 stab
906 4021 941 4062 oa
966 3997 1081 4079 lanugine
1112 3996 1296 4062 aberramus.

136 4099 244 4163 Au
221 4121 246 4163 su
261 4109 356 4193 retus
380 4110 584 4162 testamentum
613 4097 779 4176 reiiuimns,
811 4119 869 4163 non
893 4099 1046 4184 amplius
1039 4119 1067 4160 ur
1086 4100 1227 4162 catholica
1249 4121 1299 4163 eu·

136 4200 226 4265 etesia
249 4178 416 4265 neriaemur.
464 4201 577 4286 Atqui
570 4224 599 4264 ιιι
619 4203 774 4282 evangelio
798 4203 936 4285 seriptum
960 4210 1022 4263 est.
1049 4207 1135 4262 Benm
1157 4223 1235 4262 neum
1258 4207 1412 4267 ιιιὲιοιιιιι,
1419 4212 1452 4257 te.

135 4307 179 4365 dr't
195 4325 336 4385 umqum,-
372 4309 534 4384 unigenitus
555 4308 661 4365 deur
647 4325 706 4384 ipse
729 4307 869 4364 unussrnmt
916 4300 1076 4366 Praeterea
1100 4304 1201 4366 eadem
1225 4303 1298 4365 suri·

43 4418 45 4422 '
92 4400 97 4413 '
135 4415 236 4495 ptura,
269 4411 432 4488 Apparuit,
467 4406 578 4491 inquit,
608 4410 677 4468 deus
691 4407 835 4479 Abruum,
869 4417 1020 4466 sumerset
1036 4409 1066 4467 iu
1081 4409 1294 4485 Mesopotamiis.
1316 4417 1391 4460 aar
1325 4414 1436 4512 mapa

135 4500 242 4591 Quin
233 4528 298 4594 ipse
322 4509 502 4574 domiuusin
519 4507 693 4593 euangelio,
725 4511 849 4588 Augelr,
886 4506 997 4592 inquit,
1030 4529 1125 4568 eurum
1146 4507 1300 4587 uudeutsu·
1338 4519 1372 4572 ιι,
1386 4518 1418 4563 ιι

1047 4608 1097 4673 2-

1362 4746 1452 4863 ‘is
