3096 5070
359 297 497 351 rnnann
514 299 578 350 nm.
589 300 633 352 nr.
651 299 734 350 ron.
747 301 766 351 ι.
780 298 881 351 naun.
897 300 1016 351 nxxve
1202 288 1263 354 tta

111 416 317 495 substantiam,
342 439 397 482 nec
414 419 551 498 alienam,
577 431 713 504 tanquam
729 421 804 484 lacta
817 421 867 498 sit,
892 421 943 482 scd
957 419 1116 483 secundnm
1129 419 1267 486 substan-

111 521 183 588 tiam
204 521 352 605 genitam,
387 542 442 585 uec
464 543 481 584 a
503 523 639 606 genitore
662 533 796 608 putamus
824 522 962 586 alienam.
1009 516 1056 585 0b
1084 523 1113 585 id
1136 523 1266 589 increata

109 635 227 699 narret,
252 645 311 686 ιιοιι
336 624 432 704 lacta,
455 626 507 688 sed
531 645 571 688 ex
593 623 656 709 ipsa
679 625 725 687 dei
748 624 910 690 substantia
934 623 1053 708 genita,
1078 646 1172 709 neque
1195 635 1267 688 tenr-

109 727 174 814 pori
198 726 341 790 subiecta.
387 724 504 812 Quippe
525 727 642 810 genitor
663 727 726 812 ipse
744 727 866 812 tempori
890 748 1072 810 nequaquam
1095 727 1213 804 subest,
1237 738 1269 790 ut

109 829 318 915 temporariam
334 829 525 891 substantiam
543 830 693 914 producat.
739 827 817 893 Nam
841 829 1002 893 cuiusmodi
1019 831 1156 912 estquod
1172 829 1268 912 gigni·

110 943 177 1010 tur,
203 931 268 994 talis
288 940 336 993 est
355 940 387 992 et
400 931 535 1013 genitor,
558 941 589 994 et
605 931 736 994 vicissim
760 932 855 1015 qualis
876 929 994 1015 genitor
1015 944 1078 1009 est,
1103 931 1161 996 tale
1179 933 1267 995 ctiam

111 1046 158 1101 est
177 1033 255 1119 qnod
277 1031 418 1117 gignitur.

197 1135 278 1200 Aetli
295 1131 393 1219 Caput
408 1132 462 1197 Vl.
488 1133 521 1199 Si
537 1134 697 1219 ingenitum
720 1135 850 1220 genitum
868 1146 930 1214 est,
955 1135 1022 1220 qnid
1045 1146 1125 1198 vetat
1145 1146 1178 1199 et
1194 1136 1270 1220 quod

115 1239 243 1324 genitum
272 1248 318 1300 est
341 1238 501 1320 ingenitum
531 1237 619 1301 lieri?
664 1233 769 1302 Omnis
794 1236 870 1300 enim
896 1247 998 1300 natura
1016 1239 1051 1301 ad
1070 1239 1098 1301 id
1116 1240 1192 1322 quod
1215 1237 1270 1301 sibi

116 1351 345 1404 consentaneum
363 1349 409 1404 est
431 1341 523 1423 magis
539 1362 624 1423 qnam
642 1343 677 1405 ad
694 1341 819 1404 alienum
843 1340 1087 1425 peregrinumque
1109 1341 1270 1403 contendit.

203 1437 324 1506 Conlut.
343 1440 397 1504 Vl.
432 1439 465 1506 Si
485 1443 560 1526 qnod
578 1443 739 1527 ingenitum
760 1452 808 1506 est
823 1444 942 1519 iecisse,
967 1463 1025 1505 non
1040 1444 1180 1527 genuisse
1194 1443 1272 1506 dica·

119 1555 184 1624 tur,
217 1544 256 1607 ita
279 1555 311 1608 ut
333 1555 456 1627 utraque
486 1545 559 1609 baec
582 1545 738 1631 appellatio
761 1566 813 1630 pro
837 1566 894 1607 una
918 1556 949 1607 et
971 1545 1071 1608 eadem
1099 1543 1272 1630 accipiatur,

118 1665 213 1732 nequa
229 1647 352 1711 alterum
375 1648 459 1710 alteri
483 1647 565 1711 velut
586 1669 626 1711 en
642 1648 768 1711 adverso
791 1647 973 1730 respondens
995 1648 1145 1712 contrario
1167 1668 1273 1711 revera

118 1748 261 1814 vocabulo
272 1749 310 1812 sit
324 1750 501 1834 oppositum,
520 1750 565 1813 vis
580 1749 757 1813 habitudinis
772 1749 863 1834 ipsius
881 1750 910 1811 in
926 1748 1019 1813 altero
1034 1750 1178 1814 disiuncta
1193 1750 1274 1835 peni·

120 1861 240 1930 tmen,
262 1871 356 1935 neque
373 1853 525 1936 quicquam
542 1852 629 1915 babet
642 1874 706 1916 cnm
723 1853 816 1915 altero
830 1872 996 1931 commune,
1015 1862 1134 1937 praeter
1147 1863 1275 1938 potesta-

119 1959 156 2018 tis
173 1955 436 2040 comparationem,
470 1955 544 2037 qnod
561 1965 697 2039 tanquam
716 1976 818 2019 caussa
836 1954 862 2016 id
877 1974 963 2017 omne
976 1955 1051 2038 quod
1064 1976 1080 2017 a
1094 1975 1130 2017 se
1143 1964 1274 2017 creatum

119 2068 165 2120 cat
183 2067 309 2120 naturae
332 2055 472 2139 dignitate
494 2069 624 2141 superet.
673 2056 733 2120 lam
757 2078 829 2120 vcro
851 2077 915 2119 cum
940 2057 1018 2119 inter
1038 2055 1084 2134 id,
1115 2057 1191 2140 quod
1215 2055 1275 2118 effi·

117 2158 212 2223 mend
236 2160 265 2222 ri
283 2158 443 2243 praeditum
466 2168 529 2236 est,
553 2169 640 2243 atque
655 2180 728 2244 opus
745 2159 881 2223 ellectum
900 2170 927 2221 et
942 2169 1107 2222 creatorem
1131 2168 1275 2221 croatam·

117 2281 174 2344 qua
197 2281 259 2324 rem
282 2261 339 2324 alia
361 2261 502 2344 quaedam
525 2261 678 2325 interiecta
695 2261 734 2323 sit
753 2261 927 2346 appellatio,
952 2281 1026 2344 quae
1043 2270 1075 2323 ιιι
1091 2259 1126 2322 ad
1150 2258 1273 2342 ingeniti

116 2363 372 2440 nonannoeane,
396 2361 439 2425 sic
458 2383 474 2424 a
495 2362 655 2428 conditoris
679 2363 797 2427 nomine
814 2362 955 2426 remotior
971 2371 1035 2439 est,
1061 2361 1126 2424 lieri
1149 2382 1208 2424 non
1224 2383 1276 2446 po·

117 2475 189 2543 test,
214 2464 300 2543 neti,
324 2464 365 2527 uti
383 2465 595 2528 confundamus
615 2466 731 2543 omnia,
756 2477 843 2549 atque
861 2486 901 2528 cx
919 2464 1039 2547 ingenio
1062 2474 1111 2526 tuo
1128 2465 1276 2547 perlectae

119 2566 322 2651 appellationis
337 2565 570 2630 communionem
587 2567 723 2631 tollamus
738 2567 874 2646 emedio,
892 2588 967 2652 qnae
981 2566 1140 2629 habitudini
1153 2565 1193 2628 illi
1206 2586 1276 2627 con·

119 2668 220 2746 venit,
243 2688 300 2751 qua
321 2689 386 2732 cnm
409 2679 490 2751 patre
513 2669 709 2752 sempiternus
731 2670 827 2748 lilius,
853 2670 1060 2753 increatusqnc
1079 2678 1274 2753 comparatur.

120 2765 202 2832 Fieri
219 2769 288 2831 item
310 2790 367 2832 non
391 2780 488 2854 potest
510 2784 540 2834 ut
563 2771 693 2856 ingenita
715 2771 905 2857 incusataque
928 2784 1031 2836 natura
1052 2781 1152 2836 creata
1170 2769 1210 2833 sit
1225 2769 1278 2832 uli·

118 2873 254 2957 quando,
290 2871 327 2934 ab
350 2892 441 2956 eaque
472 2885 589 2938 creatae
620 2875 662 2937 rei
687 2875 873 2953 conditione,
911 2876 991 2939 velut
1012 2873 1207 2960 poenitendo,
1242 2871 1278 2934 ad

119 2976 247 3060 priorem
271 2973 349 3038 illum
378 2974 500 3058 ingeniti
529 2987 636 3039 statum
667 2977 845 3062 postliminio
874 2988 1058 3056 revertatur,
1092 2974 1279 3060 quantumuis

119 3076 321 3141 Aristotelicis
344 3079 401 3140 tuis
423 3076 496 3140 iisce
518 3077 642 3141 inlicitis
659 3079 879 3163 quaestionibus
896 3080 1046 3165 implicare
1068 3099 1123 3142 nos
1144 3078 1277 3156 studeas,

119 3179 242 3243 coelesti
264 3200 298 3242 ac
319 3179 443 3263 simplici
472 3191 610 3265 castaque
631 3181 753 3266 spiritus
774 3183 870 3246 sancti
893 3182 1024 3245 doctrina
1047 3181 1198 3245 derelicta.

206 3281 286 3344 Aelii
302 3276 400 3366 Caput
415 3279 487 3346 Vll.
533 3281 567 3347 Si
591 3283 663 3348 deus
689 3285 808 3347 omnino
831 3285 869 3348 sit
890 3284 1056 3368 ingenitus,
1089 3282 1160 3347 nibil
1185 3283 1278 3366 ipsum

120 3381 255 3467 probibet
276 3387 435 3448 secundnm
465 3396 599 3448 naturam
626 3388 876 3472 substantiamque
899 3387 1056 3471 genuisse:
1089 3386 1135 3448 sin
1163 3386 1279 3472 pertitus

120 3494 169 3547 est
189 3485 353 3568 ingenitus,
385 3509 443 3550 non
467 3496 513 3550 est
529 3489 688 3552 secundnm
706 3489 897 3553 substantiam
921 3491 956 3554 ad
979 3489 1200 3573 generationem
1219 3485 1280 3550 dia·

123 3595 254 3668 tractus,
278 3590 329 3652 scd
347 3590 423 3673 quod
440 3591 558 3672 genuit,
584 3600 728 3672 potestate
751 3613 785 3654 ac
810 3592 947 3655 laenitate
970 3592 1119 3677 produxit.

207 3685 330 3754 Conlut.
350 3687 421 3754 Vll.
446 3689 485 3753 Et
503 3701 582 3754 totus
598 3691 746 3774 ingenitus
767 3706 812 3755 est
830 3693 1037 3778 increatusquc
1059 3693 1147 3769 deus,
1182 3701 1212 3753 et
1231 3688 1280 3773 qni

122 3791 160 3855 sb
174 3791 238 3877 ipsc
252 3793 369 3877 genitus
384 3804 430 3855 est
446 3792 607 3869 increatus,
634 3802 665 3854 nt
680 3803 710 3855 et
725 3804 844 3858 sanctus
861 3795 938 3860 illius
955 3795 1088 3879 spiritus,
1112 3791 1196 3856 onius
1217 3802 1280 3854 tan·

122 3904 224 3979 tepere
240 3893 489 3958 existimationem
510 3895 628 3973 elevas,
653 3895 816 3958 acarnalis
836 3906 866 3958 et
882 3896 1015 3960 animalis
1035 3893 1117 3972 neti,
1140 3896 1431 3974 sperant-morans

123 4007 221 4079 terque
236 4000 409 4058 dlabdr'cotel
452 3996 550 4061 Habet
563 3998 617 4061 boc
633 4017 738 4082 porro,
763 4007 795 4059 ut
811 3997 848 4060 ab
868 3998 931 4083 ipsc
948 4000 1105 4083 procedat,
1137 3995 1280 4079 singulari

124 4101 246 4183 quadam
265 4109 296 4162 et
313 4098 423 4163 eximia
444 4099 575 4178 ratione,
607 4120 763 4184 quaecum
783 4100 890 4163 ceteris
909 4100 1043 4162 omatibus
1059 4118 1134 4183 quaa
1149 4121 1187 4159 ear
1206 4103 1277 4179 apso,
1294 4105 1413 4158 cotnra

119 4223 174 4283 per
185 4206 287 4283 ipsam,
311 4203 388 4263 stab
404 4205 465 4283 r'pso
482 4215 580 4265 creata
595 4214 676 4282 sunt,
701 4202 865 4288 comparari
878 4201 989 4285 nequit.
1023 4200 1171 4285 Quocirca
1185 4221 1282 4285 nequc

123 4325 190 4368 cum
207 4303 244 4366 iis
262 4303 351 4366 rebus
365 4324 519 4367 conrnune
537 4315 584 4367 est
598 4306 626 4368 ei
647 4306 820 4390 quicquam,
846 4323 900 4366 nec
920 4303 993 4367 istae
1012 4322 1195 4367 cornmunem
1215 4324 1280 4367 cum

96 4391 98 4396 ⁵
125 4405 176 4467 illo
192 4405 363 4489 dignitatem
379 4405 529 4470 vindicare
551 4406 606 4470 sibi
630 4418 764 4493 possunt.
811 4404 928 4469 Etenim
947 4406 1167 4490 praetervolant
1182 4429 1217 4471 ac
1232 4429 1280 4471 ce·

159 4539 184 4590 ‘L
201 4531 275 4603 ὅλος,
298 4546 333 4592 uti
349 4557 422 4607 supro
439 4548 517 4604 catat,
544 4543 611 4593 codd.
629 4558 683 4594 msa.
701 4544 764 4610 (cod.
784 4547 829 4596 lca.
847 4558 900 4594 eum
917 4544 1025 4611 rasura).
1060 4537 1125 4604 ὅλως
1142 4545 1206 4595 eunt

1003 4635 1042 4697 16
1058 4630 1076 4669 *
