3096 5070
363 285 642 340 cantariorum.
666 284 747 336 rom.
766 286 796 334 ιι.
821 283 935 335 exros.
952 284 1017 335 ιιι).
1034 281 1175 335 carnot.
1286 269 1344 334 tut

192 406 296 492 quibus
321 407 449 492 prodens
471 405 538 468 illud
564 405 686 488 quisque
714 403 798 467 facile
824 414 921 488 potest
940 403 1174 466 animaduertere
1198 413 1289 465 etex
1312 423 1347 466 ea

192 509 363 595 quaestione
376 507 519 586 indicare,
544 517 657 591 tempus
673 527 760 568 omae
773 504 803 568 in
818 502 910 568 LXll
925 505 1133 589 generationes
1148 505 1184 568 at
1199 501 1348 569 Christum

192 631 285 696 usque
300 611 450 674 redactum
472 609 580 687 luisse,
613 621 767 692 propterea
788 608 863 692 quod
880 607 1018 691 deinceps
1036 617 1100 691 post
1118 603 1286 685 Christum,
1319 618 1351 669 ut

192 714 285 778 exiis
305 732 380 797 quae
396 713 541 796 disputata
558 721 626 773 suut
646 722 784 796 apparet,
814 709 912 772 mundi
929 719 1060 793 temporo
1080 731 1138 772 non
1155 709 1278 793 amplius
1298 729 1351 792 per

191 814 382 900 genealogias
406 813 518 897 digesta
538 824 618 876 sunt.
664 811 723 896 Qui
742 813 857 896 quidem
876 812 999 876 muudus
1015 811 1045 874 in
1064 833 1121 875 uua
1137 811 1186 891 illa
1205 832 1348 875 annornm

191 918 367 980 collectione
387 915 597 1000 perfectionem
614 914 736 998 adeptus
753 924 810 993 est,
834 935 920 998 quam
938 912 1125 978 immutabilis
1140 935 1175 977 ac
1192 913 1285 977 solida
1302 913 1348 977 dei

192 1020 328 1113 uoluptas
343 1017 520 1101 obsignavit.
561 1014 662 1100 Quare
676 1017 713 1080 ab
729 1016 782 1080 hac
798 1017 899 1080 eadem
916 1016 1037 1101 abrupta
1054 1017 1268 1101 terminataque
1283 1037 1350 1080 sae-

131 1118 136 1130 ’
192 1122 250 1185 culi
267 1119 497 1198 consummatio,
522 1120 602 1182 etad
620 1139 725 1182 aevum
746 1119 873 1181 loturum
891 1128 923 1181 ut
940 1117 1096 1202 impleatur
1113 1120 1256 1183 traducta.
1302 1115 1350 1184 0b

191 1223 221 1286 it
238 1223 360 1299 dicitur,
388 1226 448 1285 Uno
464 1234 509 1283 est
521 1223 650 1283 columbo
667 1243 743 1295 meu,
766 1223 894 1303 perfaceto
911 1243 987 1296 meo,·
1019 1221 1102 1305 quasi
1122 1220 1152 1283 in
1172 1221 1264 1305 ipsam
1285 1221 1349 1284 uni·

192 1345 279 1388 versa
296 1325 446 1403 desinant,
471 1333 602 1409 tempora
619 1324 772 1402 uidelicet,
805 1323 875 1386 anni
890 1345 924 1386 ac
941 1322 1164 1407 generationum
1182 1323 1347 1402 intervalla,

191 1424 256 1492 sire
284 1447 336 1511 per
357 1447 463 1511 reges,
495 1428 559 1492 sive
576 1446 628 1511 per
647 1426 801 1506 consules,
834 1426 898 1489 sive
915 1446 968 1510 per
985 1422 1175 1510 Olympiadas
1193 1435 1243 1487 aut
1259 1425 1350 1510 magi·
1366 1442 1491 1495 cures

191 1539 302 1594 stratus
318 1540 479 1615 temporum
496 1530 588 1614 spatia
612 1540 814 1593 numerentur.
861 1525 1021 1614 Octoginta
1039 1549 1127 1612 porro
1145 1526 1264 1611 pellices
1282 1538 1350 1591 snut

191 1630 271 1696 inter
287 1632 405 1714 reginas
419 1632 609 1709 interiectae,
633 1632 720 1694 etiam
741 1627 871 1709 Christi,
896 1652 952 1716 qua
969 1631 1057 1694 homo
1074 1641 1136 1707 est,
1158 1650 1252 1714 reguo
1272 1630 1350 1712 prio·

191 1755 253 1812 res,
279 1733 333 1796 boc
348 1745 393 1796 est
405 1733 460 1796 lide
477 1733 596 1818 ipsaque
611 1754 720 1818 sponsa
735 1733 892 1817 pariterue
906 1732 1185 1818 virgineetillibatu
1201 1732 1346 1811 columba,

192 1858 267 1922 quae
290 1835 374 1899 unica
398 1835 482 1898 matri
506 1846 551 1899 est
573 1845 661 1917 atque
683 1834 833 1916 genitrici.

277 1934 427 2022 Siquidem
446 1936 571 2000 ecelesia
590 1937 626 2000 ab
644 1958 700 2000 uua
719 1935 774 2000 lide
789 1937 906 2020 genita,
936 1957 971 1999 ac
989 1957 1041 2021 per
1060 1937 1193 2021 spiritum
1216 1947 1348 2001 sanetum
1368 1941 1483 2010 &pvb

190 2041 221 2104 iu
239 2041 333 2104 lucem
358 2039 453 2116 edita,
486 2037 572 2102 unica
595 2050 643 2102 est
664 2041 713 2102 uni
736 2039 931 2124 genitricique
953 2060 1035 2102 suae.
1082 2037 1161 2102 'l'um
1179 2059 1250 2103 vero
1266 2051 1350 2123 quot·

190 2164 314 2228 cumque
332 2142 503 2227 postillam,
529 2143 656 2205 velante
674 2142 856 2226 prodierunt,
882 2141 1000 2226 pellices
1016 2139 1215 2204 nominantur.
1261 2138 1347 2224 Quae

190 2245 290 2309 liceta
309 2255 503 2320 testamento,
535 2253 564 2306 et
591 2244 751 2306 hereditate
779 2265 837 2306 nou
855 2265 976 2328 prorsus
996 2241 1110 2305 alienae
1134 2243 1259 2319 luerint,
1285 2243 1347 2307 uul-

190 2347 247 2410 lsm
266 2358 363 2411 tamen
380 2368 396 2409 a
414 2346 505 2409 verbo
526 2345 623 2409 dotem
637 2345 844 2424 obtinuerunt,
869 2369 923 2409 nec
945 2347 1143 2409 infundentem
1162 2365 1195 2409 se
1216 2345 1349 2431 spiritum

191 2458 324 2513 sanctum
343 2450 372 2512 in
395 2449 503 2533 seipsis
522 2457 721 2533 exceperunt,
753 2448 804 2512 sed
822 2448 915 2512 solam
931 2470 995 2512 curn
1012 2448 1104 2511 verbo
1120 2448 1150 2511 in
1168 2448 1349 2512 couscientia

190 2570 244 2614 sun
262 2551 509 2614 necessitudinem
532 2549 708 2615 habuerunt.
753 2548 912 2615 Praeclare
931 2551 1007 2615 euim
1025 2551 1099 2635 apud
1121 2548 1275 2613 Hebraeos
1288 2555 1350 2632 pet-

191 2656 255 2715 b‘ee'e
279 2654 434 2738 appellatio
458 2653 640 2738 coneipitur,
673 2675 738 2716 cum
761 2657 975 2735 Phelegesestbo
999 2653 1117 2716 dieitur.
1173 2651 1229 2716 Est
1251 2663 1346 2716 autem

190 2757 295 2834 Pheleg
316 2755 406 2818 latine
426 2759 587 2831 demetrium·
619 2760 699 2817 estha
715 2755 867 2820 mulierem
889 2756 1052 2840 siguificat,
1086 2766 1118 2818 ut
1140 2757 1216 2819 idem
1233 2755 1272 2818 ait
1289 2756 1351 2840 pel·

191 2855 258 2931 lex,
283 2877 318 2919 ac
334 2855 482 2919 dimidiata
499 2858 614 2922 mulier.
659 2855 739 2921 Nam
757 2859 832 2943 quod
852 2859 1050 2921 abdominum
1069 2869 1200 2943 spectat,
1233 2858 1351 2920 uuiver-

191 2976 242 3020 sos
257 2956 306 3020 ille
320 2957 441 3022 liberam
457 2960 492 3021 ad
509 2960 602 3023 lucem
619 2961 755 3039 vocavit,
780 2959 825 3023 his
842 2961 958 3038 verbis,
989 2966 1061 3022 Dum
1085 2965 1173 3022 lucem
1191 2962 1299 3022 baberet
1321 2966 1351 3023 in
1384 2976 1463 3022 ιοιιι.

192 3061 286 3132 nobes,
310 3062 460 3122 ambulate.
508 3058 565 3126 Cui
585 3063 778 3149 adstipulatur
792 3063 961 3148 apostolus,
988 3069 1058 3138 Vos,
1084 3063 1188 3147 inquit,
1211 3068 1351 3126 dr’er'estir
1370 3027 1479 3126 Ciuili,

182 3164 263 3241 filii,
288 3175 318 3223 et
332 3165 405 3225 Iners
417 3166 492 3244 filei.
539 3161 612 3229 luem
632 3166 691 3230 alio
706 3167 734 3228 iu
752 3165 916 3249 scripturae
932 3165 1013 3242 loco,
1039 3169 1179 3244 Qnr‘mcle
1193 3171 1266 3247 ugit,
1291 3131 1504 3236 curabiles

191 3268 291 3338 lucem,
316 3287 367 3327 neo
381 3271 493 3328 cecedit
508 3272 548 3328 od
562 3272 662 3330 lucem.
710 3265 762 3330 Sic
776 3267 865 3351 igitur
880 3267 999 3352 pellices
1020 3289 1078 3331 uou
1094 3269 1188 3352 palam
1206 3271 1351 3354 perlecte·

191 3388 266 3451 qne,
292 3387 346 3430 nec
364 3368 481 3431 dotatae
498 3369 642 3434 ducuntur
659 3390 675 3430 a
697 3369 788 3447 viris,
812 3390 849 3432 ac
867 3371 982 3432 tauretsi
1000 3371 1168 3434 nonnullam
1188 3393 1252 3434 cum
1271 3371 1350 3434 virn-

190 3490 254 3532 rum
271 3468 441 3553 corporibus
464 3471 710 3534 necessitudinem
731 3472 924 3550 contrahant,
957 3472 1066 3536 liberae
1088 3473 1276 3537 nihilomiuus
1298 3473 1350 3536 ho·

190 3592 264 3635 nore
283 3571 416 3654 coniugis
433 3581 463 3634 et
479 3571 694 3656 appellatione,
717 3594 753 3635 ac
771 3573 926 3651 firmitate,
951 3575 1036 3653 dote,
1071 3574 1248 3661 nuptialibus
1265 3577 1349 3640 donis

190 3694 225 3738 ac
239 3674 422 3750 muneribus,
446 3673 576 3756 legitima
590 3674 715 3757 denique
731 3675 938 3739 coniunctione
954 3688 1067 3740 carent.
1115 3677 1269 3741 Eiusmodi
1281 3688 1351 3742 suunt

189 3778 338 3862 octoginta
354 3776 421 3839 illae
439 3775 607 3860 singillatim
625 3797 642 3840 a
660 3795 707 3837 me
724 3777 908 3859 percensitae
926 3778 1076 3843 haereses.
1122 3776 1155 3842 lu
1173 3780 1277 3863 quihus
1297 3781 1350 3844 mi·

189 3901 254 3943 rum
271 3879 339 3942 ittuu
357 3880 451 3943 sideri
469 3879 577 3943 nemini
595 3877 693 3953 debet,
717 3875 788 3940 siiu
804 3900 976 3964 unaquaque
993 3882 1116 3965 regione
1135 3881 1267 3965 singulae
1284 3883 1349 3946 aliis

188 3983 360 4067 quibusdam
381 3981 546 4045 nominibus
572 3980 644 4043 affici
664 3980 790 4042 soleant.
838 3977 918 4062 Quin
941 3993 972 4045 et
990 3983 1058 4046 illud
1080 3982 1286 4048 observatione
1306 3987 1349 4048 di-

189 4106 277 4168 gnnm
294 4096 358 4161 est,
390 4104 603 4170 saepenumero
621 4081 780 4167 quamlibet
797 4103 849 4165 per
866 4104 933 4146 sese
958 4084 1093 4148 haeresin
1114 4085 1238 4148 scissam
1256 4109 1290 4151 ac
1306 4088 1348 4150 di·

189 4186 282 4248 visam
302 4186 400 4250 varias
417 4188 446 4250 iu
462 4197 560 4270 partes
579 4196 609 4248 et
625 4185 768 4249 vocabula
784 4185 918 4248 distrahi.
964 4183 1067 4268 Quod,
1099 4188 1224 4267 urrist,
1256 4190 1348 4253 admi·

190 4287 248 4349 rari
274 4309 332 4351 non
357 4299 491 4374 oportet;
526 4309 560 4351 ac
582 4288 667 4373 plane
686 4288 727 4352 ita
745 4307 813 4351 sese
836 4309 884 4351 res
902 4288 1000 4353 hahet.
1047 4286 1187 4354 Ceterum
1204 4288 1346 4356 LXXX!

189 4458 250 4518 dr'te,
277 4463 304 4507 ut
326 4461 398 4522 rotet,
423 4461 752 4521 emmeramensem
784 4463 878 4522 Bonn,
905 4463 946 4512 ubi
962 4464 1032 4513 etium
1051 4463 1112 4514 bunc
1127 4465 1208 4514 ettoctt
1224 4465 1343 4528 Eptptront

191 4528 215 4575 tn
233 4527 317 4579 Leonte
335 4529 403 4581 Dice.
419 4530 477 4580 tun
501 4542 559 4593 pop·
571 4524 623 4581 430
638 4542 671 4594 eo.
681 4564 689 4592 ,
714 4531 750 4579 ed.
786 4531 868 4581 torum.
