3096 5070
374 280 652 335 centesimarum
668 280 1039 334 nom.t.nsnn.nxxur.
1226 272 1287 336 tao

126 405 244 470 illorum
268 423 321 468 ore
345 422 446 468 sermo
472 401 608 466 veritatis
631 402 782 496 suiectus,
812 412 845 467 ut
863 401 972 465 utillum
990 400 1016 464 is
1035 401 1158 465 tractum
1181 402 1292 468 sentiat

126 507 176 593 qui
197 508 242 572 sic
263 516 419 594 precatura
442 508 489 568 Ne
507 506 625 586 auferas
646 507 759 572 uerbum
781 509 910 567 ueritatis
930 527 968 566 ea
989 527 1039 566 ore
1059 511 1137 567 meo!

211 607 406 694 Quandonam
425 628 499 672 vero
512 606 582 671 illud
600 607 725 671 accidit?
769 603 845 672 Cum
866 607 962 691 legem
986 607 1127 692 quispiam
1148 618 1288 693 perpetuo
1332 610 1393 675 cap.

127 735 186 778 non
201 713 359 794 observat,
390 732 457 776 cum
477 709 508 773 in
525 709 678 773 latitudine
698 731 756 773 non
773 709 912 773 ambulat.
959 698 1074 795 Quippe
1090 710 1222 773 collaturi
1239 731 1292 774 cor
1318 678 1407 729 xxx‘

127 836 252 881 necesse
276 827 324 881 est
347 815 413 879 eius
436 813 487 898 qni
507 811 736 876 inambulantem
757 808 909 877 Christum
930 811 1064 895 recipere
1086 811 1175 892 velit,
1210 813 1293 876 cuius

126 918 251 1004 gloriam
276 939 334 982 non
359 915 512 993 bomines,
544 915 596 979 sed
623 913 699 978 coeli
723 914 904 1000 praedicant.
959 918 1041 977 Coele·
1061 921 1134 977 earm
1157 926 1446 998 eacrrcmpmpp,

124 1026 252 1104 glaream
269 1025 333 1096 dei,
356 1018 405 1083 vel
424 1017 550 1103 ipsemet
566 1017 663 1103 potius
681 1028 766 1102 pater
784 1018 901 1096 dicens,
933 1022 988 1080 Hic
1002 1030 1046 1080 est
1056 1020 1145 1099 filetus
1158 1039 1236 1080 meus
1251 1021 1447 1100 ds2p.,p‚³‚11‚

38 1129 40 1132 ’
128 1126 234 1198 lectus,
270 1127 300 1184 in
324 1144 379 1203 qao
400 1123 472 1183 midi
488 1123 598 1202 placui.
652 1115 750 1202 Quem
774 1121 890 1205 quidem
914 1120 1048 1184 confiteri
1074 1140 1160 1184 nomo
1186 1129 1293 1205 potest,

129 1226 177 1310 qui
193 1230 223 1287 ia
238 1227 356 1287 subdiac
368 1226 502 1306 loquutur
520 1226 694 1305 eieiqm'tctem
709 1226 749 1284 cd
757 1228 919 1305 promiscam
934 1245 1034 1301 snum,
1058 1222 1083 1286 ei
1100 1223 1131 1285 in
1148 1222 1288 1286 atrticbri·
1300 1251 1446 1304 pnpmpqa,

129 1337 241 1391 storum
259 1326 337 1391 illum
356 1336 471 1390 coetum
489 1324 771 1411 appellationemque
789 1325 932 1410 pelliciat,
956 1348 974 1390 a
991 1322 1227 1391 Christianorum
1247 1345 1295 1389 or-

130 1427 198 1492 dine
216 1440 247 1493 et
259 1428 452 1514 appellatione
470 1427 648 1507 distractus,
680 1428 716 1492 do
733 1428 838 1512 quibus
860 1428 1000 1514 scriptum
1021 1438 1085 1508 est,
1118 1431 1216 1491 Nolite
1231 1440 1294 1490 taa-
1320 1449 1404 1494 enata.

127 1553 199 1612 gere
215 1535 343 1595 Clrs'stos
358 1553 443 1594 meas.
491 1533 560 1610 (lm‘s
577 1535 650 1593 earm
665 1542 725 1606 est,
760 1531 872 1616 inquit,
904 1536 1041 1607 mamae,
1072 1513 1296 1613 ae‘siquiaegcl
1318 1501 1422 1598 litabis.

130 1640 221 1698 Iesum
238 1656 299 1698 esse
319 1637 486 1697 Christum?
528 1638 583 1696 Hic
600 1644 660 1708 est,
696 1634 807 1717 inquit,
839 1637 1046 1696 Antichristus.
1093 1637 1167 1695 Nam
1184 1638 1296 1715 qairre-
1319 1605 1389 1662 w

128 1740 306 1819 gulfils'um,
329 1759 419 1819 neque
439 1747 550 1817 patrem
568 1736 667 1809 babet,
692 1747 722 1825 et
737 1737 890 1816 qaifileism
906 1739 1075 1818 coafitetur,
1107 1758 1163 1798 aaa
1179 1738 1296 1817 confite·

132 1853 180 1903 tur
195 1852 224 1903 et
234 1852 357 1921 putrem.
400 1842 482 1919 (laod
496 1843 603 1919 agatem,
628 1836 740 1922 inquit,
763 1839 800 1898 ab
816 1843 897 1900 abitio
914 1843 1046 1913 audaste's,
1071 1851 1183 1901 moneat
1197 1842 1251 1900 boc
1265 1843 1295 1902 ia

131 1944 226 2006 octa.-
250 1953 278 2005 et
291 1946 321 2004 si
333 1953 459 2015 munem,
484 1939 596 2025 iuquit,
619 1942 831 2022 succlamat
844 1944 881 2003 ab
899 1947 980 2004 amabis
996 1946 1133 2016 cadmus,
1158 1955 1188 2003 et
1201 1963 1249 2004 uos
1266 1946 1296 2004 in

125 2047 197 2127 filio
213 2045 361 2107 mubebr'tis
377 2054 406 2105 et
420 2048 450 2105 eie
462 2054 556 2124 putre.
602 2041 694 2127 Atqui
714 2054 774 2107 tum
800 2045 916 2107 demum
938 2043 1138 2123 manebimus,
1162 2066 1227 2108 cum
1246 2064 1297 2108 co·

133 2169 195 2212 rem
213 2147 268 2210 deo
286 2156 318 2211 ot
332 2143 436 2210 electis
452 2144 578 2230 angelis,
599 2146 651 2209 sed
667 2156 698 2210 et
712 2167 811 2211 coram
830 2146 1009 2233 principibus
1025 2147 1090 2211 sine
1109 2146 1168 2210 ullo
1184 2147 1294 2231 pudore
1391 2151 1392 2154 ’

132 2249 350 2314 confitebimur.
395 2249 546 2330 loquebar
559 2253 646 2323 euim,
672 2248 777 2334 inquit,
801 2255 837 2313 de
849 2255 1014 2312 tenementis
1029 2256 1086 2311 tuis
1099 2253 1129 2311 ia
1143 2260 1293 2329 conspectu
1325 2278 1417 2323 pm·

133 2374 248 2434 regma,
284 2363 313 2415 et
327 2372 383 2414 soa
404 2351 607 2432 confundebar.
656 2348 690 2417 Si
709 2352 763 2417 boc
781 2354 943 2431 fateamur,
974 2351 1109 2436 iuquam,
1141 2351 1188 2415 dei
1209 2350 1297 2415 lilium
1325 2333 1417 2386 ”W

135 2455 220 2520 deum
237 2474 304 2520 esse
322 2454 358 2518 de
375 2454 451 2533 deo,
473 2474 564 2518 nuum
580 2474 620 2517 ex
636 2475 707 2532 uno,
731 2455 914 2538 unigenitum
932 2475 969 2518 ex
986 2455 1136 2538 ingenito,
1160 2453 1299 2516 eximiam

135 2559 279 2643 quandem
305 2556 477 2641 generantis
498 2556 653 2637 sobolem,
683 2557 858 2643 dignumque
880 2558 1010 2621 carentis
1037 2556 1179 2643 principio
1195 2555 1297 2635 lilium,
1366 2542 1368 2547 ’

135 2659 292 2723 ineffabilis
317 2658 494 2722 ineffabilem
517 2659 727 2744 interpretem,
761 2660 882 2724 verbum
908 2661 1080 2744 sapientiam
1107 2679 1142 2721 ao
1160 2657 1298 2722 virtutem

137 2759 200 2824 eius
216 2760 264 2845 qui
281 2761 453 2845 sapientiam
469 2782 504 2824 ac
521 2761 659 2826 virtutem
676 2783 791 2826 omnem
809 2763 945 2839 excellit,
970 2782 1058 2848 snpra
1075 2762 1102 2825 id
1120 2781 1207 2824 omne
1222 2759 1300 2844 qnod

138 2863 186 2927 vel
202 2863 300 2948 eloqui
316 2865 433 2949 lingna,
454 2862 503 2928 vel
519 2863 633 2947 agitare
651 2865 757 2928 mentis
775 2865 968 2949 intelligentia
986 2874 1100 2950 potest,
1125 2865 1296 2949 perlectam,

137 2963 274 3049 inquam,
297 2965 447 3046 sobolem,
479 2976 511 3029 et
526 2966 662 3030 stabile·
682 2986 722 3031 ex
741 2970 892 3053 perlecto,
924 2977 954 3030 et
970 2968 999 3030 io
1016 2967 1120 3030 eodem
1137 2976 1215 3029 statu
1232 2984 1299 3050 per-

136 3078 291 3148 manente3
322 3089 397 3153 quae
416 3067 531 3153 'quidem
550 3069 670 3134 soboles
688 3091 784 3155 neque
806 3092 823 3134 a
843 3080 925 3155 putre
947 3070 1104 3155 profluxit,
1139 3088 1299 3133 necesse·
1422 3056 1424 3060 ¹

137 3181 185 3235 cta
200 3180 263 3249 est,
287 3171 336 3236 vel
352 3170 497 3236 divisione
517 3184 697 3259 propagata,
722 3174 774 3236 sed
791 3174 864 3237 eitra
886 3174 1052 3259 passionem
1072 3173 1246 3257 integreque
1263 3171 1300 3234 ab

138 3293 174 3339 eo
191 3272 337 3360 processit
358 3274 407 3358 qni
426 3274 495 3338 nibil
513 3295 613 3340 eorum
632 3275 737 3360 quibus
754 3277 903 3360 praeditus
929 3286 1011 3340 essct
1028 3275 1173 3339 amiserit.
1220 3273 1300 3339 Tum

138 3376 263 3441 eundem
280 3376 464 3441 illumilium
489 3377 610 3442 verbum
629 3399 698 3442 esse
715 3376 847 3463 dicique,
879 3399 937 3442 non
955 3399 1058 3442 vocem
1074 3387 1124 3441 aut
1142 3377 1300 3440 dictionem

138 3479 249 3564 patris,
280 3479 429 3562 intelligit.
482 3476 632 3564 Siquidem
658 3501 711 3564 per
736 3500 770 3544 se
795 3480 845 3544 illc
867 3481 1003 3545 subsistit
1026 3490 1056 3543 et
1078 3479 1158 3562 agit,
1190 3499 1226 3540 ac
1248 3493 1446 3558 perbonam.

137 3586 228 3662 ἰριωη
244 3586 351 3656 ωιυιία,
384 3586 735 3663 etmrpscsuatcmam.
784 3581 1035 3666 Quemadmodum
1055 3582 1095 3645 ita
1116 3581 1166 3644 ille
1184 3579 1302 3665 sapien·

140 3681 181 3747 tia
196 3692 243 3746 est
256 3693 287 3746 ut
301 3681 392 3768 patris
407 3681 562 3766 cogitatio,
596 3683 643 3747 vel
661 3685 750 3748 motio
769 3685 896 3762 mentis,
928 3685 1043 3748 actiove
1060 3683 1178 3747 minime
1195 3682 1234 3746 sit
1251 3703 1302 3767 pn·

139 3784 263 3864 tendas,
295 3784 347 3847 sed
363 3782 467 3848 similis
490 3783 582 3870 putris
604 3784 740 3863 soboles,
772 3798 802 3850 et
819 3798 986 3850 accuratam
1005 3787 1034 3849 in
1051 3805 1119 3849 sese
1136 3783 1228 3868 patris
1242 3784 1303 3848 elii-

138 3886 217 3971 giem
242 3885 424 3972 exprimens.
478 3883 557 3950 Nam
589 3886 666 3950 bunc
691 3886 763 3951 deus
785 3899 868 3973 pater
891 3889 989 3973 sigillo
1013 3887 1095 3951 velut
1122 3884 1300 3970 obsignavit.

138 3987 246 4074 Neque
272 3988 316 4052 sic
334 3987 439 4052 existit
454 3987 484 4052 in
501 3988 597 4052 altero
614 3998 645 4051 nt
666 4007 719 4073 per
736 4009 804 4054 sese
823 3989 942 4054 minime
961 3989 1114 4054 subsistat.
1163 3984 1222 4053 Sed
1243 3990 1304 4053 elli·

140 4112 198 4156 cax
215 4091 330 4176 quidam
347 4090 396 4155 ille
414 4092 510 4156 iaetus
525 4102 583 4172 est,
608 4088 657 4176 qui
673 4099 764 4154 totum
782 4091 838 4155 boc
854 4091 1042 4170 universum,
1067 4089 1144 4174 quod
1160 4090 1302 4171 condidit,

140 4204 283 4281 perpetuo
302 4204 472 4259 consecrat.
518 4192 601 4259 llaec
615 4192 721 4258 idonea
737 4203 807 4258 sunt
820 4205 853 4257 ut
871 4214 925 4258 nos
941 4207 971 4258 et
987 4216 1004 4257 a
1022 4190 1203 4258 Graecorum
1221 4212 1304 4257 erro·

140 4315 189 4375 rs,
204 4294 266 4361 eta
281 4292 456 4363 ludaeorum
472 4297 694 4381 superstitione,
713 4307 744 4362 et
758 4295 794 4361 ab
806 4294 1021 4360 baereticorum
1038 4296 1151 4360 nelarie
1166 4295 1305 4383 opinione

142 4395 306 4467 vindicent·
355 4422 358 4427 ·

141 4528 201 4640 pfl,
220 4519 309 4641 1κᾴ
322 4518 427 4625 emp„
452 4491 632 4588 epilepticam
655 4522 705 4574 eod
775 4520 799 4572 5.
816 4515 862 4572 ecl
876 4533 921 4570 cm
938 4521 963 4570 io
975 4520 1030 4571 edit.
1044 4520 1127 4574 Pstnu.
1144 4519 1222 4571 Colca.
1236 4519 1309 4582 repet.

152 4586 512 4795 adempta&
1077 4674 1097 4739 9
