3096 5070
363 284 502 344 sennan
519 284 584 341 cre.
597 289 642 340 nr.
659 278 741 341 ron.
755 290 786 340 n.
804 288 904 341 naen.
917 287 1050 340 mvii.
1226 273 1286 341 401

131 435 190 478 non
207 411 275 476 illud
293 410 386 474 solum
410 431 468 495 quo
486 410 520 474 de
540 409 655 494 agitur,
686 409 784 473 sedet
802 408 1024 493 uliapermulta
1051 407 1289 493 profundioribus

131 513 288 580 sententiis
311 524 499 576 enarrantur.

113 618 118 633 '
215 613 305 680 Nune
316 627 412 680 antem
426 615 461 678 ad
476 615 532 677 alia
548 624 739 699 properantes
753 613 884 676 breviter
899 613 1073 675 admonendi
1089 633 1193 676 caussa
1209 612 1285 675 istud
1340 619 1400 685 cap.

131 721 327 806 aspersimus3
350 739 407 801 quo
423 716 579 800 religiosus
594 716 715 800 quilibet
728 714 989 795 animadverteret,
1010 716 1183 800 quicumque
1198 688 1445 778 semelxxxvffl'

131 824 307 886 constitutos
330 819 360 882 in
382 818 508 881 eccbsia
533 817 675 881 terminos
700 839 735 882 ae
755 818 943 902 propheticae
965 830 995 881 et
1011 818 1189 903 apostolicae
1213 817 1290 896 bdei,

131 945 216 1010 quum
236 923 370 986 traditam
388 920 572 1005 accepimus,
607 919 816 1003 doctrinaeque
834 941 915 1005 spem
934 919 1033 1005 egredi
1053 921 1196 998 voluerit,
1229 921 1293 982 eius

132 1027 261 1090 animum
281 1043 321 1085 ex
337 1021 479 1086 levissimi
502 1021 625 1084 alicuius
643 1024 799 1085 occasione
819 1023 886 1085 dicti
906 1023 935 1085 in
953 1044 986 1086 re
1004 1022 1117 1087 modica
1134 1044 1168 1085 ac
1185 1022 1292 1085 nullius

133 1147 227 1214 paene
247 1124 385 1188 momenti
403 1146 420 1185 a
438 1124 584 1187 communi
602 1124 650 1187 via
667 1125 889 1206 deflectentem,
914 1126 949 1188 ad
973 1126 1149 1190 rectissimas
1169 1125 1294 1188 subinde

133 1229 316 1292 assertiones
341 1226 664 1312 periculosissimasque
689 1228 868 1305 sententias,
901 1229 981 1290 etad
999 1228 1141 1291 absurdas
1158 1248 1191 1290 ac
1209 1245 1295 1312 pere-

134 1332 235 1415 grinas
252 1330 440 1414 quaestiones
458 1341 563 1414 atque,
588 1340 620 1393 nt
636 1330 786 1415 apostolus
805 1331 949 1414 loquitur,
981 1332 1193 1392 inenerrabiles
1207 1352 1294 1410 gene-
1306 1332 1447 1390 Uim-¹2⁴·

134 1437 262 1514 elegeos,
288 1454 354 1497 esse
373 1433 534 1519 lapsurum.
581 1431 667 1516 Quod
686 1431 800 1516 quidem
820 1433 854 1495 ad
874 1432 919 1510 id,
952 1434 988 1496 de
1005 1456 1061 1517 quo
1079 1434 1108 1497 in
1128 1433 1296 1518 praesentia

134 1557 233 1601 sermo
250 1547 312 1615 est,
337 1537 452 1616 attinet,
476 1535 680 1600 stultissimum
696 1535 772 1598 istud
785 1555 870 1611 esse,
896 1556 991 1619 neque
1007 1533 1206 1621 explicatione
1222 1556 1296 1621 opus

134 1638 261 1717 babere,
284 1640 415 1724 quisquis
433 1638 579 1724 paululum
595 1638 672 1723 sapit
686 1637 824 1700 facillime
839 1638 1008 1720 cognoscit,
1034 1659 1087 1701 nec
1105 1639 1135 1701 in
1151 1637 1296 1703 eiusmodi

135 1742 280 1827 sapientia
308 1742 504 1825 opinioueque
529 1740 683 1825 quicquam
707 1761 774 1804 esse
799 1739 873 1822 quod
894 1739 1112 1823 inquisitionem
1135 1741 1295 1804 desideret.

135 1842 214 1909 Nam
228 1844 254 1907 si
268 1844 363 1907 denuo
381 1855 412 1906 ut
426 1842 668 1906 circumcidamur
682 1841 875 1926 resurgimus,
899 1863 952 1904 cnr
966 1864 1024 1905 non
1042 1842 1295 1908 circumcisionem
1327 1837 1330 1842 ’

136 1947 370 2010 antevertimus?
414 1943 494 2009 Sane
509 1945 557 2029 qui
573 1946 602 2007 in
620 1945 674 2007 bac
687 1945 748 2008 rita
765 1945 888 2027 idipsum
905 1945 980 2027 quod
997 1946 1157 2028 perlectum
1173 1946 1297 2008 babetur

137 2048 349 2132 cognoverint,
375 2059 405 2139 et
423 2058 505 2110 tanto
522 2058 590 2110 ante
611 2067 753 2131 usurpare
773 2045 943 2130 coeperint,
976 2046 1152 2109 luculentius
1168 2048 1203 2109 ad
1223 2049 1298 2110 lutu-

137 2171 199 2215 ram
215 2151 292 2214 illam
317 2150 526 2235 perfectionem
549 2149 735 2212 obtinendam
754 2150 799 2212 ius
818 2148 895 2212 nacti
916 2158 994 2211 sunt.
1042 2147 1190 2232 Quorsum
1209 2148 1300 2232 igitur

136 2253 174 2316 ab
189 2253 323 2339 apostolo
337 2252 444 2315 dictum
462 2255 527 2315 est?
571 2256 607 2313 Si
621 2255 876 2324 circumcidemini,
903 2255 1033 2312 Christus
1048 2255 1124 2313 nibil
1137 2253 1215 2313 oobr's
1227 2274 1297 2332 pro-
1312 2275 1365 2319 car.
1377 2275 1398 2318 a,
1413 2275 1434 2318 s.

136 2360 229 2418 derit:
253 2356 336 2434 item,
361 2359 419 2434 Qui
431 2359 460 2416 in
477 2358 540 2434 lege
553 2357 757 2431 rirstrflenmr'ni,
781 2376 798 2415 u
813 2358 912 2434 gruir'o
928 2358 1085 2415 eneidr'stis.
1133 2353 1211 2417 Tum
1227 2353 1297 2417 illud
1324 2333 1348 2371 ‘t
1364 2326 1422 2383 δί

137 2459 224 2523 eliam
238 2458 395 2521 salvatoris
412 2457 538 2535 dictum,
570 2461 604 2518 In
621 2463 828 2519 resurrectione
849 2461 922 2518 enim
939 2479 1028 2537 neque
1049 2461 1157 2518 ducunt
1179 2478 1294 2528 uxores,
1315 2461 1434 2559 3¹25„

136 2583 225 2644 neque
239 2562 365 2635 nubunt,
389 2563 441 2621 sed
452 2563 584 2640 aequales
604 2571 674 2621 sunt
693 2564 812 2640 erigetis.
861 2558 947 2643 Quod
964 2570 1061 2623 autem
1078 2559 1217 2644 scriptum
1236 2569 1293 2637 est,
1309 2549 1364 2611 nub
1372 2567 1450 2623 Mi·

138 2665 278 2727 Sedebr'te's
299 2667 338 2724 ud
359 2684 480 2724 mersum
507 2667 601 2742 patrib
628 2667 697 2736 mei,
731 2667 902 2724 comedentes
924 2675 954 2723 et
973 2663 1113 2736 bibentes,
1147 2673 1194 2740 et,
1228 2666 1295 2723 Cum
1309 2687 1405 2742 tuem,
1418 2686 1451 2729 ec,

139 2771 214 2829 illud
234 2766 325 2826 dt'burn
342 2788 441 2826 nouum
461 2767 600 2826 uobtbcurn
622 2771 651 2826 in
673 2787 762 2846 reguo
781 2769 939 2839 coelorum,
965 2785 1004 2827 ex
1021 2786 1057 2827 eo
1077 2764 1153 2848 quod
1170 2739 1454 2844 additur,¹⁴¹¹'⁰·¹⁴‘¹⁴‘

140 2890 257 2942 nmen,
291 2877 338 2946 et,
361 2871 400 2928 ud
415 2890 535 2930 mensum
551 2873 649 2948 regni,
683 2867 741 2931 alio
757 2887 846 2931 sensu
864 2867 1063 2952 accipiendum
1083 2867 1152 2930 illud
1172 2867 1300 2931 videtur.

142 2969 258 3055 Quippe
280 2980 310 3033 et
328 2990 400 3047 nos,
431 2970 458 3033 id
482 2972 558 3056 quod
575 2970 698 3033 esacris
721 2970 804 3034 libris
821 2970 992 3048 didicimus,
1026 2984 1123 3057 potum
1149 2993 1184 3035 ac
1206 2971 1301 3035 cibum

143 3073 286 3157 quendam
311 3071 370 3135 illic
394 3073 572 3137 ambrosium
593 3093 661 3137 esse
678 3074 880 3152 defendimus,
905 3073 940 3135 de
958 3074 1061 3157 qnibns
1078 3075 1219 3160 scriptum
1242 3085 1300 3153 est,

145 3180 222 3255 Quae
244 3179 343 3237 oculus
361 3199 417 3237 non
443 3180 513 3238 uidit
536 3198 587 3238 nee
609 3183 690 3238 ouras
711 3180 803 3238 uudri't
825 3199 914 3258 neque
929 3181 959 3237 in
973 3199 1024 3237 eor
1037 3181 1155 3239 bominis
1167 3182 1299 3240 oscende-
1312 3200 1394 3249 cem.
1407 3201 1456 3256 gs.

143 3290 227 3352 runt,
259 3299 332 3359 quoe
348 3284 531 3360 praeparauit
551 3284 620 3341 dors
640 3281 825 3359 diligentibus
846 3300 886 3339 se.
935 3275 995 3342 Sed
1023 3281 1062 3342 ita
1086 3281 1204 3344 statuit:
1237 3279 1303 3344 Pri-

143 3403 222 3445 mum
247 3381 277 3443 in
298 3391 359 3443 toto
378 3381 428 3443 illo
452 3380 615 3444 millenario
646 3383 792 3445 curriculo
819 3381 1000 3444 naturalibus
1026 3404 1080 3446 uos
1107 3384 1303 3468 voluptatibus

145 3503 213 3546 esse
231 3482 383 3561 lruituros‚
407 3483 508 3546 labore
525 3485 603 3547 omni
619 3504 654 3547 ac
670 3484 771 3547 dolore
789 3484 916 3548 sublato.
963 3482 1031 3567 Quo
1053 3485 1167 3569 quidem
1185 3486 1303 3549 evoluto

145 3595 289 3670 tempore,
308 3605 408 3648 eornm
425 3605 498 3668 quae
512 3586 588 3648 dicta
603 3595 683 3662 sent,
702 3587 857 3672 participes
873 3590 1006 3667 lutur0s3
1031 3589 1106 3672 quod
1124 3589 1195 3652 baec
1214 3588 1304 3652 rerba

147 3687 314 3765 declarant,
340 3691 417 3766 Quae
438 3709 489 3748 nec
512 3690 611 3748 oculus
631 3691 718 3761 uellit,
743 3711 793 3750 nee
813 3695 894 3752 uurr's
915 3695 1033 3752 audebit.

233 3788 345 3855 Verum
358 3789 404 3853 bic
415 3789 530 3853 illorum
544 3810 642 3853 sermo
654 3789 788 3854 omnibus
802 3793 965 3878 scripturae
978 3793 1133 3855 sententiis
1147 3804 1301 3878 repugnat.
1352 3801 1414 3869 cap.

148 3892 224 3962 Cnm
248 3894 325 3957 enim
353 3893 403 3956 lex
426 3893 573 3956 neminem
599 3892 760 3976 perlectum
790 3894 967 3973 reddiderit,
1003 3906 1033 3958 et
1059 3896 1181 3958 earrdem
1208 3870 1445 3960 tamrnxxm'

146 4000 241 4084 legem
264 4008 330 4083 post
351 3995 601 4060 resurrectionem
627 3994 787 4058 observare
813 4016 867 4058 nos
892 3995 1029 4075 iubeant,
1062 4019 1186 4082 cumque
1204 4011 1306 4063 sancta

147 4102 196 4166 illa
212 4102 281 4191 len,
305 4121 389 4184 quam
408 4119 460 4185 per
474 4095 612 4184 Moysem
630 4096 764 4163 domiuus
782 4098 867 4162 nobis
884 4097 990 4177 edidit,
1015 4105 1181 4182 Poedugogi
1194 4125 1245 4164 nos
1263 4109 1306 4165 in-
1324 4108 1377 4153 on.
1391 4109 1413 4164 ³,
1425 4107 1459 4152 ²⁴·

148 4215 211 4266 rtur
226 4204 260 4267 ad
279 4199 430 4268 Christum
445 4202 634 4287 perduxerit,
658 4202 724 4281 cui,
756 4205 832 4288 quod
848 4203 935 4287 longe
954 4201 1097 4266 absolutis
1113 4205 1170 4268 illis
1190 4227 1223 4269 ae
1241 4228 1306 4291 per·

144 4301 235 4370 'fectis
251 4318 332 4370 esset
345 4306 481 4383 inferior,
505 4305 601 4368 datum
617 4305 766 4388 negotium
786 4317 833 4369 est
850 4316 880 4368 nt
898 4327 952 4369 uos
970 4306 1005 4369 ad
1024 4308 1219 4371 excellentius
1238 4309 1305 4373 illud

152 4429 187 4472 ac
203 4408 284 4472 velut
302 4419 389 4494 capnt
403 4427 605 4492 summumque
624 4407 801 4489 deduceret,
834 4430 898 4472 cunr
916 4410 1069 4495 posthaec
1088 4406 1225 4475 Christus
1241 4433 1307 4500 per·

151 4511 247 4576 lectus
263 4510 311 4574 ille
327 4531 361 4574 ac
379 4510 514 4575 dominus
529 4511 698 4591 advenerit,
722 4534 756 4576 ac
771 4512 807 4576 de
822 4511 983 4597 paedagogi
1004 4535 1092 4577 mauu
1107 4514 1254 4580 alumnum
1272 4538 1308 4579 ac

204 4610 293 4668 coqu·
304 4609 441 4656 narrantur.
459 4611 521 4656 rna
1064 4621 1105 4685 “26
