3096 5070
448 270 584 324 ruunnrr
600 272 662 323 urs.
678 273 723 324 ιιι.
740 273 823 326 rou.
837 274 857 325 ι.
874 273 973 324 naun.
987 274 1105 326 nxxvr.
1292 262 1355 325 217

199 393 297 483 genite
321 391 361 457 sit
384 389 564 469 substantia,
599 391 707 455 rationi
735 392 805 456 uulli
831 393 971 479 permittit
992 393 1048 458 sibi
1075 403 1106 458 ut
1133 395 1354 478 generationem

200 498 332 581 affingat,
357 496 409 559 sed
424 493 644 578 inquisitionem
660 515 775 559 onmem
792 517 827 561 ao
845 495 1100 562 ratiocinationem
1118 497 1153 561 ad
1172 517 1221 561 res
1240 496 1355 582 genitas

198 600 333 665 amandat
354 618 388 661 ιο
410 596 519 660 reiicit.

279 702 373 765 XXll.
404 697 439 764 Si
463 699 584 784 ingeniti
607 722 667 763 vox
696 701 889 786 privationem
915 703 944 765 in
973 703 1027 766 leo
1058 702 1223 787 signifieat,
1256 723 1352 787 neque

196 802 351 891 quiequam
368 802 488 867 omniuo
503 800 543 866 sit
563 801 741 887 ingenitum,
774 825 916 888 quaenam
935 806 1011 869 ratio
1030 806 1066 870 ab
1087 806 1216 890 eoquod
1235 816 1355 868 nonest

196 907 268 979 nibil
290 908 385 994 possit
408 906 547 971 aulerre?
605 902 660 970 Sin
689 906 823 970 existens
850 907 994 992 quippiam
1026 918 1129 987 sonat,
1162 906 1227 992 quis
1249 906 1286 971 ab
1317 928 1353 971 eo

195 1012 272 1096 quod
293 1022 339 1074 est
355 1009 479 1093 idipsum
503 1008 578 1092 quot
601 1019 666 1087 ιιι,
691 1008 746 1072 boe
770 1020 817 1072 est
837 1010 931 1095 ipsum
954 1032 970 1074 a
993 1011 1152 1096 semetipso
1174 1011 1333 1074 secernat?

279 1113 385 1177 XXlll.
415 1106 490 1177 Cum
513 1109 693 1194 privationes
717 1111 881 1177 ablationes
903 1115 963 1177 sint
983 1113 1189 1192 alieotionum,
1222 1113 1297 1198 quod
1324 1113 1353 1175 io

196 1217 252 1282 tlon
271 1226 318 1280 est
334 1214 494 1297 ingenitum
517 1212 565 1276 vel
578 1211 743 1279 allectionis
759 1213 885 1299 privatio
902 1227 964 1295 est,
997 1217 1044 1280 vel
1059 1217 1178 1280 allectio
1199 1214 1353 1301 privationi

197 1317 357 1384 eoonaria.
403 1313 497 1400 lqitur
521 1314 546 1377 si
570 1313 735 1378 affectionis
752 1316 878 1400 privatio
895 1331 957 1398 ιιι,
988 1320 1133 1403 quomolo
1155 1319 1183 1383 it
1201 1320 1276 1403 quod
1294 1338 1352 1383 non

199 1420 276 1487 inest
297 1421 351 1484 deo
374 1429 510 1502 tanquam
532 1416 602 1479 insit
624 1415 782 1481 tribuitur?

286 1524 389 1586 XXlV.
413 1519 457 1584 m
471 1519 498 1583 si
518 1519 635 1582 allectio
654 1521 794 1602 quaedam
812 1533 857 1586 est
871 1524 1049 1608 ingenitum,
1074 1525 1200 1609 genitam
1219 1524 1355 1589 substan·

202 1626 271 1692 tiam
290 1626 419 1691 existere
435 1632 522 1702 ante,
546 1642 580 1684 ιο
598 1621 679 1686 velut
694 1623 842 1689 substerni
858 1647 983 1691 neeesse
1000 1638 1056 1708 est,
1082 1639 1114 1691 ut
1130 1628 1286 1693 alieotioue
1304 1626 1353 1692 illa

200 1730 236 1795 el
258 1750 320 1794 ιιιιι
343 1727 522 1802 insedente,
546 1723 679 1808 ingentu
698 1726 879 1792 uominetur.

281 1834 371 1895 XXV.
395 1827 519 1895 sivero
540 1825 640 1910 genitu
658 1826 820 1893 substantia
838 1830 988 1916 ingenitae
1013 1837 1157 1918 particeps
1175 1833 1247 1912 luit,
1281 1834 1354 1897 alle·

198 1934 304 2001 ιιίοοίι
324 1934 435 1998 iactura
454 1933 531 1995 laeta
548 1928 744 1993 conditionem
770 1932 867 1997 amisit
886 1935 1019 2019 ingeniti.
1067 1932 1166 2018 Quare
1189 1935 1355 2002 substantia

196 2039 312 2126 quidem
333 2037 431 2122 genita
456 2033 562 2112 luerit,
586 2031 749 2116 ingenitum
771 2047 870 2102 antem
892 2038 1023 2101 allectio.

280 2141 385 2203 XXVl.
408 2135 495 2221 Quod
522 2131 548 2196 si
577 2132 677 2216 genita
697 2137 816 2203 soboles
843 2141 997 2204 transitum
1022 2141 1167 2225 quendam
1193 2140 1351 2226 signifieat,

194 2266 254 2311 non
273 2243 391 2307 dubium
407 2252 453 2304 est
468 2236 653 2301 alleotionern
671 2237 802 2306 indicare
819 2254 942 2323 sertam,
966 2244 1031 2307 sive
1050 2245 1201 2328 quadame
1216 2244 1353 2308 substan·

193 2349 236 2412 tia
253 2348 413 2412 mutatione
439 2342 703 2430 nomomensis,
735 2347 799 2411 sive
825 2346 880 2411 boe
903 2347 996 2432 ipsum
1022 2356 1069 2410 est
1093 2347 1192 2431 genita
1221 2347 1351 2428 soboles,

195 2452 270 2538 qnod
294 2451 411 2514 dieitur.

241 2598 244 2603 -
278 2556 397 2617 XXVll.
422 2551 455 2620 Si
472 2565 530 2617 tam
545 2553 707 2638 ingenitum
725 2575 809 2638 quam
822 2554 953 2638 genitum
966 2552 1083 2617 alieetio
1098 2552 1148 2630 sit,
1172 2552 1354 2617 substantiae

194 2656 309 2742 quidem
326 2656 529 2722 allectionibus
544 2658 671 2742 priores,
689 2658 862 2720 affectiones
872 2677 960 2741 porro
975 2667 1006 2721 ut
1020 2654 1192 2720 substantiis
1208 2654 1352 2739 posterio-

194 2780 261 2842 res,
285 2761 329 2825 sio
350 2760 454 2824 iisdem
477 2761 699 2844 anteponendas
722 2760 842 2824 luerint.
1162 2741 1167 2751 ἲ

275 2865 408 2928 xxvttt.
423 2861 456 2927 si
472 2862 634 2948 ingenitum
645 2861 736 2945 geniti
750 2883 856 2927 oaussa
871 2873 928 2941 est,
949 2862 1034 2946 eique
1052 2863 1168 2925 oouiert
1182 2871 1213 2924 nt
1227 2858 1349 2939 existat,

196 2966 322 3050 genitum
347 2987 420 3030 vero
444 2987 577 3029 caussam
603 2966 694 3050 ipsam
720 2965 902 3029 substantiae
919 2985 991 3029 suae
1017 2964 1137 3028 notione
1160 2962 1352 3048 eomprebeu·

195 3068 268 3131 dena
288 3068 480 3134 substantiam
499 3067 610 3152 ipsam,
644 3088 702 3131 non
724 3067 910 3130 allectionem
936 3067 1098 3152 exprimat,
1130 3089 1196 3131 uum
1221 3067 1351 3151 ingenita

194 3180 298 3235 tratura
329 3171 400 3235 nibil
424 3171 488 3254 ipsa
515 3191 615 3236 seeum
641 3170 789 3248 inoludat,
828 3191 926 3234 noune
956 3170 1119 3233 substantia
1148 3170 1351 3255 potiusquam

193 3272 310 3336 alfeotio
331 3273 471 3357 quaedam
495 3273 583 3335 debet
604 3272 718 3335 viderit
1263 3347 1264 3351 Ἰ

276 3377 380 3440 ΧΧΙΧ.
404 3374 438 3440 Si
458 3374 620 3441 substantia
640 3373 735 3437 omnis
751 3375 881 3458 ingenita
900 3375 957 3455 sit,
981 3375 1142 3440 cuiusmodi
1158 3388 1201 3439 est
1220 3377 1352 3460 omnipo-

192 3468 283 3542 tentis
303 3478 365 3556 tlei,
397 3480 464 3564 quid
492 3479 597 3542 attinet
615 3477 688 3540 bano
713 3478 828 3561 quidem
853 3478 1039 3564 passionibus
1064 3478 1240 3557 obnoxiam,
1274 3479 1352 3541 illam
1397 3464 1402 3472 ⁸

194 3600 266 3644 vero
288 3582 455 3645 earumdem
473 3592 627 3666 expertem
646 3579 764 3642 diceret
808 3576 893 3662 Quod
913 3582 938 3646 si
958 3582 1079 3665 quadam
1099 3581 1248 3666 ingenitae
1266 3592 1351 3643 uatu-

190 3702 244 3746 ιιι
258 3695 340 3747 sorte
357 3705 392 3748 ao
409 3684 596 3761 conditione,
629 3682 799 3765 quantitatis
818 3695 848 3746 et
865 3684 1030 3768 qualitatis,
1062 3697 1109 3764 et,
1134 3695 1165 3747 ut
1185 3706 1242 3748 uuo
1259 3682 1350 3747 verbo

190 3784 296 3864 ιιίοιοι,
320 3786 491 3850 mutationis
506 3785 601 3849 omrris
619 3805 726 3868 expers
742 3784 835 3847 altera
852 3797 908 3863 est,
934 3787 1026 3849 altera
1044 3807 1116 3850 vero
1133 3787 1286 3871 passiones
1301 3786 1351 3849 atl-

188 3888 293 3967 mittit,
317 3901 348 3952 et
364 3889 552 3953 nibilominus
569 3886 663 3949 eidem
682 3885 899 3955 immutabilitas
916 3900 961 3951 est
978 3909 1138 3966 oonoessa,
1163 3908 1287 3952 neeesse
1305 3899 1352 3952 est

187 4095 225 4145 bie
240 4093 310 4155 ἐστι,
328 4092 373 4147 τοῦ
391 4088 454 4146 εἶναι
470 4091 614 4159 σημαίνων,
642 4089 753 4158 γέννημα
821 4091 862 4144 56.
881 4091 925 4144 τοῦ
942 4094 1006 4143 obeat
1023 4094 1095 4154 intro.

188 4168 239 4216 mr,
820 4159 861 4212 57.
879 4162 944 4211 libri
962 4163 1043 4222 scripti
1065 4165 1086 4210 et
1104 4163 1158 4211 edit.
1174 4165 1249 4224 prino.
1267 4165 1351 4215 nutent

222 4226 263 4282 54.
281 4235 390 4281 Fortasse
409 4230 573 4293 corripendum
595 4224 632 4287 uie
655 4221 752 4294 ariolae,
787 4230 918 4298 διαβολῆς.

187 4301 225 4348 oei
244 4298 266 4352 ti
283 4294 381 4358 οὐσίας.
819 4300 861 4349 oti.
879 4299 946 4360 inira
963 4291 1104 4357 ὑπεύθυνός
1120 4295 1197 4360 ἔστιν,
1215 4301 1296 4351 ordine
1313 4303 1350 4351 in·

222 4367 262 4417 55.
280 4365 438 4432 ἕξηςοιιιιιιιι
450 4369 566 4418 dionem
578 4381 698 4418 οιιιιιιιιιιιι
711 4373 750 4418 est.
785 4380 858 4418 uerso.

187 4436 253 4498 infra
270 4440 335 4486 estat
356 4433 407 4498 ἕξις
425 4434 469 4488 xnl
485 4430 505 4501 η’
522 4429 564 4502 nir.
582 4432 674 4503 priam
819 4433 859 4489 59.
878 4431 920 4488 bvi
937 4429 966 4488 ri
983 4434 1057 4498 iissre.
