3096 5070
274 264 336 329 520
701 272 1008 326 οιασιιτιινιιιυιι

273 392 365 474 σάσης
389 393 511 474 κέντρον
534 388 687 469 θανάτου,
717 388 915 475 διαρρηξύσης
932 387 968 453 τά
983 397 1124 476 κλεῖθρα,
1157 391 1206 455 καί
1225 388 1295 466 τούς
1311 387 1443 473 μοχλούς

274 493 343 572 τούς
361 494 597 577 ἀδαμαντίνους,
628 495 679 557 καλ
695 491 822 576 λυοάσης
838 490 948 568 ῶδῑυυς
964 491 1042 580 ᾅδου
1062 495 1093 559 ἔν
1112 495 1173 582 ίδίμ
1189 495 1324 580 έξουσίρι,
1356 489 1442 557 ἀνελ-

274 595 393 680 θούσης
415 595 471 662 σύν
492 603 528 686 τῇ
551 603 650 685 ψυχῇ,
680 593 720 678 μή
745 598 883 678 ίαθείσης
906 603 959 678 τῆς
980 603 1081 679 ψυχῆς
1101 598 1142 672 είς
1164 591 1258 685 ᾅδην,
1289 597 1363 678 μηδέ
1382 603 1443 679 τῆς

275 698 383 785 σαρκός
406 701 569 783 έαρακυίας
592 696 783 782 διαφθοράν,
816 695 1022 780 ἀναστησάσης
1039 696 1135 780 αὐτὴν
1150 706 1203 782 τῆς
1223 695 1384 781 θεότητος,
1416 697 1443 782 ἢ

184 890 190 897 .
275 800 457 878 ἀναστάντος
480 801 574 866 αὐτοῦ
597 807 650 866 τοῦ
666 805 773 884 κυρίου
790 807 866 865 θεοῦ
890 798 981 885 λόγου
1001 803 1050 865 καί
1067 803 1137 866 υίοῦ
1154 808 1246 880 θεοῦ,
1277 799 1333 865 σύν
1350 808 1441 891 ψυχῇ

275 907 326 972 καί
342 904 472 987 σῶματι,
503 905 554 969 καὶ
573 905 660 968 παντί
678 910 719 992 τῷ
734 902 848 981 σκεύει,
879 905 1099 979 συνεναθέντος
1123 901 1227 968 λοιπόν
1242 911 1296 969 τοῦ
1311 904 1442 982 σκεύους

276 1010 319 1084 είς
331 1014 463 1089 πνεῦμα,
493 1005 566 1072 αύτό
585 1004 619 1071 τό
634 1009 718 1088 σῶμα
734 1003 934 1089 πνευματικόν
960 1002 1109 1089 ύπάρξαυ,
1139 1004 1176 1071 τό
1192 1031 1264 1070 ποτε
1280 1003 1344 1095 ἀφῇ
1362 1004 1441 1073 ῦπα-

276 1113 425 1193 ιιιίμενον,
448 1111 499 1174 καὶ
515 1108 629 1191 μάστιξι
645 1108 820 1192 παραδοθὲν
837 1110 964 1196 έκουσίφ
982 1115 1035 1190 τῆς
1049 1106 1194 1190 θεότητος
1208 1106 1361 1191 θελήματι,
1384 1111 1443 1174 καλ

280 1210 494 1296 οτιειρύζοντος
519 1208 579 1276 ἀπό
603 1218 655 1276 τοῦ
677 1217 799 1276 Σατανᾶ
823 1210 1065 1295 συγχωρήσαντος
1089 1212 1141 1275 καλ
1166 1214 1253 1298 πείυιγ
1273 1209 1443 1296 προςπελά·

276 1323 350 1396 ζιιν,
373 1316 424 1379 καὶ
446 1313 547 1402 ῦπνφ,
569 1316 620 1379 καί
641 1311 783 1403 καμύτφ,
804 1312 885 1402 λύπη
907 1338 937 1378 τε
960 1314 1011 1378 καί
1032 1313 1187 1401 ἀδημονίρι.

142 1441 208 1510 Κεφ,
221 1436 262 1500 ις’,
364 1414 449 1482 Aizi
470 1414 502 1481 τό
521 1423 607 1498 σῶμα
631 1415 664 1481 τό
685 1415 771 1502 ἀγιον
793 1417 961 1481 συνεναθδν
982 1413 1088 1481 λοιπόν
1110 1413 1246 1498 θεότητι,
1278 1414 1444 1499 ἀπαραλεί-

277 1545 359 1596 πτας
374 1526 428 1602 τῆς
443 1517 588 1601 θεότητος
611 1520 818 1602 συνηνωμένης
835 1525 876 1606 τῷ
898 1517 934 1583 τά
955 1525 1076 1584 τοιαῦτα
1099 1517 1266 1584 πεπονθότι
1282 1515 1357 1605 ἀγίφ
1381 1518 1444 1585 σιύ·

139 1646 260 1704 ρυριιιο.
279 1649 355 1707 ματι.
398 1618 516 1703 ’Λνέστη
534 1619 607 1707 γάρ,
637 1624 689 1686 καὶ
712 1619 880 1703 συνήνυσεν
902 1617 974 1686 aito*
998 1623 1039 1697 είς
1055 1619 1176 1699 ἑαυτόν,
1207 1622 1249 1696 εἰς
1262 1624 1298 1685 ἓν
1311 1628 1443 1703 πνεῦμα,

279 1727 321 1802 είς
337 1728 408 1807 μίαν
424 1722 563 1806 ένότητα,
586 1726 627 1799 είς
642 1728 714 1804 μίαν
730 1727 919 1809 δοξολογίαν,
943 1726 984 1800 είς
999 1728 1068 1806 μίαν
1082 1725 1190 1788 έαυτοῦ
1204 1720 1343 1806 θεότητα.
1378 1727 1442 1789 Πέ-

279 1852 355 1910 φηνε
372 1827 425 1909 μὲν
442 1824 498 1912 γάρ
516 1829 547 1892 ἐν
563 1823 705 1913 ἀληθείᾳ,
737 1828 787 1890 καὶ
804 1826 990 1909 έφηλαφήθη
1006 1822 1066 1890 ύπό
1088 1832 1142 1890 τοῦ
1162 1830 1273 1908 Θυαμά,
1303 1827 1356 1890 καὶ
1376 1835 1444 1903 τοῖς

279 1926 455 2004 ἀποστόλοις
469 1931 617 2014 συνέφυγε
637 1930 688 1993 καί
703 1930 830 2005 συνέπιε,
852 1930 903 1993 καλ
923 1933 1129 2012 1συνηυλίσθη
1145 1926 1205 2011 μετ’
1221 1927 1321 1994 αύτῶυ
1338 1950 1440 1994 τεσσα-

282 2030 412 2119 ράκοντα
437 2029 548 2117 ἡμέρας
566 2032 616 2096 καί
636 2029 852 2114 τεσσαράκοντα
876 2029 992 2106 νύκτας.
1034 2028 1119 2095 Ἀλλά
1137 2033 1255 2113 είςῆλθε
1271 2038 1378 2116 θυρῶν
1393 2057 1441 2096 κε·

281 2134 472 2217 κλειομένων,
501 2136 552 2198 καί
575 2131 647 2216 μετά
665 2130 698 2198 τό
721 2135 861 2208 είςελθεῖν
879 2135 1007 2198 ἐδείκνυε
1025 2140 1130 2218 νεῦρα,
1161 2135 1212 2199 καλ
1230 2133 1318 2213 ἀστᾶ,
1346 2131 1440 2197 τύπον

281 2235 376 2320 ἥλων,
398 2238 448 2301 καί
465 2234 559 2301 τόπον
574 2234 693 2321 λόγχης,
716 2233 762 2301 ότι
777 2232 851 2300 αὐτό
867 2227 903 2317 ἦν
920 2233 1065 2319 ἀληθινόν
1079 2234 1111 2301 τό
1128 2243 1230 2318 σῶμα,
1259 2235 1304 2304 ότι
1321 2236 1353 2300 δέ
1367 2255 1434 2297 συν·

280 2336 370 2422 ήφθη
390 2340 432 2415 είς
458 2343 527 2420 μίαν
550 2336 671 2420 έυότητα
696 2339 744 2402 καὶ
770 2341 840 2419 μίαν
858 2335 1002 2420 θεότητα,
1034 2340 1137 2420 μηκέτι
1153 2342 1360 2425 ’προςδοασῦν
1377 2361 1431 2399 πα·

279 2449 364 2521 θεῖν,
387 2442 488 2524 μηκέτι
507 2437 718 2523 ἀποθνῆσκον,
741 2439 782 2516 ῶς
798 2461 872 2523 φησι
889 2437 907 2507 ό
924 2439 1009 2526 ἀγιος
1026 2440 1206 2520 ἀπόστολος,
1224 2440 1341 2520 Ἀνέστη
1359 2443 1432 2522 Χρι-

280 2542 366 2624 στός,
396 2542 494 2609 ούκέτι
512 2540 716 2626 ἀποθνήσκει,
747 2539 881 2619 θάνατος
903 2543 997 2608 αὐτοῦ
1021 2544 1121 2608 οὐκέτι
1138 2540 1270 2629 κυριεύει
1319 2537 1360 2605 Τό
1375 2566 1431 2604 πα·

280 2644 376 2729 θητδν
398 2646 516 2720 ἀπαθές
536 2644 583 2710 ἀεὶ
598 2647 703 2726 μένου,
725 2644 758 2710 τό
774 2642 882 2710 θεϊκόν
898 2643 953 2710 σύν
971 2644 1084 2727 στόματι
1098 2647 1149 2711 καί
1164 2650 1262 2734 φυγῇ,
1283 2645 1335 2709 καὶ
1351 2646 1435 2732 πάση

278 2756 317 2839 τῇ
333 2746 574 2854 έυανθρωπήσεγ,
597 2747 744 2822 αῦτόθεος
761 2745 819 2823 ῶν,
832 2745 978 2813 ’ἀνελθῶν
997 2748 1029 2813 δέ
1045 2750 1087 2824 είς
1106 2745 1272 2834 οὐραγούς,
1295 2744 1438 2812 έκάθισεν

280 2853 478 2939 ένδεξιᾷτοῦ
494 2847 607 2935 πατρός
624 2851 656 2914 έν
676 2848 765 2938 δόξῃ,
796 2848 853 2915 ούκ
877 2848 1064 2932 ἀποθέμενος
1081 2847 1114 2916 τό
1133 2857 1234 2933 σῶμα,
1268 2847 1340 2913 ἀλλά
1356 2869 1438 2913 συνε-
1507 2844 1513 2863 '

279 2953 379 3029 κύσας
396 2954 438 3028 είς
451 2950 665 3034 πνευματικόν,
688 2953 720 3016 έν
737 2950 890 3034 τελειότητι
912 2958 981 3035 μιᾶς
997 2952 1154 3036 θεότητος·
1178 2948 1220 3028 ῶς
1237 2953 1288 3016 καί
1302 2948 1339 3015 τά
1353 2947 1439 3033 ἡμῶν

281 3056 402 3139 σῶματα
417 3057 526 3138 μέλλει,
548 3052 585 3119 τύ
601 3061 657 3119 νῦν
672 3052 848 3138 σπειρόμενα
867 3062 1018 3137 ψυχικῶς,
1042 3057 1206 3140 ἐγείρεσθαι
1222 3058 1438 3135 πνευματικῶς,

280 3157 317 3224 τά
331 3166 386 3224 νῦν
401 3155 580 3241 σπειρόμενα
595 3159 628 3222 έν
642 3163 752 3246 φθορᾷ
767 3159 933 3242 έγείρεσθαι
948 3159 979 3223 έν
994 3157 1153 3245 ἀφθαρσίᾳ
1161 3207 1170 3236 ,
1198 3155 1236 3220 τά
1251 3161 1306 3220 νῦν
1321 3154 1438 3240 σπειρό-

280 3286 355 3345 μενα
370 3263 402 3327 έν
418 3258 540 3348 θανάτφ
566 3262 731 3344 ἐγείρεσθαι
748 3261 779 3324 έν
797 3256 958 3349 ἀθανασίᾳ.
1004 3262 1047 3324 Ei
1067 3264 1169 3326 τοίνυν
1183 3255 1220 3324 τά
1240 3256 1365 3342 ἡμέτερα
1384 3256 1437 3322 ού-

279 3388 354 3443 τας,
383 3361 467 3452 πόσφ
484 3387 516 3447 γε
534 3367 643 3444 μᾶλλον
660 3363 754 3427 έκεῖνο
771 3360 803 3429 τό
819 3360 918 3447 ἀγιον,
950 3364 1002 3428 καλ
1020 3360 1250 3448 ἀνεκδιήγητον,
1282 3362 1334 3425 καί
1349 3357 1438 3445 ἀσύγ·

280 3491 398 3551 κριτον,
419 3467 470 3530 καί
488 3464 666 3549 ἀκραιφνές,
692 3470 757 3553 3τιγῦ
774 3472 840 3554 θεῷ
856 3467 1081 3548 συνηνωμένον,
1114 3462 1147 3530 τό
1162 3468 1199 3529 ἓν
1214 3461 1249 3528 ἀν
1264 3461 1369 3528 λοιπόν
1384 3488 1439 3546 μο-

280 3569 407 3645 νοειδέςς
438 3564 479 3642 ῶς
496 3568 548 3631 καὶ
567 3568 599 3631 έν
617 3565 712 3655 τούτῳ
737 3577 882 3654 μαρτυρεῖ
896 3565 914 3632 ό
930 3565 1095 3642 ἀπόστολος
1111 3567 1203 3652 λέγων
1226 3568 1269 3629 Ei
1282 3566 1334 3630 καί
1349 3567 1441 3650 έγνοο·

280 3695 334 3754 μεν
346 3667 422 3736 κατά
436 3667 533 3754 σάρκα
550 3666 688 3754 Χριστόν,
711 3666 809 3735 οάκέτι
824 3669 1017 3756 γινούσκομεν·
1040 3666 1093 3752 σύγ
1109 3667 1154 3734 ότι
1169 3672 1256 3733 διεῖλε
1272 3665 1325 3749 τὴν
1340 3665 1441 3750 οάρκα

281 3770 342 3839 ἀπό
360 3779 412 3855 τῆς
433 3771 591 3854 θεότητος,
621 3768 694 3835 ἀλλά
711 3769 803 3855 αῦτύν
828 3773 907 3855 4μέν
925 3765 1032 3849 ούσαν,
1064 3773 1116 3836 καί
1133 3777 1174 3859 τῷ
1192 3775 1255 3858 θεῷ
1270 3771 1443 3851 συνηναμέ·

280 3901 351 3959 νην,
380 3875 482 3958 μηκέτι
508 3874 541 3939 δέ
559 3866 651 3939 ούσαν
673 3872 749 3939 κατά
776 3872 887 3960 σόρκα,
921 3873 991 3940 ἀλλά
1017 3872 1092 3939 κατά
1118 3879 1249 3955 πνεῦμα,
1284 3870 1326 3947 ῶς
1352 3893 1443 3954 φησι,

280 3976 357 4043 κατά
378 3983 495 4058 πνεῦμα
517 3973 724 4062 ῡάγιασύνης,
756 3979 787 4055 ἐξ
811 3977 999 4053 ἀναστάσεας
1022 3983 1136 4061 νεκρῶν
1156 3981 1211 4040 τοῦ
1228 3978 1334 4057 κυρίου
1352 3971 1445 4055 ἡμῶν

277 4076 375 4164 Ἰησοῦ
393 4085 531 4163 Χριστοῦ.
578 4087 719 4146 οΤοῦτον
740 4080 818 4162 ὅμου
841 4078 915 4147 θεόν
936 4081 1058 4162 ἔχουσα,
1088 4075 1198 4160 ἀπαθῆ
1216 4078 1267 4141 καί
1289 4074 1444 4157 παθόντα,

314 4234 338 4288 9.
356 4232 521 4299 πειράζεσθαι
533 4240 644 4300 cogitavit
657 4239 775 4287 Ρείαυίυι.
793 4238 841 4287 Sed
908 4235 932 4286 2
949 4234 1093 4300 προςδοκῶι
1110 4237 1146 4285 εδ.
1165 4237 1261 4296 Ριίου.,
1278 4233 1396 4283 mendose.

279 4305 338 4354 niiiii
353 4306 508 4365 muiandum,
533 4320 585 4355 ταιο
605 4307 757 4368 participium
781 4320 841 4370 συγ·
909 4305 932 4356 3.
951 4307 1058 4354 Feriam
1072 4300 1101 4356 τό
1120 4304 1182 4371 θεῷ.

280 4371 443 4440 χωρήσαντος
459 4388 512 4423 cum
531 4375 647 4436 ιἰιμιιιιιυο
665 4368 841 4438 προςιτιλάζιιν
908 4371 932 4426 4.
959 4370 1081 4437 μένουσαι
1098 4375 1182 4435 ίιριιυι
1197 4375 1223 4422 in
1239 4371 1356 4432 λπαιιρλ.
1382 4386 1443 4436 μορ.

280 4443 466 4503 αοιιίαυρειιδυυι
483 4445 519 4491 sii.
877 4440 933 4493 156.

316 4507 455 4558 cmxvi
474 4536 506 4548 -
542 4509 563 4559 i.
582 4511 618 4573 Cf.
636 4510 728 4561 Ριίαυίι·
741 4511 774 4560 οδ
789 4511 811 4560 λ
824 4512 841 4561 i.
907 4511 931 4560 5.
949 4503 1086 4573 ἀγιοοόιης
1103 4509 1138 4557 ιδ.
1158 4509 1240 4558 Ρείου.

280 4581 359 4628 annot.
907 4575 930 4630 6.
950 4570 1080 4643 ἅνθρωποι
1108 4570 1173 4641 ἐμοῦ
1195 4574 1240 4628 καλ
1259 4571 1318 4631 δεδι
1343 4573 1444 4648 ἔχουσα
