3096 5070
185 302 226 367 96
612 314 920 369 mmmmm

186 432 243 498 δαν
259 439 428 518 φωστῆρες,
453 432 638 519 Ἐξαγαγέτω
659 429 680 514 ἦ
700 440 755 519 γῆ,
786 435 851 510 καί,
885 430 1064 515 Ποιήσωμεν
1079 430 1250 511 άνθραοπον.
1286 430 1349 510 Ὧς

187 560 217 601 τε
233 532 251 600 ό
267 534 364 620 πατὴρ
381 543 422 624 τῷ
437 538 494 625 υίῷ
507 544 600 613 λαλεῖ,
623 537 674 599 καί
689 539 720 602 οἱ
734 536 787 618 μέν
805 536 887 618 λόγοι
902 541 956 600 τοῦ
975 542 1053 600 θεοῦ
1069 534 1125 612 οῦς
1137 542 1218 600 λαλεῖ
1231 541 1272 623 τῷ
1287 537 1348 625 νλςῦ

187 635 243 703 οῦκ
257 640 330 704 τίσιν
349 641 417 703 υίοί.
459 635 497 703 ‘0
512 639 543 703 δέ
559 637 640 716 υἱός,
671 637 747 720 πρός
765 636 800 703 δυ
814 635 926 702 λαλεῖό
943 637 1057 722 πατὴρ,
1088 637 1159 720 μετά
1176 645 1235 703 τοίν
1250 637 1350 704 ἄλλων

187 739 317 821 εὐσεβῶς
333 749 463 806 καλεῖται
480 738 585 826 άρτος,
616 742 666 805 καί
683 738 759 822 ζωὴ,
780 743 832 805 καί
852 738 1022 817 άνάστασις,
1045 743 1087 806 ἐτι
1102 743 1153 806 καλ
1174 741 1261 826 λόγος
1278 738 1349 808 όνο-

64 859 175 917 μακε.
189 841 325 925 μάζεται,
355 842 456 927 ἐπειδὴ
479 843 621 928 έρμηνεῦς
643 846 702 908 ἐστι
727 848 785 908 τοῖν
804 850 859 908 τοῦ
882 850 960 909 θεοῦ
980 841 1182 926 βουλημάτων.
1216 843 1284 908 Ἵνα
1304 840 1350 928 μή

186 937 243 1012 οῦν
267 945 437 1021 ἀπατῶντες
459 944 528 1021 τοῦς
544 943 762 1024 άπλουστέρους
781 943 832 1010 τόν
847 943 916 1010 υίόν
932 944 1040 1011 ταύτόν
1055 949 1177 1030 λέγασιν
1191 948 1225 1011 οί
1239 948 1350 1031 αἱρετι·

186 1049 236 1113 κοί
250 1057 313 1123 τοῖς
327 1046 427 1134 λόγοις
439 1057 502 1124 τοῖς
517 1046 598 1130 παρά
612 1055 665 1114 τοῦ
683 1055 758 1113 θεοῦ
774 1050 976 1130 λαλουμένοις,
997 1047 1031 1114 τό
1046 1048 1192 1132 διάφορον
1206 1056 1259 1114 τοῦ
1274 1052 1350 1115 υίοῦ

187 1158 241 1216 τοῦ
263 1157 339 1216 θεοῦ
356 1147 397 1226 αἱς
412 1148 488 1236 πρός
503 1147 540 1216 τά
558 1152 676 1234 βήματα
693 1157 747 1215 τοῦ
763 1157 840 1215 θεοῦ
863 1147 1093 1226 ῦποδειιινῦντες
1110 1154 1142 1216 οί
1155 1152 1277 1235 πατέρες
1293 1149 1351 1218 τόν

187 1251 271 1332 υέόν,
294 1255 389 1336 φημί,
411 1253 517 1319 οῦσίαν
532 1253 686 1330 ἐκάλεσαν,
714 1251 810 1329 οῦτως
827 1250 881 1333 τόν
896 1251 1046 1338 διαφοράν
1060 1261 1275 1339 παρισταῖντες,
1298 1252 1351 1322 ὅτι

187 1351 301 1432 όθεός
324 1354 367 1421 όν
393 1358 484 1436 ἐστιν,
513 1358 565 1421 καλ
582 1359 614 1421 οἱ
626 1354 708 1441 λόγοι
724 1353 778 1430 οῦς
794 1363 874 1420 λαλεῖ
886 1353 986 1433 ὄντες,
1019 1354 1073 1420 άλλ
1099 1353 1155 1422 οῦκ
1177 1353 1274 1423 ον’σίαι
1290 1363 1351 1423 τοῦ

187 1465 275 1539 θεοῦ,
286 1461 414 1524 λεκτικολ
431 1459 463 1523 δέ
478 1461 626 1544 ἐνέργειαι
669 1454 703 1522 ‘0
720 1460 753 1522 δέ
766 1457 833 1534 υίός
844 1456 933 1542 λόγος
946 1455 990 1522 οῦν
1002 1456 1068 1541 οῦγί
1084 1461 1212 1545 ἐνέργεια
1225 1461 1351 1544 λεκτικιί

188 1564 248 1627 ἐστι
262 1569 317 1626 τοῦ
332 1568 425 1639 θεοῦ,
447 1557 505 1625 ἄλλ’
520 1560 587 1637 υίῦς
605 1559 647 1627 οῦν
664 1559 751 1626 οῦσία
773 1562 860 1626 ἐστίν.
905 1563 946 1624 Et
965 1559 1020 1645 γάρ
1042 1559 1061 1626 ό
1083 1561 1180 1644 πατὴρ
1204 1559 1262 1640 ὃν,
1291 1563 1349 1628 ιισλ

187 1662 254 1740 υίός
268 1661 328 1743 οῦν,
359 1661 402 1729 οῦν
425 1664 458 1729 δέ
475 1663 571 1740 οῦτας
595 1660 693 1739 όυίός
710 1660 750 1739 οῦς
768 1665 802 1728 ἐκ
818 1670 873 1728 τοῦ
893 1669 969 1728 θεοῦ
985 1666 1059 1746 ἐχειν
1075 1667 1203 1749 γνησίως
1218 1663 1251 1730 τό
1267 1660 1347 1732 εἶναι

187 1765 274 1851 λόγος
289 1765 469 1849 νοηθήσεται
485 1763 503 1832 ό
519 1766 599 1843 υἱός,
623 1763 675 1848 οῦγ
694 1763 734 1842 αἱς
752 1768 782 1830 οί
794 1763 878 1850 λόγοι
895 1768 926 1830 οί
946 1764 1052 1848 ’παρά
1070 1773 1146 1831 θεοῦ
1162 1765 1344 1850 λαλοῦμενοι,

186 1865 312 1936 Ἐκεῖνοι
332 1868 388 1954 γάρ
405 1866 437 1934 τό
456 1865 531 1933 εἶναι
550 1871 581 1934 έν
596 1874 636 1957 τῷ
649 1875 783 1933 λαλοῦντι
799 1870 932 1950 ἔχουσιν,
962 1864 980 1933 ό
996 1869 1027 1932 δέ
1042 1867 1073 1934 τό
1094 1865 1169 1934 εἶναι
1187 1875 1228 1958 τῷ
1240 1870 1272 1935 ἐιι
1286 1874 1345 1935 τοῦ

188 1971 300 2055 πατρός
314 1979 507 2058 γεγεννῆσθαι
513 2022 522 2049 ,
544 1973 595 2036 καὶ
609 1969 729 2036 άκοῦειν
745 1978 798 2036 τοῦ
815 1968 937 2053 πατρός,
959 1972 1010 2035 καλ
1027 1968 1187 2057 ῦπουργεῖν
1200 1977 1241 2060 τῷ
1253 1972 1347 2059 πατρὶ

189 2077 253 2159 ἐγει.
303 2074 419 2158 Ταῦτην
439 2065 495 2141 οῦν
516 2071 570 2158 την
592 2070 755 2139 ῦπόστασιν
773 2068 877 2138 οῦσίαν
898 2070 1040 2138 ἐκάλεσαν
1062 2076 1095 2138 οί
1113 2075 1244 2160 πατέρες.

54 2408 171 2481 Kew'.
263 2381 395 2467 Ὅμοιον
409 2376 465 2450 οῦν
485 2389 614 2464 νοοῦμεν
633 2380 685 2446 τόν
698 2379 766 2445 υίόν
785 2387 825 2470 τῷ
839 2383 928 2467 πατρί
943 2380 1018 2447 κατά
1035 2380 1148 2460 πάντα,
1179 2382 1350 2465 μαχόμενοι

190 2487 238 2553 καί
267 2485 343 2573 πρός
367 2483 421 2569 τὴν
446 2492 502 2551 νῦν
525 2486 728 2566 ἐπιφυομένην
753 2486 865 2568 αἵρεσιν
894 2491 951 2573 Ῑτῇ
974 2486 1119 2573 ἐκκλησίᾳ.
1161 2481 1199 2548 Ἡ
1215 2482 1270 2570 γάρ
1291 2490 1352 2552 νῦν

190 2595 311 2676 α’ίρεσις,
333 2587 407 2656 κατά
424 2588 476 2671 μέν
490 2586 632 2671 βοῦλησιν
646 2587 698 2651 καλ
713 2583 769 2667 τήν
780 2588 927 2674 ἐνέργειαν
941 2584 1135 2667 άποφαίνεται
1151 2583 1225 2652 ελναι
1239 2585 1351 2669 ῦμσισν

188 2692 240 2759 τόν
257 2691 324 2759 υίόν
347 2697 388 2780 τῷ
410 2690 514 2775 πατρλ,
544 2687 619 2754 κατά
641 2690 674 2753 δέ
699 2685 758 2754 ’τό
784 2684 925 2771 άνόμοιον
941 2685 1016 2754 εἶναι
1035 2688 1086 2755 τόν
1105 2687 1172 2754 υἱόν
1190 2696 1231 2778 τῷ
1246 2689 1353 2776 πατρί,

190 2793 230 2873 οἷς
245 2792 515 2872 κατασκευάζεσθαι
533 2790 614 2876 παρά
631 2797 691 2857 τῦν
704 2798 759 2855 νῦν
776 2800 887 2857 καινοῦν
905 2793 1076 2876 αίρετιιιοῦν,
1106 2790 1151 2857 ότι
1169 2790 1190 2874 ἦ
1205 2792 1259 2875 μέν
1275 2791 1354 2875 βοεί-

188 2907 272 2982 λησις
285 2904 340 2962 τοῦ
356 2899 426 2961 υίοῦ
443 2897 493 2961 καί
510 2891 531 2978 ἦ
547 2897 676 2978 ἐνέργεια
696 2900 750 2958 τοῦ
767 2897 836 2959 υίοῦ
854 2891 943 2976 όμοία
960 2902 995 2982 τῇ
1012 2894 1151 2978 βουλήσει
1166 2902 1221 2959 τοῦ
1236 2893 1353 2977 πατρός

189 3002 240 3066 καλ
257 3007 292 3088 τῇ
310 3002 438 3086 ἐνεργείᾳ
454 3004 508 3063 τοῦ
525 2994 652 3082 πατρός,
676 2993 766 3072 αῦτός
784 2997 815 3061 δέ
833 2993 851 3060 ό
868 2994 934 3072 υίός
951 2992 1093 3078 α’νόμοιος
1107 3004 1149 3085 τῷ
1166 3002 1262 3076 πατρί.
1286 2998 1352 3064 Καὶ

192 3100 243 3167 διά
258 3108 344 3167 τοῦτο
357 3099 411 3183 τὴν
426 3101 479 3183 μέν
491 3100 631 3187 βοόλησιν
645 3105 701 3163 τοῦ
718 3101 788 3163 υἱοῦ
801 3101 853 3164 καλ
868 3097 924 3183 τήν
939 3101 1085 3185 ἐνέργειαν
1099 3101 1256 3183 βούλονται
1272 3095 1352 3166 εἶναι

191 3200 299 3286 όμοίαν
321 3211 358 3294 τῇ
374 3200 511 3287 βουλήσει
534 3209 589 3268 τοῦ
604 3198 718 3286 πατρός
730 3204 781 3265 καί
798 3208 835 3290 τῇ
853 3204 1000 3291 ἐνεργείᾳ,
1031 3199 1084 3268 τόν
1097 3203 1130 3267 δέ
1144 3201 1211 3267 υίόν
1225 3200 1262 3267 ου’
1276 3198 1352 3285 βοῦ-

191 3314 292 3372 λονται
311 3305 417 3388 ὅμοιον
437 3302 571 3393 εἶναιτῷ
587 3306 692 3389 πατρί,
722 3302 825 3385 ἐπειδη
841 3307 1079 3387 διαβεβαιοῦνται
1097 3304 1138 3388 μοὶ
1154 3301 1229 3370 εἶναι
1243 3305 1276 3370 ἐκ
1294 3310 1352 3398 τοῦ

194 3417 271 3476 θεοῦ
287 3410 499 3496 γεγεννημένον
512 3405 565 3473 τόν
580 3405 657 3488 υίόν,
680 3403 750 3470 άλλά
765 3405 858 3490 μόνον
875 3412 979 3490 κτίσμα
994 3403 1069 3472 εἶναι
1086 3404 1188 3486 αῦτόν,
1210 3408 1260 3471 καλ
1278 3411 1352 3473 τοῦ·

193 3539 244 3579 τον
265 3514 416 3597 διαφέρειν
434 3517 493 3576 τοῖν
512 3517 626 3576 λοιπῦν
648 3506 830 3592 κτισμάτων,
859 3508 905 3576 ότι
926 3536 955 3575 τε
976 3507 1107 3594 όττερέγει
1131 3511 1266 3595 μεγέθει,
1296 3509 1352 3575 καὶ

193 3613 237 3682 ότι
256 3623 372 3700 πρῶτος
388 3620 446 3679 τῶν
462 3608 603 3678 όπάντων
622 3608 742 3695 ῦπέστη,
764 3615 814 3677 καί
832 3611 878 3679 ότι
896 3610 1038 3701 όπουργρῦ
1055 3610 1291 3701 αῦτςῦέχρήσατο
1306 3614 1353 3690 είς

192 3716 246 3801 την
265 3725 326 3783 τῶν
349 3722 462 3782 λοιπῶν
485 3718 679 3799 δημιουργίαν
693 3712 711 3780 ό
724 3714 813 3794 θεός,
837 3715 955 3800 ἐπειδη,
977 3717 1070 3793 φασὶν
1085 3718 1118 3780 σί
1137 3716 1288 3799 αίρετικοί,
1310 3712 1352 3779 τά

194 3821 247 3904 μὲν
275 3819 343 3885 άλλα
368 3816 405 3885 δι’
421 3821 489 3885 υίοῦ
512 3814 531 3882 ό
551 3814 623 3893 θεός
642 3819 749 3899 ἐποίει,
778 3815 869 3883 αῦτόν
893 3819 925 3883 δέ
946 3815 984 3884 οῦ
998 3815 1049 3882 διά
1066 3844 1161 3897 τινος,
1184 3815 1243 3883 αλλ’
1258 3813 1352 3895 αῦτδς

194 3920 285 3988 αῦτόν
314 3921 510 4007 αῦτοῦργησε,
541 3922 591 3984 καί
616 3916 795 4003 ὑπερέχοντα
823 3921 941 4006 μεγέθει
970 3921 1020 3984 καί
1050 3919 1175 4004 δυνάμει
1206 3917 1351 4013 άπάντοεν

193 4027 319 4107 ἐποίησε.
363 4023 423 4089 Διά
443 4030 529 4088 τοῦτο
552 4021 645 4087 αῦτόν
665 4023 779 4088 ἐκάλεσε
800 4028 944 4108 μονογενῆ
965 4020 1038 4088 υίόυ.

56 4144 122 4213 Κεφ.
137 4137 177 4199 ιε’.
278 4125 376 4209 Ἡμεῖς
392 4127 424 4191 δέ
442 4128 473 4192 oc
492 4133 545 4208 τῆς
569 4132 734 4207 καθολικῆς
749 4127 902 4206 ἐκκλησίας
917 4127 949 4189 ἐκ
968 4132 1026 4190 τῦν
1041 4130 1135 4192 θείων
1150 4131 1274 4211 γραφοῦν
1291 4121 1351 4209 τήν

71 4274 123 4321 m,
134 4259 181 4306 m,
195 4225 354 4315 όμολόγίαν
367 4236 420 4313 τῆς
431 4233 555 4305 πίστεως
569 4226 783 4311 παρειληφότες
794 4225 890 4303 οῦτως
904 4229 1016 4310 ἐχομεν,
1038 4226 1083 4293 ότι
1098 4225 1116 4294 ό
1129 4226 1225 4312 πατὴρ
1238 4222 1349 4309 όμοίον

226 4440 251 4494 3.
267 4437 336 4504 παρὰ
352 4440 419 4490 codd.
441 4453 496 4489 παι.
520 4444 630 4501 uterquc,
654 4442 676 4487 τί
697 4434 752 4487 edit.
821 4435 879 4486 θιν.
897 4435 968 4487 xm.
986 4464 1019 4476 -
1062 4436 1259 4504 1.τῇαοιειιιιιπ
1275 4437 1349 4488 ιελίιι

190 4513 266 4575 μνέαι.
300 4504 344 4563 διὰ
361 4510 398 4558 ιδ
413 4507 496 4559 Paua.
787 4505 823 4555 ιδ.
842 4507 923 4556 Ριιαο.

815 4574 839 4624 ’λ
859 4575 987 4626 Carnarius
1011 4575 1064 4641 (ςαί
1078 4575 1146 4625 verm
1167 4570 1235 4623 iuxta
1258 4585 1349 4623 αιτιο-
