3096 5070
422 268 562 324 rounam
580 268 699 320 uranii.
716 268 801 322 rom.
813 271 844 321 n.
861 267 963 322 nasu.
974 269 1107 323 uxxvrr.
1283 257 1346 325 377

192 390 299 455 bouem
322 388 409 454 ailam
433 390 582 453 extricare
609 399 779 474 poterant..
801 387 850 452 Ex
873 389 910 453 iis
927 389 1015 472 longe
1034 389 1224 454 acerbissimo
1245 390 1346 455 dolore

192 514 227 559 ac
243 493 377 556 molestia
400 513 502 556 sumtis
518 492 634 570 adecti,
669 493 744 576 quod
765 492 843 556 inter
868 492 1037 577 praeeiaros
1061 492 1127 556 ilios
1145 513 1180 556 uo
1201 494 1284 557 laude
1304 493 1347 556 di·

156 647 159 654 .
188 616 265 681 gnos
283 597 390 660 iratres
409 605 527 658 nostros
544 605 643 658 tantae
661 595 866 659 contentiones
880 615 916 658 ac
933 594 1097 657 simultates
1115 594 1345 674 intercederent,

189 709 222 764 ut
237 709 393 785 perpetuas
412 697 442 762 io
460 719 514 760 nos
527 696 733 760 dissensiones
755 697 1022 780 importunissimus
1041 696 1089 760 iiie
1113 697 1231 760 bomani
1256 717 1347 780 gene·

189 801 231 866 ris
256 801 348 864 bostis
374 799 507 863 diabotus
529 799 675 862 immittat.
730 797 769 862 Et
794 819 866 862 vero
891 798 941 862 tati
967 799 995 862 io
1023 800 1134 862 erroris
1158 810 1344 883 argumento,

189 905 315 980 iratres,
349 901 505 988 praecipua
525 902 665 986 quaedam
688 902 767 964 trous
786 901 1050 965 circumveniendis
1073 902 1220 965 bominum
1242 901 1346 965 menti·

189 1006 244 1070 bus
261 1004 447 1068 versabatur.
493 1002 562 1067 Nisi
581 1003 657 1067 enim
674 1003 710 1066 de
729 1024 763 1066 ea
779 1024 812 1066 re
831 1004 913 1067 initio
933 1005 1010 1067 toret
1028 1005 1157 1068 excitata
1176 1003 1345 1089 disputatio,

189 1105 435 1193 simplicissimum
461 1105 595 1190 quiddam
617 1116 693 1169 erat.
745 1105 877 1191 Ecquam
901 1106 977 1170 enim
1004 1107 1111 1170 muodo
1133 1106 1249 1170 novitas
1275 1105 1348 1169 baec

190 1211 344 1274 utilitatem
362 1208 523 1300 conscivit?
545 1220 596 1273 aot
615 1209 681 1292 quid
697 1209 841 1272 ecciesiae
857 1209 986 1294 profuiti
1028 1206 1139 1272 Nonne
1158 1208 1349 1271 vehementer

190 1312 302 1389 nocrrit,
327 1333 391 1375 cum
411 1311 580 1375 intestinum
597 1313 693 1375 odium
711 1312 944 1395 simultatemque
960 1310 1115 1375 conflarit?
1159 1309 1219 1376 Sed
1236 1311 1284 1375 obi
1300 1331 1348 1374 se·

191 1413 247 1477 mei
267 1415 371 1498 dogma
385 1414 456 1477 iliud
474 1414 569 1500 coepit
592 1435 764 1497 emergere,
798 1414 1103 1478 formidolosissimum
1121 1415 1231 1477 extitit.
1275 1410 1346 1478 Non

191 1515 268 1579 euim
285 1517 319 1578 ad
338 1517 549 1600 expeditiorem
567 1517 692 1602 aliquam
710 1517 815 1581 salutis
839 1528 958 1580 nostrae
984 1517 1062 1580 viam
1082 1539 1117 1580 ac
1138 1516 1282 1581 rationem
1300 1536 1348 1580 re·

191 1619 296 1682 fertur.
343 1614 525 1702 Quicumque
542 1640 614 1682 vero
632 1642 691 1684 nou
710 1620 740 1682 iu
759 1619 814 1682 bac
833 1622 919 1683 modo
939 1630 1038 1703 parte,
1071 1620 1122 1683 sed
1144 1619 1190 1683 vei
1213 1619 1241 1682 iu
1258 1619 1348 1682 levis·

190 1721 263 1784 sima
287 1722 382 1805 aliqua
406 1723 560 1785 veritatem
579 1723 698 1785 minime
716 1723 884 1806 probtetur,
920 1723 1003 1785 fidem
1020 1721 1046 1784 is
1062 1723 1196 1786 eierasse
1213 1722 1349 1785 censebi-

191 1836 248 1888 tur.
270 1838 273 1844 '
296 1820 410 1910 Quippe
426 1846 463 1887 ne
478 1827 507 1887 in
525 1825 644 1889 minimo
659 1825 773 1908 quidem
791 1845 807 1887 a
825 1824 956 1887 veritatis
976 1823 1022 1888 via
1042 1825 1197 1888 deflectere
1218 1834 1345 1910 oportet.

192 1923 381 2012 Quapropter
404 1928 489 1990 etiam
518 1927 661 1992 adversus
687 1927 947 2013 opinionem'itiam
972 1927 1173 2012 disputemus,
1206 1948 1271 1990 cum
1293 1947 1347 1990 nec

190 2028 352 2092 abhorrere
370 2048 386 2090 a
404 2029 464 2092 vita
485 2040 604 2108 nostra,
637 2051 732 2115 neque
756 2040 877 2093 sanctae
896 2030 941 2092 dei
960 2030 1121 2108 ecciesiae,
1156 2029 1278 2113 fideique
1299 2049 1347 2092 re·

190 2131 288 2214 gulam
311 2131 451 2194 deserere
477 2132 555 2194 omni
574 2153 628 2216 ope
646 2135 826 2196 studeamus.
871 2130 980 2196 Notius
998 2132 1074 2195 enirn
1098 2153 1223 2215 unquam
1241 2151 1281 2195 ex
1296 2150 1348 2194 ve·

190 2234 303 2297 teribus
319 2234 387 2297 ittuo
406 2236 552 2312 asseruit,
586 2257 643 2297 non
663 2236 822 2322 propbeta,
857 2256 914 2299 non
937 2234 1106 2320 apostolus,
1140 2254 1198 2296 noo
1219 2254 1347 2317 evange-

189 2334 274 2413 lista,
300 2359 358 2400 nou
375 2337 568 2422 interpretum
590 2339 711 2422 aiiquis,
745 2317 799 2422 qui
818 2339 853 2401 ad
873 2349 1005 2400 nostrum
1026 2357 1117 2420 usque
1139 2348 1252 2421 tempus
1270 2335 1347 2400 exti-

192 2449 327 2533 terunt,¹
345 2461 436 2523 aquo
461 2439 620 2524 sophistica
645 2440 692 2503 iiia
712 2440 951 2525 cavillatoriaque
972 2462 1032 2504 vox
1051 2461 1089 2503 ex
1107 2438 1297 2502 eruditissimi
1314 2438 1349 2500 ii-

190 2539 247 2605 iius
266 2541 393 2605 bouiinis
411 2563 464 2604 ore
484 2543 640 2627 processit.
686 2540 756 2605 Nou
780 2544 857 2606 euim
880 2543 1057 2606 mediocrem
1076 2542 1226 2605 literarum
1252 2542 1349 2604 scien·

188 2643 258 2707 tiana
279 2646 373 2706 tuerat
390 2644 438 2706 iiie
462 2657 659 2720 consecutus,
691 2666 756 2708 cunr
774 2656 804 2708 et
823 2646 1042 2710 humanioribus
1062 2643 1244 2727 Graecisque
1262 2644 1350 2706 disci·

189 2746 276 2830 piinis
299 2757 380 2808 esset
402 2746 555 2825 excultus,
590 2759 620 2809 et
638 2747 820 2811 dialecticam
838 2769 872 2809 ac
891 2748 1077 2832 sophisticam
1100 2758 1191 2808 artem
1216 2746 1349 2830 inprimis

191 2848 330 2923 calleret,
362 2859 443 2910 esset
467 2847 543 2911 idem
566 2870 654 2934 porro
673 2849 828 2934 praecipua
848 2851 877 2912 ia
897 2852 974 2912 onirri
993 2852 1052 2913 vita
1071 2850 1217 2932 gravitate
1236 2849 1349 2930 praedi-

192 2960 255 3027 tus,
289 2950 348 3011 imo
366 2971 437 3013 vero
454 2963 484 3015 et
500 2953 675 3015 orthodoxis
693 2953 844 3030 cineribus,
878 2963 1034 3036 antequam
1060 2953 1224 3015 istiusmodi
1245 2954 1349 3033 dogma

192 3064 386 3138 proponeret,
412 3055 498 3136 derige
514 3055 697 3119 carissimos.
745 3051 912 3137 Quinetiam
928 3066 957 3117 et
974 3055 1095 3118 exitione
1114 3053 1255 3116 sustinuit
1273 3054 1348 3138 quod

191 3154 313 3220 Arianis
338 3156 475 3217 assentiri
500 3158 601 3220 uoiiet.
648 3153 708 3222 Sed
735 3159 801 3242 quid
829 3158 933 3220 attinet
961 3158 1090 3241 pluribus
1117 3155 1171 3219 ista
1192 3158 1349 3242 prosequi?

190 3255 333 3339 Magnum
357 3257 475 3321 omnino
498 3260 627 3324 dolorem
652 3281 687 3323 ea
710 3281 759 3322 res
783 3261 867 3323 nobis
890 3261 1002 3340 attulit,
1040 3270 1069 3322 et
1091 3259 1227 3322 acerbam
1259 3259 1348 3322 vitam

191 3359 335 3438 reddidit,
360 3360 496 3444 quoniam
520 3363 651 3426 diabolos
675 3362 808 3426 molestia
832 3384 904 3443 nos,
930 3374 963 3427 ut
983 3383 1071 3447 saepe
1095 3362 1185 3441 dixit,
1210 3363 1287 3425 solet
1304 3362 1349 3424 af-

191 3464 290 3526 beere.

275 3563 335 3630 Sed
356 3586 433 3628 nunc
451 3567 485 3628 de
504 3566 558 3628 boc
577 3577 750 3648 argrrmento
769 3566 918 3652 disputare
936 3567 1111 3650 aggredior,
1137 3588 1174 3630 ne
1193 3567 1292 3644 uliam,
1317 3576 1349 3630 ot
1398 3585 1459 3655 σῳ,

189 3667 273 3732 initio
288 3668 404 3745 monui,
429 3668 561 3731 veritatis
579 3680 689 3752 partem
707 3670 947 3752 praetermittam.
994 3669 1072 3752 Quid
1090 3671 1180 3753 igitur
1195 3690 1250 3733 nos
1267 3669 1348 3732 adio·
1376 3657 1475 3711 xm·

190 3783 242 3837 vot
267 3774 343 3857 quod
368 3771 404 3834 ab
423 3781 571 3854 assumpta
596 3769 722 3832 bominis
746 3771 775 3833 in
795 3768 915 3834 Christo
938 3785 1043 3836 natura
1067 3783 1194 3835 montem
1218 3771 1350 3834 excludi·

190 3877 276 3937 mos?
317 3872 396 3937 Nam
415 3874 440 3936 si
459 3893 494 3933 eo
515 3872 655 3956 cogitatio
673 3882 774 3934 nostra
790 3873 958 3955 perducitur
975 3885 1005 3937 ct
1021 3874 1138 3937 domino
1160 3885 1262 3936 nostro
1281 3869 1349 3936 lesu

191 3973 330 4056 Christo,
365 3997 400 4039 ac
420 3976 475 4037 deo
498 3976 607 4051 verbo,
639 3973 743 4058 deique
767 3975 844 4051 titio,
879 3986 911 4038 nt
925 3976 964 4038 ita
989 3976 1132 4055 dixerim,
1164 3975 1347 4053 subveniret,

192 4078 235 4154 si,
260 4079 397 4163 inquam,
423 4091 549 4142 mentem
567 4077 634 4141 ideo
652 4077 732 4139 ilium
752 4077 947 4162 assumpsisse
963 4097 1121 4161 negemus,
1147 4089 1179 4141 nt
1194 4099 1248 4156 ne,
1273 4078 1349 4161 quod

190 4182 225 4244 ad
249 4181 429 4245 divinitatem
455 4180 599 4265 pertinet,
631 4179 771 4242 interiore
798 4179 878 4243 ilium
902 4200 969 4243 esse
993 4179 1058 4242 loco
1081 4180 1227 4259 dieamus,
1262 4181 1350 4264 longe

223 4311 248 4366 4.
267 4310 296 4369 ον’
309 4321 392 4369 odiam
408 4324 441 4368 est
457 4319 510 4367 edit
523 4319 605 4369 Petne.
623 4318 702 4368 Goton.
716 4331 752 4368 re·
786 4319 850 4380 meod
872 4321 968 4368 cabum
990 4319 1097 4369 simititer
1117 4323 1257 4381 usurpatum
1280 4320 1351 4372 bobes

188 4389 248 4502 pub.
275 4455 381 4505 Fortasse
400 4456 549 4505 scribendunr
571 4461 752 4523 σνγκαταινεῖν,
792 4384 997 4505 hagirfflidtdtoit.
1017 4481 1049 4493 -
1085 4457 1105 4506 1.
1124 4453 1297 4522 προτιμότερον
1312 4461 1350 4510 vtr

189 4523 226 4572 oet
243 4522 468 4592 συγκαταβαίνειν,
495 4528 537 4574 out
555 4526 753 4595 συγκαταβῆναι,
787 4527 869 4577 doctus
884 4527 910 4577 r'n
926 4539 1004 4594 morp.
1022 4527 1122 4593 exempti
1140 4526 1277 4581 somniant
