3066 5078
1229 152 1276 227 ,ιη
1293 130 1299 139 ”

249 281 289 346 26
674 292 795 344 sanem
813 289 984 344 εειειιεειιι

248 407 435 487 ἐπισκόπων,
464 416 686 493 καθαιρεθῆναι
708 410 761 490 μὲν
779 407 914 490 Ἄρειον,
942 405 975 473 τό
1000 409 1032 473 δέ
1055 406 1195 489 καθαρόν
1212 415 1266 491 τῆς
1282 414 1417 490 πίστεως,

250 518 439 594 κηρυχθῆναι
456 519 539 589 πᾶσι,
563 513 614 575 καὶ
630 508 662 576 τό
678 513 745 596 περὶ
764 518 817 576 τού
841 510 945 592 Πόσχα
960 513 1002 586 είς
1019 513 1124 576 ἕνωσιν
1142 507 1228 592 ῆμοῖν
1242 508 1294 576 ύπ’
1311 513 1414 582 αὐτῶν

250 617 470 696 διορθωθῆναι.
506 611 654 679 Ἔκπαλαι
672 611 729 698 γόρ,
744 615 794 678 καὶ
812 610 871 678 όπό
886 620 945 678 τῶν
960 611 1066 696 προόην
1082 611 1197 696 χρόνων
1213 616 1312 698 διέστη
1329 618 1362 682 ἐν
1375 623 1416 707 ,τῆ

250 717 386 802 ἐκκλησίμ
400 714 555 798 διαφόρως
572 715 733 799 ἀγόμενον,
762 713 866 798 χλεύην
881 718 1029 796 ἐμποιοῦν
1047 717 1236 781 καθὲκαστον
1255 718 1330 796 ἐιος,
1352 726 1414 785 τόν

250 818 302 902 μὲν
314 815 372 899 πρό
388 817 557 900 ἑβδομάδος
570 816 737 883 ποιούντων
752 819 803 882 καί
820 816 1070 897 φιλονεικούντων
1085 815 1163 899 πρός
1177 817 1331 900 ἀλλήλους,
1353 828 1415 887 τῶν

250 921 283 986 δέ
299 918 371 1001 μετό
386 919 554 1002 ἑβδομάδα,
576 921 627 983 καὶ
646 926 703 983 τοῖν
719 920 771 1000 μὲν
787 919 1070 1003 προλαμβανόντων,
1093 926 1153 984 τοῖν
1166 921 1199 986 δέ
1214 921 1415 1003 μεσαζόντοον,

249 1019 343 1087 ἄλλων
366 1022 398 1086 δέ
420 1023 574 1103 μετέπειτα
597 1019 818 1086 ἐπιτελούντων.
863 1023 922 1085 Καὶ
946 1012 984 1103 ῆν
1001 1016 1104 1096 όπλῶς
1124 1020 1236 1106 φόρσις
1254 1022 1416 1107 πολλῆκαλ

203 1120 206 1125 ’
248 1122 397 1206 κύματος,
427 1119 468 1198 οἷς
485 1130 605 1198 πολλοῖς
618 1119 789 1206 φιλολόγοις
808 1120 864 1188 ούκ
879 1119 1032 1207 όγνωστον
1047 1125 1080 1188 ἐν
1098 1124 1207 1200 πόσοις
1223 1135 1340 1209 καιροῖς
1356 1126 1415 1192 θό-

250 1229 344 1309 ρυβος
368 1227 492 1290 ἐκινεῖτο
514 1227 546 1290 ἐν
569 1231 612 1313 τῷ
631 1227 858 1312 ἐκκλησιαστικρῖ
882 1223 1048 1310 κηρύγματι
1074 1228 1141 1309 περὶ
1163 1233 1218 1297 τοῦ
1235 1234 1289 1309 τῆς
1306 1230 1411 1312 ἑορτῆς

250 1326 360 1409 ταύτης
379 1325 558 1409 ζητήματος,
588 1329 620 1390 ἐν
646 1351 676 1391 τε
698 1325 817 1410 χρόνοις
835 1325 1039 1411 Πολυκόρπου
1056 1329 1107 1392 καὶ
1128 1332 1297 1412 Βίκτωρος,
1327 1327 1369 1407 ύς
1392 1328 1414 1415 ῆ

219 1470 230 1490 .
251 1427 381 1511 όνατολῆ
398 1428 474 1515 πρός
494 1428 550 1511 τῆν
572 1427 657 1493 δύσιν
674 1431 872 1512 διαφερομένη
896 1426 1030 1513 εἰρηνικαὶ
1050 1427 1118 1512 παρ’
1133 1428 1264 1512 όλλῆλων
1278 1429 1335 1497 ούκ
1351 1435 1412 1500 ἐδί-

250 1559 345 1619 χοντο.
387 1529 437 1597 Ἐν
452 1530 549 1606 ἄλλοις
562 1532 594 1596 δέ
609 1529 691 1604 ὅσοις
706 1540 839 1613 καιροῖς,
864 1533 896 1596 ἐν
910 1557 941 1596 τε
957 1531 1074 1614 χρόνοις
1088 1529 1280 1616 Ἀλεξάνδρου
1296 1535 1413 1602 ἐπισκό·

252 1661 312 1701 που
340 1632 579 1718 θἈλεξανδρείας
595 1634 646 1698 καὶ
668 1637 877 1715 Κρνσκεντίου,
908 1629 950 1708 ύς
970 1632 1047 1716 πρός
1066 1631 1209 1716 οἷλλῆλους
1228 1632 1412 1720 εύρίσκοντοιι

251 1739 373 1813 ἕκαστος
394 1736 494 1800 αὐτοῖν
519 1734 684 1821 γρύφοντες
709 1736 759 1798 καί
781 1734 1010 1817 διαμαχόμενοι,
1040 1738 1097 1812 ἕως
1111 1744 1169 1801 τῶν
1182 1734 1329 1820 ῆμετέρων
1342 1737 1409 1820 χρό-

250 1865 330 1917 νων,
361 1838 464 1915 ἐξότου
487 1836 635 1921 ἐταρόχθη
652 1834 724 1918 μετό
744 1834 796 1901 τόν
813 1836 919 1918 χρόνον
936 1845 995 1902 τῶν
1012 1837 1215 1921 ἐμπεριτόμων
1232 1836 1407 1916 ἐπισκόπων,

132 1977 183 2023 μ..
196 1965 241 2010 η,
255 1938 349 2016 οὕτως
367 1942 495 2024 ἐφέρετο.
541 1937 597 2003 Διό
615 1937 807 2013 συνελθόντες
825 1942 857 2003 οἱ
870 1939 1058 2022 πανταχόθεν
1074 1940 1139 2006 τότε
1155 1943 1208 2005 καὶ
1230 1939 1410 2025 ύκριβύσαν-

122 2772 189 2842 Κεφ.
202 2769 227 2828 ι’.

251 2067 298 2119 τες
313 2041 424 2124 ὥρισαν
439 2039 507 2123 μεθ’
523 2038 664 2124 όμονοίας
680 2045 813 2126 γίνεσθαι
831 2037 906 2106 κατό
922 2040 955 2107 τό
973 2045 1089 2126 πρέπον
1102 2051 1154 2124 τῆς
1169 2041 1279 2125 ψῆφον
1294 2046 1412 2126 καὶτῆς

254 2143 449 2220 όκολουθίας.

339 2765 396 2838 Είς
413 2769 499 2827 τοῦτο
523 2763 555 2827 δέ
577 2764 610 2826 σί
624 2758 709 2827 αύτολ
728 2757 877 2826 Αόδιανοὶ
895 2761 1103 2842 παραφέρουσι
1123 2756 1178 2841 τῆν
1198 2763 1256 2822 τῶν
1273 2753 1414 2821 ’Λποστό-

251 2871 311 2930 λων
324 2863 481 2942 Διύιαξιν,
513 2856 606 2928 οὖσαν
629 2865 681 2945 μὲν
703 2872 766 2939 τοῖς
786 2870 905 2936 πολλοῖς
923 2865 955 2927 ἐν
976 2861 1165 2949 όμφιλέκτφ,
1195 2857 1253 2924 ἄλλ’
1270 2859 1327 2924 οὐκ
1344 2855 1415 2923 όδό

253 2991 355 3044 κιμον·
378 2973 459 3030 πᾶσα
474 2964 531 3052 χόρ
547 2969 578 3030 ἐν
596 2964 671 3054 αύτῆ
692 2963 834 3046 κανονικῆ
849 2963 930 3040 τόξις
949 2966 1121 3047 ἐμφέρεται,
1142 2964 1193 3028 καί
1212 2959 1301 3027 οόδέν
1320 2986 1412 3043 παρα-

252 3068 467 3152 κεχαραγμένον
489 3076 541 3149 τῆς
556 3074 697 3147 πίστεως,
726 3066 817 3131 ὀὐδὲ
837 3072 887 3147 τῆς
907 3062 1078 3150 όμολοχίος,
1110 3062 1180 3130 ούδέ
1197 3071 1249 3145 τῆς
1264 3066 1415 3143 ἐκκλησια-

253 3177 355 3249 στικῆς
378 3168 552 3252 διοικῆσεως
575 3173 626 3235 καὶ
647 3170 775 3246 κανόνος
801 3170 852 3232 καὶ
870 3172 1004 3242 πίστεως.
1053 3166 1092 3232 Τό
1117 3167 1148 3232 δὲ
1167 3164 1272 3248 δητόν,
1304 3161 1357 3244 ύφ’
1378 3152 1417 3229 οὗ

252 3269 453 3354 λαμβάνοντες
469 3273 537 3353 περὶ
553 3278 606 3337 τοῦ
627 3271 732 3355 Πόσχα
747 3277 848 3346 κακῶς
863 3268 1136 3352 παρερμηνεόουσιν
1152 3271 1184 3333 οί
1195 3267 1416 3351 ηοειρημίνοι,

252 3376 304 3439 καὶ
320 3371 496 3458 α’χνοοῦντες
510 3375 615 3457 ἕτέρως
630 3371 908 3456 ὑπολαμβάνουσιν·
933 3368 1062 3450 όρίζουσι
1080 3368 1134 3455 χόρ
1153 3371 1187 3437 ἐκ
1198 3376 1236 3459 τῆ
1249 3367 1327 3456 αιἰτῆ
1345 3376 1418 3432 Δια·

254 3476 333 3555 τόξει
355 3479 386 3542 οἱ
415 3475 574 3542 ύπόστολοι
597 3475 659 3554 ότι,
688 3475 787 3558 Ὑμεῖς
809 3472 850 3556 μῆ
872 3478 1037 3554 ψηφίζητε,
1068 3470 1139 3536 ἄλλό
1160 3481 1271 3537 ποιεῖτε
1293 3468 1366 3535 όταν
1389 3471 1422 3534 σί

255 3576 379 3658 όδελφοὶ
396 3576 480 3661 ύμῶν
498 3582 530 3642 σί
549 3581 582 3643 ἐκ
604 3585 780 3663 περιτομῆς,
803 3572 862 3658 μετ’
884 3573 982 3639 αύτῶν
1005 3572 1066 3655 όμα
1090 3580 1231 3639 ἐποιεῖτε.
1276 3573 1338 3637 Καὶ
1360 3569 1419 3636 οόιτ

254 3680 358 3760 είπαν,
371 3682 468 3748 Ὅταν
490 3684 522 3745 οί
540 3676 665 3761 όδελφολ
685 3677 771 3761 όμοῑν
787 3681 819 3744 σί
837 3680 868 3743 ἐν
887 3683 1043 3765 περιτομῆ,
1066 3674 1137 3740 α’λλό
1153 3679 1185 3741 οἱ
1199 3677 1231 3740 ἐκ
1248 3679 1419 3758 περιτομῆς,

255 3787 305 3848 ἵνα
327 3790 441 3862 δείξουσι
462 3783 534 3861 τούς
563 3780 648 3849 3οἷπό
671 3791 726 3864 τῆς
741 3786 904 3863 περιτομῆς
921 3781 962 3854 είς
978 3777 1030 3859 τῆν
1045 3781 1201 3859 ἐκκλησίαν
1216 3774 1413 3858 μετελθόντας

256 3883 404 3968 αἰρχηγούς
419 3885 492 3953 εἶναι
507 3885 567 3970 μετ’
587 3888 701 3950 ἐκεῖνον
718 3882 771 3949 τόν
785 3881 907 3966 χρόνον,
937 3882 989 3947 καί
1006 3883 1048 3955 είς
1062 3879 1095 3945 τό
1115 3883 1338 3959 συμπείθεσθαι
1359 3885 1422 3952 τοῖς

257 3983 369 4063 ἄλλοις,
393 3991 434 4062 είς
447 3989 480 4056 τό
497 3987 540 4071 μῆ
559 3986 648 4052 ἄλλον
662 3994 761 4051 ποιεῖν
784 3982 904 4060 4όλλως
920 3985 972 4048 καὶ
991 3979 1079 4048 όλλον
1096 3979 1204 4045 ύλλοτε.
1254 3987 1349 4045 Τοῦτο
1363 3976 1421 4063 χόρ

258 4085 291 4152 τό
314 4094 375 4152 πᾶν
397 4091 564 4176 συνήγαγον
592 4088 760 4172 φρόντισμα
781 4086 832 4153 διό
859 4084 914 4168 τῆν
944 4087 1048 4149 ἕνωσιν
1070 4081 1124 4167 τῆν
1146 4086 1233 4165 μίαν,
1262 4085 1313 4146 ἰ’να
1335 4078 1377 4164 μῆ
1400 4072 1421 4170 ῆ

292 4329 317 4379 5.
326 4323 517 4392 Ἀλεξανδρείας
528 4345 575 4378 non
584 4333 651 4380 habet
666 4333 710 4379 οοδ
723 4331 819 4390 λλλιδλη.
889 4327 913 4374 ’λ
934 4327 969 4384 Gf.
987 4327 1064 4374 Grabe
1078 4327 1187 4387 δφλσίλεφ.
1199 4327 1217 4386 ί,
1235 4339 1290 4386 φοη.
1302 4318 1390 4385 ἐδιηη.

293 4396 351 4445 (λιν.
365 4396 397 4445 X.
423 4423 449 4432 -
489 4399 508 4445 1.
521 4399 601 4445 -Υετίια
618 4393 678 4449 οὐδὲ
693 4399 743 4463 τῆς
760 4392 821 4460 όμο·
891 4393 914 4443 3.
933 4389 963 4443 ἐκ
979 4393 1118 4456 περιτομῆς
1135 4395 1186 4442 cod.
1207 4394 1302 4453 ίλλιιδίφ.

257 4465 343 4530 λοχίας
358 4465 494 4515 exciderunt
516 4466 547 4512 αδ
567 4465 619 4513 τίλλε.
639 4468 721 4515 Ριλου.
741 4466 820 4514 colon.
890 4456 914 4509 4.
929 4453 1013 4517 ἄλλως
1027 4464 1110 4521 scripsi
1122 4475 1166 4522 ρτο
1180 4453 1279 4523 ἄλλους,
1294 4460 1356 4522 quod
1370 4460 1424 4508 libri

255 4539 325 4598 repat
856 4530 947 4578 λσλετιλ.
982 4531 1092 4579 petavius
1106 4530 1206 4590 φαίοίιαι
1224 4520 1321 4581 ἄλλοτα
