3096 5070
643 317 895 371 mnsxuauuur.
1283 300 1343 368 777

192 438 360 491 Sebuseorum
372 453 488 504 perversa
501 435 567 488 ratio
580 436 606 487 in
622 437 748 489 celebran-

223 522 261 574 dis
279 523 350 573 iestis
369 526 409 574 29.

190 613 278 661 Sectue
296 610 389 678 primae
406 608 533 658 hominnm
549 616 658 676 quatuor
676 612 716 659 18.

190 698 278 746 Sectse
295 705 391 763 septem
409 704 522 761 tempore
541 693 631 744 Christi
648 698 690 744 48.

87 777 91 784 ’
191 783 319 831 Sectururn
346 779 475 847 gentilium
499 788 606 847 quatuor
630 779 749 830 refutetio

224 870 263 915 10.

190 954 279 1002 Sectse
304 950 363 1002 olim
390 949 454 1002 duee
477 949 577 1018 gentilis
602 968 632 1002 ac
649 950 749 1002 ludaico

225 1040 264 1088 10.

819 436 1031 488 Christianismum
1039 441 1138 488 284-
1148 437 1214 487 unde
1222 435 1258 488 sie
1265 436 1343 489 nomi·

819 524 872 573 nati
885 522 946 573 ibid.
955 551 987 562 -
1013 539 1099 573 eorum
1108 520 1226 590 dogmata
1241 521 1301 573 ibid.
1313 549 1343 563 -

818 609 868 660 duo
878 625 968 676 genera
977 607 1105 658 hominum
1117 608 1271 659 constituunt
1284 611 1342 659 280.

817 723 852 734 -
869 710 955 745 eorum
971 694 1055 744 fabula
1070 693 1103 744 de
1120 693 1213 744 Chumo
1229 692 1291 743 ibid.
1310 721 1342 736 -

816 778 884 830 idem
908 796 963 828 cum
987 778 1087 829 Christo
1104 778 1194 830 Sethus
1218 778 1294 829 iusisse
1310 778 1342 831 ab

817 864 865 914 illis
881 863 991 915 creditur
1005 869 1062 914 286.
1080 893 1113 905 -
1147 863 1205 915 libri
1219 863 1342 915 subdititii

818 949 994 1000 Sethinnoruns
1010 949 1070 1002 ibid.
1090 977 1118 988 -
1137 949 1341 1002 HoreesmSetbi

818 1034 947 1103 coniugem
966 1034 1062 1102 lingunt
1078 1034 1139 1087 ibid.

190 1125 319 1173 Seetsrnm
343 1121 411 1190 apud
434 1121 568 1172 Samsritus
592 1130 618 1172 et
635 1121 747 1185 ludseos,
784 1120 973 1174 severianorum
994 1119 1103 1171 haeresis
1128 1123 1168 1171 20.
1190 1130 1249 1189 post
1267 1119 1340 1172 Chri-

223 1224 286 1275 quue
304 1207 473 1274 superfuerint
490 1206 610 1274 reliquiae
626 1212 667 1258 40.

190 1293 401 1344 Secundisnorum
411 1293 528 1353 haeresis,
539 1310 602 1360 quae
612 1304 669 1359 post
677 1291 749 1343 Chri·

223 1377 377 1429 stiunismum
400 1387 437 1428 est
459 1377 608 1428 duodecima
632 1382 689 1428 208.
716 1405 746 1416 -

222 1482 237 1514 s
257 1480 306 1532 qao
324 1463 467 1514 introducta
485 1462 545 1513 ibid

189 1552 284 1600 Senuar
298 1548 324 1599 iu
342 1550 470 1599 Persarum
486 1548 588 1615 regione
602 1546 665 1608 situ,
688 1547 748 1598 olim

225 1635 381 1702 Assyriorum
399 1634 448 1684 iuit
466 1638 489 1683 0.

191 1722 285 1771 Sensus
301 1736 402 1787 campus
419 1718 512 1770 electus
528 1737 543 1770 s
560 1717 644 1770 liberis
659 1717 748 1769 Noemi

223 1804 284 1856 ibid.

189 1893 280 1941 Sensus
306 1889 418 1958 corporis
444 1889 559 1954 fallaces,
584 1902 609 1940 et
627 1889 668 1940 vix
691 1907 748 1940 vers

224 1975 366 2043 percipiunt
384 1980 442 2026 088.

190 2065 247 2112 Sem
265 2071 326 2128 quot
342 2060 456 2127 genuerit
480 2060 544 2112 filios
566 2061 607 2130 qni
623 2077 692 2111 suam
706 2077 748 2111 re-

223 2146 322 2214 gionem
339 2156 486 2213 receperunt
505 2150 561 2195 704.

190 2231 256 2282 Semi
272 2230 343 2282 liberi
358 2241 513 2300 nepotesque
529 2231 606 2284 abiis
623 2232 749 2300 procreati

223 2319 245 2365 0.

188 2401 397 2453 Semisrianorum
438 2401 547 2453 haeresis
589 2403 655 2453 Llll.
697 2402 749 2454 sive

816 1206 985 1273 stisnismurn‚
1003 1205 1056 1255 sive
1074 1210 1115 1256 40.
1131 1205 1218 1257 ordine
1232 1210 1291 1256 888.
1309 1235 1342 1247 -

816 1296 934 1344 aSevero
951 1290 1059 1360 quodam
1073 1291 1135 1342 dicti
1151 1292 1212 1342 ibid.
1231 1321 1262 1332 -
1289 1292 1341 1344 eins

816 1377 935 1444 dugmsta
951 1376 1011 1428 ibid.
1028 1405 1057 1416 -
1091 1376 1176 1427 vinum
1189 1377 1290 1429 damnet
1301 1377 1341 1429 vi·

815 1472 916 1531 temque
941 1462 1050 1531 serpenti
1066 1480 1096 1513 ac
1116 1461 1219 1514 draconi
1236 1463 1342 1514 similem

816 1547 904 1599 usserit
918 1546 977 1599 ibid.
990 1576 1019 1587 -
1037 1548 1165 1599 mulierem
1180 1564 1279 1617 quoque
1293 1548 1341 1600 ds-

816 1644 902 1694 mnat‚
920 1642 947 1682 ut
963 1649 1025 1700 opus
1042 1636 1149 1684 Satunse
1164 1632 1224 1684 ibid.
1241 1644 1267 1684 et
1283 1637 1340 1685 888.

816 1746 845 1757 -
866 1717 991 1768 hominem
1009 1719 1099 1786 purtim
1113 1718 1164 1780 dei,
1182 1718 1273 1786 partim
1288 1736 1341 1771 esse

813 1784 1019 1854 701017711-
1034 1802 1341 1872 rrunsaponypuunnn-

816 1899 857 1939 tur
870 1887 929 1939 ibid.
938 1916 971 1928 -
991 1887 1067 1939 ritem
1080 1906 1130 1940 non
1144 1906 1198 1939 esse
1212 1907 1227 1939 s
1239 1889 1342 1942 diabolo

816 1991 847 2025 ex
863 1973 985 2041 serpentis
1000 1973 1094 2024 semine
1111 1973 1260 2041 productam
1277 1992 1341 2027 oon-

816 2068 855 2108 tru
873 2058 1020 2109 Severianos
1036 2059 1096 2110 ibid.

784 2143 955 2213 Sicyoniorum
969 2160 1072 2211 regnum
1081 2143 1286 2213 antiquissimum,
1302 2146 1340 2197 cni

818 2231 914 2298 Europe
930 2227 1001 2279 dedit
1016 2228 1113 2280 initium
1131 2234 1155 2281 9.

784 2314 961 2366 Similitudines
989 2315 1014 2365 in
1042 2315 1184 2383 scripturis,
1214 2316 1340 2384 quomodo

817 2411 876 2451 sunt
894 2399 1053 2466 accipiendae
1072 2405 1146 2452 1027.

222 2488 344 2538 Lxxm.
363 2493 421 2539 844.
437 2516 468 2528 -
486 2488 586 2557 quinam
602 2487 640 2538 illi
655 2487 749 2539 fuerint
783 2485 981 2537 simonianorum
996 2485 1105 2537 haeresis
1117 2486 1196 2554 primu
1208 2488 1240 2539 ab
1251 2497 1341 2539 exortu

223 2577 279 2623 840.
290 2602 323 2612 -
341 2573 400 2641 qnid
409 2573 441 2624 sb
451 2573 547 2624 Arianis
557 2572 676 2623 differant
687 2572 747 2624 ibid.

815 2570 941 2638 religionis
960 2570 1114 2622 Christianae
1131 2572 1197 2622 unde
1212 2572 1281 2624 dictu
1299 2577 1339 2626 00.

222 2687 254 2698 -
273 2658 382 2726 quidde
405 2658 456 2709 filio
480 2657 520 2708 dei
537 2666 563 2708 et
580 2657 677 2725 qualem
694 2676 748 2709 esse
781 2655 867 2707 Simon
884 2657 972 2723 Magus
989 2657 1041 2706 eius
1056 2667 1144 2708 auctor
1164 2657 1230 2708 unde
1252 2659 1340 2710 oriun-

223 2741 308 2794 dirsut
324 2742 384 2794 ibid.
402 2771 432 2782 -
468 2741 684 2794 consubstantialis
699 2761 747 2794 ro-

223 2845 276 2879 cem
297 2826 413 2880 reiiciunt
435 2825 538 2879 ibid-
573 2828 616 2895 qui
633 2838 747 2879 suctores

223 2913 293 2964 istius
310 2923 395 2963 sectae
413 2913 506 2962 fuerint
523 2912 585 2963 ibid.

189 3001 362 3066 Sempseorum
390 2985 519 3049 hominnm
547 2999 616 3051 natio
646 2999 746 3049 Ossenis

221 3083 304 3135 affinis
321 3086 361 3133 40.

189 3169 306 3237 Sepedon
320 3168 421 3236 viperae
434 3185 511 3236 genus
525 3168 619 3238 biceps,
635 3169 673 3220 cui
687 3169 748 3220 hue-

221 3254 282 3305 resis
301 3254 411 3304 Cerinthi
429 3265 588 3322 comperatur
605 3259 662 3305 110.

188 3343 250 3408 Seps
271 3338 339 3408 qnod
355 3338 450 3390 bestiue
474 3358 551 3407 genus
576 3340 615 3391 cni
638 3339 746 3391 heeresis

223 3434 381 3492 comparatur
398 3428 455 3475 207.

188 3512 302 3561 Semrnm
325 3527 392 3560 mors
418 3509 551 3571 ridiculus,
581 3519 608 3560 ut
631 3510 747 3578 plsceant

222 3594 339 3646 uxoribus
358 3598 432 3646 1091.

188 3680 316 3748 Serpentis
341 3680 488 3748 prudentis,
521 3689 547 3730 et
571 3697 615 3731 cnr
638 3679 674 3731 illi
700 3698 746 3732 nos

221 3766 313 3818 similes
336 3783 389 3816 esse
413 3766 466 3816 vult
492 3764 602 3816 Christus
629 3770 687 3815 274.
713 3794 746 3805 -

221 3852 272 3903 duo
282 3851 431 3920 prudentiae
441 3850 510 3918 signa
519 3851 544 3901 in
557 3861 673 3918 serpente
686 3850 746 3901 ibid.

187 3941 295 4006 Serpens
313 3956 327 3988 a
346 3937 435 4005 Moyse
453 3954 497 3986 cur
513 3945 609 3986 erectus
627 3940 684 3985 270.

187 4026 321 4092 Serpentes
345 4021 433 4091 quibus
447 4021 521 4072 rebus
539 4021 619 4088 sagari
639 4020 744 4073 credan-

220 4119 262 4159 tnr
282 4112 339 4158 422.

188 4194 281 4246 Seruch
306 4193 368 4244 lilius
391 4193 476 4262 hhs'gs
490 4192 697 4262 provocationem
712 4192 744 4243 si·

221 4278 323 4346 gnificat
340 4282 363 4328 7.

187 4365 277 4414 Selhus
293 4373 356 4432 quot
372 4381 449 4415 ennos
469 4364 576 4427 vixerit,
601 4374 630 4414 et
645 4362 745 4433 qnando

221 4448 305 4498 vivere
321 4448 424 4500 desierit
441 4449 534 4500 relictis
553 4449 635 4500 liberis
653 4452 709 4499 280.

188 4533 362 4589 Sethianorurn
377 4534 485 4586 haeresis
499 4533 672 4589 decimanona
686 4543 745 4607 post

816 2741 861 2791 dus
877 2740 936 2792 ibid.
946 2769 981 2781 -
999 2740 1066 2808 apud
1084 2759 1146 2809 quos
1160 2759 1188 2793 se
1203 2741 1276 2794 denen
1291 2761 1340 2811 pa·
1411 2734 1417 2745 ἴ

814 2838 889 2886 trem,
906 2825 973 2893 apud
988 2843 1050 2896 quos
1063 2825 1140 2878 filiurn
1157 2826 1265 2879 iuctsbst
1279 2828 1339 2880 ibid

816 2939 846 2950 -
865 2927 938 2979 aquo
952 2911 1093 2979 baptizetur
1105 2911 1165 2963 ibid.
1174 2942 1207 2953 -
1227 2925 1340 2965 unctum

815 2995 928 3063 spiritum
945 3012 994 3047 nnn
1008 2997 1120 3058 accedit,
1148 3007 1174 3048 et
1190 3015 1233 3049 cur
1249 3016 1280 3050 eo
1295 3017 1339 3050 us-

815 3081 892 3132 ruerit
898 3081 959 3133 ibid.
969 3112 1003 3122 -
1021 3081 1140 3133 avaritiae
1152 3082 1251 3133 deditus
1261 3083 1293 3135 ib.
1306 3112 1340 3126 -

815 3167 930 3235 pecunias
948 3167 1040 3219 obtulit
1064 3169 1154 3230 Petro,
1181 3178 1210 3218 nt
1226 3168 1339 3236 spirirum

814 3262 925 3303 sunctum
946 3251 982 3303 illi
1005 3253 1132 3304 conferret
1156 3271 1202 3322 per
1222 3273 1339 3307 mannum

814 3336 998 3405 impositionem
1019 3342 1060 3389 08.
1078 3366 1110 3378 -
1145 3339 1338 3405 aduemuuibus

814 3441 860 3491 per
873 3422 979 3491 meginm
995 3422 1102 3483 delusus,
1121 3434 1147 3475 et
1164 3426 1287 3477 veneficus
1303 3426 1338 3478 ib.

814 3538 847 3549 -
859 3508 885 3559 in
895 3510 1016 3559 Venerem
1024 3508 1142 3578 proclivis
1153 3509 1214 3560 ibid.
1222 3539 1255 3551 -
1273 3527 1336 3563 con·

815 3594 927 3645 cubinam
936 3594 1023 3644 habuit
1033 3594 1133 3646 nomine
1143 3595 1263 3647 Helenam
1278 3595 1338 3648 ibid.

814 3706 848 3718 -
865 3697 939 3747 quum
954 3697 1018 3730 rene
1034 3678 1066 3730 de
1080 3697 1117 3742 se,
1135 3680 1208 3732 etde
1224 3698 1267 3731 sua
1283 3681 1338 3731 lie·

813 3766 870 3816 lens
890 3765 995 3816 absurde
1017 3765 1116 3817 finxerit
1131 3765 1190 3817 ibid.
1209 3794 1241 3806 -
1276 3765 1339 3817 hsee

813 3850 844 3900 nb
856 3849 987 3901 haereticis
1003 3861 1091 3902 vocata
1103 3851 1210 3903 Burbero
1223 3851 1263 3902 vel
1277 3853 1338 3902 ber·

814 3936 871 3987 belo
885 3935 945 3986 ibid.
961 3944 986 3986 et
998 3940 1037 3987 07.
1046 3964 1081 3977 -
1098 3946 1124 3987 et
1136 3937 1167 3988 ab
1176 3937 1231 4005 ipso
1238 3937 1338 3989 Simone

814 4022 889 4088 Mago
904 4020 972 4072 dicte
988 4021 1100 4073 Minervs
1118 4026 1157 4073 07.
1171 4051 1204 4062 -
1236 4022 1298 4074 item
1312 4032 1338 4075 et

814 4105 892 4156 Notio
918 4116 945 4156 et
969 4105 1027 4156 Ovis
1055 4107 1192 4158 errabunda
1217 4106 1339 4175 evangelii

814 4195 854 4240 08.
870 4216 905 4230 -·
937 4191 983 4243 sub
1002 4190 1067 4243 loris
1084 4210 1112 4243 se
1127 4192 1250 4260 imagine,
1276 4192 1337 4245 item

813 4294 881 4327 suurn
904 4277 1025 4329 Helenum
1043 4278 1088 4328 sub
1111 4278 1195 4345 specie
1209 4278 1336 4333 Minervae

813 4362 892 4413 asnis
905 4362 986 4413 voluit
999 4363 1098 4414 adorari
1113 4363 1173 4415 ibid.
1190 4393 1225 4405 -
1258 4365 1334 4419 ioeds

814 4464 945 4515 corporum
962 4448 1082 4516 prodaris
1098 4449 1205 4500 institnit
1221 4450 1282 4502 ibid.
1302 4480 1333 4493 -

812 4533 892 4587 varias
908 4532 1085 4607 intelligentias
1102 4533 1128 4590 iu
1145 4535 1220 4589 coelis
1238 4537 1334 4591 consti·
