3096 5070
375 272 513 351 rausnu
528 274 591 325 nra.
609 275 651 324 ιιι.
669 274 752 327 rou.
766 275 798 325 ιι.
816 275 932 325 euros.
950 275 1015 328 rin.
1035 274 1178 328 cernon.
1295 265 1358 330 tte

197 393 227 457 in
247 393 311 479 ipso
331 391 430 457 vitalis
449 394 589 476 quaedam
613 393 706 456 virtus
733 393 913 457 continetur.
959 392 1067 476 Neque
1091 394 1119 456 id
1142 393 1236 457 solum
1262 406 1356 459 actum

197 506 291 559 estut
310 515 365 559 nos
388 516 462 579 aqna
489 505 677 582 repurgaret‚
710 496 761 558 sed
791 507 821 559 ιιι
841 515 934 579 aquae
957 495 987 557 ui
1006 495 1178 579 perfidem,
1213 495 1358 561 actionem

197 607 228 661 et
242 618 323 683 spero
343 620 378 662 ac
397 599 604 684 mysteriorum
622 595 816 660 initiationem
834 609 865 659 et
880 597 1116 660 consecrationis
1132 597 1358 683 appellationem

196 700 231 763 ad
261 702 420 784 perfectam
448 701 670 783 absolutamque
701 700 825 762 salntem
860 699 944 762 nobis
974 697 1046 782 ipsis
1074 701 1221 763 coulerat.
1276 697 1357 783 Ergo

196 798 336 866 Christus
352 803 483 866 ascendit
500 823 516 864 e
535 799 677 879 lordane,
703 822 806 865 vocem
822 802 915 886 patris
930 802 1038 879 audiit,
1064 823 1147 886 qnam
1164 811 1193 863 ct
1210 801 1355 886 discipuli,
1379 807 1464 855 steten
1476 808 1497 855 ³·

196 905 244 988 qni
269 905 409 982 aderant,
443 904 616 981 audieruntq
648 915 679 966 ut
698 905 763 988 quis
789 903 838 966 ille
868 905 960 981 loret,
995 903 1041 966 cni
1063 903 1262 966 testinnonium
1288 904 1357 967 illud

196 1005 405 1088 praeberetur,
441 1016 649 1090 agnoscerent.
697 1005 775 1070 Τιιιιι
804 1007 892 1068 etiam
916 1004 1037 1090 spiritns
1062 1016 1182 1068 sanctus
1204 1004 1357 1069 colombae

195 1107 294 1191 specie
314 1109 450 1194 delapsus
471 1119 533 1185 est,
564 1109 805 1191 quemadmodum
822 1108 850 1171 iu
871 1108 1025 1171 multarum
1043 1106 1206 1170 haereseon
1223 1107 1357 1169 conluta·

196 1209 276 1272 tione
292 1210 431 1274 diximus.
478 1210 523 1272 Ac
538 1231 574 1273 ne
591 1211 705 1273 trinitas
724 1210 786 1294 ipsa
806 1211 835 1273 in
854 1232 942 1274 unum
959 1210 1077 1272 reducta
1097 1211 1276 1292 contusaque
1292 1228 1357 1271 cre-

196 1311 332 1387 deretur,
365 1313 484 1397 spiritns
501 1312 617 1398 propria
644 1312 673 1375 in
694 1334 820 1397 persona
842 1313 963 1396 liguram
983 1312 1060 1373 illam
1077 1310 1188 1387 induit,
1222 1323 1250 1372 et
1268 1330 1358 1394 snper

196 1413 273 1476 illum
293 1414 418 1491 resedit,
449 1436 541 1498 seque
568 1415 596 1477 in
618 1415 711 1499 ipsum
736 1414 915 1493 insinuarit3
948 1425 978 1476 nt
997 1415 1021 1476 is
1040 1413 1087 1476 oui
1106 1412 1304 1475 testimouium
1322 1411 1357 1474 il-

194 1515 243 1578 lnd
268 1516 482 1600 suffragabatur
505 1517 681 1601 conspicuos
706 1529 804 1594 esset,
836 1528 924 1600 ntquc
949 1526 1169 1580 sacrosanctam
1191 1513 1268 1576 illam
1291 1534 1356 1578 car·

195 1638 260 1681 nem
288 1619 408 1681 anticam
434 1640 518 1696 esse,
551 1620 666 1702 deoque
694 1619 829 1704 placere,
863 1620 954 1703 petris
979 1641 1013 1682 ac
1037 1617 1157 1701 spiritns
1181 1615 1356 1679 anctoritate

194 1731 361 1799 constaret,
396 1733 424 1783 ιιι
443 1721 512 1784 illud
531 1721 693 1806 praedicari
714 1721 807 1805 palam
830 1731 946 1804 posset,
981 1719 1215 1782 incarnationem
1236 1718 1285 1780 lilii
1302 1739 1356 1781 vo·

193 1821 272 1885 lente
289 1843 323 1884 ac
342 1823 482 1907 probante
498 1835 579 1907 patre
596 1842 663 1884 esse
682 1824 860 1907 perlectam,
885 1844 918 1884 ac
935 1823 1059 1905 deniqne
1077 1842 1166 1884 verns
1184 1832 1214 1883 ut
1232 1840 1356 1905 appare·

193 1934 240 1987 ret
257 1923 332 1987 lilios
350 1935 380 1987 et
394 1925 462 1987 illud
480 1923 638 2008 prophetae
655 1923 823 1989 vaticinium
844 1924 989 2007 expleret,
1014 1928 1216 2005 deposttoec
1230 1929 1352 1985 auterre
1378 1944 1478 1989 neruo.

194 2031 270 2088 orsus
292 2039 349 2101 ert,
385 2039 413 2088 et
434 2048 495 2087 cnm
520 2028 677 2088 dominibus
703 2039 894 2089 conversetur.
943 2022 1037 2108 lgitur
1056 2047 1072 2089 e
1092 2023 1216 2088 lordane
1240 2025 1355 2108 digres-
1374 1997 1494 2093 tillidi.

193 2149 244 2192 sne
270 2140 352 2191 certo
382 2149 510 2212 vereque
533 2150 548 2188 a
570 2128 684 2191 diabolo
710 2129 740 2191 in
760 2130 877 2191 deserto
900 2137 1029 2190 tentatus
1049 2138 1111 2205 est,
1148 2140 1177 2191 et
1195 2139 1262 2212 post
1280 2126 1354 2191 ieiu-

194 2231 272 2293 nium
291 2231 411 2308 esuriit,
446 2240 478 2293 ιιι
494 2232 569 2315 qnod
588 2251 679 2292 uerae
704 2229 786 2293 carni
804 2241 960 2314 susceptae
982 2240 1213 2292 consentaneum
1232 2240 1279 2292 est
1299 2250 1354 2293 ex·

172 2322 175 2328 ’
192 2334 342 2418 primeret.
391 2329 559 2396 Secundum
577 2333 649 2395 haec
666 2333 823 2417 discipulos
840 2332 946 2415 elegit,
982 2331 1134 2394 veritatem
1160 2330 1351 2416 praedicavit,

192 2435 391 2518 aegritudines
409 2436 543 2511 sanarit,
568 2435 703 2521 dormiit,
728 2433 848 2510 esuriit,
872 2435 930 2496 iter
949 2433 1033 2510 lecit,
1065 2434 1194 2516 prodigia
1212 2432 1350 2517 patrarit,

193 2547 325 2600 mortuos
343 2537 504 2616 excitarit,
536 2537 634 2600 caecis
649 2537 744 2599 visum
760 2536 1011 2620 repraesentavit,
1042 2535 1153 2599 claudis
1170 2546 1198 2596 et
1214 2534 1353 2619 paralyti-

195 2639 238 2701 cis
254 2639 334 2701 vires
350 2639 489 2703 restitnit.
537 2636 788 2721 Quemadmodum
804 2637 989 2721 evangelium
1007 2638 1099 2722 ipsunt
1115 2635 1254 2700 coelestis
1267 2637 1353 2719 regni

194 2741 368 2818 veritatem,
401 2763 515 2804 accnm
534 2742 625 2826 ipsius
645 2742 714 2818 lilii,
747 2752 805 2803 tum
823 2740 930 2825 patris,
962 2738 1134 2824 aespiritus
1153 2739 1247 2802 sancti
1270 2738 1353 2801 boni·

116 2844 125 2863 '
194 2851 282 2915 tatem
315 2842 582 2927 hutnanitatemque
612 2842 807 2927 praedicauit:
841 2843 916 2905 idem
947 2841 997 2904 ille
1031 2863 1118 2927 porro
1150 2862 1257 2904 revera
1284 2861 1350 2904 cru·

194 2943 289 3007 cintus
316 2944 345 3006 in
365 2966 418 3008 sua
442 2966 530 3008 carne
555 2957 584 3009 et
610 2947 738 3029 perlecta
764 2944 889 3007 hominis
912 2952 1017 3007 natura
1040 2943 1196 3021 sustinnit3
1229 2963 1300 3007 rere
1320 2942 1350 3005 in

194 3066 281 3108 cruce
305 3067 408 3131 pessos
430 3058 495 3125 est,
526 3047 715 3132 itaquidem,
749 3047 876 3109 utinen
895 3046 1213 3125 divinitaseaisteret‚
1245 3044 1349 3110 sedad
1383 3019 1391 3051 ⁸

193 3145 359 3233 patiendum
377 3149 495 3212 minime
513 3169 580 3213 sese
597 3160 804 3229 conuerteret,
835 3147 888 3212 sed
907 3147 1053 3232 passionis
1072 3168 1182 3233 expers
1199 3159 1230 3211 et
1246 3148 1350 3211 immn-

193 3248 291 3313 utitis
315 3264 457 3312 maneret.
504 3248 570 3333 Qna
589 3249 618 3314 in
639 3272 671 3315 re
688 3253 746 3315 dno
768 3250 816 3314 illa
838 3261 1036 3314 consentanea
1059 3250 1224 3313 certissime
1243 3248 1351 3313 intelli·

192 3361 319 3434 guntur,
353 3363 380 3414 nt
398 3364 428 3415 et
444 3351 581 3416 Christus
599 3374 651 3438 pro
670 3353 754 3417 nobis
773 3374 863 3416 carne
877 3354 914 3415 sit
933 3373 1054 3436 passos,
1086 3363 1116 3415 et
1132 3352 1278 3436 passionis
1296 3371 1351 3414 ex·

192 3473 260 3536 pers
288 3453 486 3517 indivinitate
505 3467 686 3539 permaneat.
732 3454 802 3519 Non
822 3455 899 3540 qnod
925 3455 1051 3517 hominis
1072 3464 1176 3516 natura
1194 3475 1229 3515 ac
1245 3452 1351 3518 divini·

191 3564 236 3619 tas
255 3566 410 3641 separatae
428 3577 443 3617 a
463 3557 636 3619 seinvicem
663 3557 813 3635 existant,
846 3578 949 3621 uerum
968 3557 1083 3620 tametsi
1103 3578 1160 3619 una
1180 3564 1262 3618 esset
1276 3553 1351 3617 divi·

190 3655 285 3734 nitus,
319 3657 389 3720 nilril
409 3657 446 3720 ob
466 3657 611 3720 sinceram
636 3668 665 3720 et
685 3658 941 3743 incomparabilem
967 3669 1100 3722 naturam
1124 3668 1170 3720 est
1194 3676 1344 3742 perpessa.

190 3756 387 3823 Aternium
405 3770 435 3822 et
450 3760 478 3822 in
500 3780 589 3823 carne
607 3780 709 3843 passos
729 3770 792 3834 est,
817 3770 847 3822 et
865 3759 895 3821 in
913 3761 1013 3824 eadem
1033 3770 1128 3823 morte
1145 3770 1192 3822 est
1208 3760 1344 3838 allectus,

190 3882 255 3926 cum
280 3862 398 3925 interim
424 3862 577 3925 divinitate
600 3862 661 3945 ipsa
684 3859 800 3923 viveret
822 3882 856 3924 ao
883 3872 1014 3925 mortuos
1041 3860 1205 3939 excitaret,
1241 3882 1347 3947 corpus

189 3985 312 4028 verone
332 3986 403 4028 vera
419 3965 562 4050 sepultum
580 3985 615 4027 nc
634 3962 729 4026 triduo
747 3963 844 4026 anima
862 3984 966 4026 carens
985 3973 1015 4027 et
1030 3963 1133 4047 spiritu
1152 3975 1290 4048 motuque
1305 3964 1348 4028 ia·

187 4079 286 4146 aeret,
320 4066 488 4130 obuolutum
511 4065 653 4143 sindone,
688 4064 953 4128 inmonnmentnm
977 4066 1160 4150 depositum,
1192 4066 1343 4131 occlusum

190 4169 284 4254 lapide
301 4191 335 4231 ac
352 4169 455 4253 sigillis
473 4168 668 4253 obsignatum.
714 4164 820 4250 Neque
842 4187 914 4230 uero
939 4167 1002 4252 ipsa
1020 4178 1066 4232 est
1086 4169 1223 4232 conclusa
1240 4169 1346 4235 divini·

190 4278 236 4332 tas
251 4282 302 4333 aot
318 4272 448 4356 sepulta,
479 4271 531 4335 sed
549 4274 613 4333 cnm
631 4269 815 4334 sanctissima
838 4269 902 4332 eins
920 4270 1016 4334 anima
1038 4271 1073 4333 ad
1089 4271 1201 4335 inferos
1223 4272 1346 4338 descen-

191 4371 250 4446 dit,
281 4372 467 4457 indidemque
484 4373 614 4456 captivas
636 4371 749 4436 animas
768 4371 892 4455 eripuit,
927 4377 1069 4435 structum
1093 4379 1192 4436 mortis
1210 4378 1339 4458 a'rrfregr‘t,
1379 4391 1460 4491 {3⁰23

222 4508 248 4559 e.
264 4509 321 4559 Post
342 4502 484 4578 πνεύματος
498 4524 585 4564 uocum
606 4514 677 4578 copul
692 4511 775 4576 tuctptt
791 4510 887 4562 incdit
906 4510 989 4562 Pctou.
