3096 5070
211 271 273 338 148
661 287 772 340 rnoax
789 286 919 342 11111111.

209 403 344 457 Aoomoios
364 421 418 455 esse
436 393 582 457 idololatras
598 416 624 456 et
642 407 721 461 solem
741 425 770 459 ac
837 407 983 459 allectiouea
1000 407 1087 459 babuit
1101 407 1163 458 ibid.
1182 433 1215 448 ·-
1250 408 1387 459 humanae

242 500 336 541 ceteras
354 501 478 541 creaturas
495 491 600 542 adorare
618 493 674 542 881.
838 504 941 544 natuma
970 493 996 543 in
1025 494 1125 544 Christo
1156 492 1271 560 dignitas
1302 494 1386 543 1088.

209 591 386 644 „mim-„m
404 592 476 660 0530
500 603 525 642 et
543 610 557 644 ι
576 609 625 661 quo
642 593 768 661 propage,
809 578 1035 646 Apollinaristarusn
1053 578 1207 646 blasphemia
1226 577 1263 628 de
1282 576 1386 628 Christi

240 677 290 728 13⁰1
306 681 363 727 333,
839 680 944 731 corpore
959 663 1105 731 imaginario
1120 666 1231 713 998.-
1268 673 1384 731 11111111-

208 762 323 813 Aoomoii
336 779 391 812 com
410 762 507 812 ludaeis
520 763 681 814 conteruntur
692 767 766 815 1080.
837 748 942 799 ”imm
960 765 1009 799 ⁰⁰¹¹
1024 748 1162 799 “lullum
1179 758 1300 799 mmm
1315 747 1385 798 ibid·

807 833 921 900 Apostoli
938 832 1048 892 dictum,
1077 836 1145 896 (laod
1168 835 1234 898 {aeia
1260 849 1312 883 noa
1341 848 1383 884 oo·

209 863 509 915 Antidicomarianitarum
524 864 631 915 haeresis
645 865 768 934 qninqna—
1117 918 1123 930 ,
1153 918 1159 930 ι

836 933 935 981 pnosco,
959 917 1085 986 quomodo
1102 929 1136 968 srt
1151 915 1385 984 interpretandum

241 948 332 1015 gesima
342 958 429 998 octaua
445 948 497 999 sire
507 953 545 999 78.
556 949 644 1000 ordine
654 953 728 1001 1088.
736 979 770 990 -

241 1033 319 1103 qualis
337 1034 378 1084 illa
398 1034 473 1084 luerit
490 1034 550 1085 ibid.

209 1133 408 1204 Apollriunornm
434 1136 543 1186 haeresis
570 1141 611 1188 84.
637 1150 695 1206 post
723 1157 769 1191 ex·

241 1230 322 1271 ottttm
346 1220 525 1273 Christianismi
551 1227 608 1273 880.
633 1253 666 1264 -
704 1225 770 1276 ande

838 1006 896 1055 088.

807 1087 981 1155 Apostolorum
998 1087 1152 1139 ladaioorum
1173 1087 1292 1147 1111111111,
1323 1097 1385 1138 tum

838 1183 863 1222 et
880 1172 1048 1223 ministrorum
1071 1173 1113 1241 qai
1131 1173 1257 1224 Asanitae
1281 1170 1383 1223 dicua-

838 1268 880 1309 tur
895 1262 953 1307 tuo.

240 1302 277 1354 sic
301 1305 422 1356 nominati
446 1307 505 1357 ibid.
524 1336 556 1348 -
593 1308 686 1376 Apellis
703 1308 769 1404 dog:
807 1343 984 1411 Apouopowm
1003 1342 1151 1394 commotio
1175 1357 1228 1410 qm
1252 1341 1314 1393 ,ἰὼ
1334 1360 1382 1392 α,

241 1400 308 1440 mata
333 1390 392 1439 ibid.
422 1421 451 1430 -
496 1392 630 1444 Marcionis
659 1395 769 1461 magistu

241 1473 278 1525 sui
293 1475 435 1543 opinionem
451 1490 578 1545 oppugnat
592 1476 652 1528 ibid.
665 1508 694 1517 -
723 1479 770 1529 tria

243 1559 353 1610 eiusdem
372 1562 492 1629 principia
510 1561 631 1626 destruit,
649 1580 678 1613 ac
695 1581 769 1614 unam

242 1644 345 1696 omnino
360 1646 491 1697 constitnit
507 1650 564 1699 881.
575 1676 610 1688 -
627 1648 700 1699 deum
718 1649 770 1698 vult

242 1729 340 1779 unicum
359 1748 412 1780 esse
429 1728 576 1800 principium
594 1733 647 1783 sine
671 1733 771 1783 nomine

243 1815 302 1866 ibid.
316 1844 350 1854 -
385 1816 510 1884 negligere
525 1816 643 1867 mundum
658 1817 718 1868 ibid.
739 1847 767 1857 -

242 1900 286 1950 sed
317 1900 384 1951 hunc
416 1901 490 1952 alium
523 1900 596 1952 deum
626 1901 770 1970 produxisse

241 1984 326 2035 mnndi
340 1995 486 2049 creatorem,
504 1987 548 2037 sed
562 1988 654 2038 malum
669 1987 771 2037 ibid.-

242 2069 293 2119 cius
320 2068 464 2138 dogmatum
491 2072 632 2123 confutatio
657 2072 719 2123 ibid.
737 2101 768 2110 -

244 2154 368 2206 Christrnn
387 2156 446 2207 boni
472 2156 513 2207 dei
538 2157 614 2208 lilium
638 2157 770 2225 postremis

243 2241 396 2309 temporibus
420 2242 516 2293 venisse
539 2241 627 2293 usserit
651 2242 711 2293 ibid.
738 2272 768 2283 -·

243 2327 348 2377 eundem
365 2344 396 2378 es
416 2327 494 2378 Maria
512 2327 607 2395 virgine
626 2339 711 2377 nattum
729 2327 769 2377 di-

244 2413 294 2472 cit,
312 2411 357 2463 sed
375 2412 475 2462 aliunde
492 2430 591 2464 carnem
611 2411 770 2480 assumpsisse

242 2500 302 2552 ibid.
322 2530 352 2540 -
381 2497 476 2550 scilicet
492 2515 521 2547 es
538 2508 644 2566 quatuor
658 2497 770 2548 elemen-

241 2585 273 2637 tis
292 2589 348 2635 888.
368 2612 399 2623 -
427 2580 554 2652 quomodo
572 2600 626 2633 eum
644 2581 770 2650 deposue-

148 2704 152 2713 .
242 2670 275 2721 rit
300 2669 359 2718 ibid.
379 2698 410 2708 -
446 2667 545 2718 subulae
572 2666 635 2718 tales
659 2667 771 2719 ridentur

242 2767 268 2806 et
297 2752 445 2805 refelluntur
478 2753 539 2804 ibid.
565 2783 593 2792 -
640 2753 771 2804 mendaces

242 2840 379 2908 Apelleiani
392 2843 450 2890 888.
472 2868 501 2877 -
528 2850 620 2906 negant
639 2856 771 2908 corporum

242 2924 449 2976 resurrectionem
467 2923 528 2975 ibid.
549 2954 575 2963 -
614 2925 699 2993 inepte
717 2923 770 2974 dis-

241 3020 325 3060 serunt
342 3010 374 3059 de
388 3010 468 3060 anima
486 3009 685 3060 0111118111.-
711 3009 771 3060 item

242 3094 274 3144 de
292 3112 397 3164 corpore
411 3093 520 3146 eiusdem
538 3098 596 3146 888.
617 3124 645 3134 ·-
682 3112 771 3162 corpus

242 3181 307 3231 onim
333 3179 397 3229 illius
422 3179 534 3247 spiritale
560 3180 583 3230 in
612 3179 683 3230 coelo
708 3179 772 3230 vidis

241 3265 382 3333 Stephanus
399 3264 459 3315 ibid.
477 3295 511 3304 —
537 3255 669 3334 corporirm
687 3282 770 3315 resur·

241 3351 320 3403 rectio
339 3350 459 3418 probatur
484 3360 572 3401 contra
592 3351 728 3402 Lucianum
745 3363 771 3400 et

241 3434 396 3488 Luciuniataa
413 3434 474 3484 ibid.
492 3463 526 3476 —
560 3434 596 3484 illi
621 3451 770 3503 comparan-

243 3532 284 3573 tur
297 3539 352 3573 cnm
367 3521 487 3572 crabrone
499 3537 572 3589 quens
582 3520 709 3589 Zopyrum
723 3538 770 3572 vo·

243 3610 378 3659 11111887.

209 3710 372 3779 Apocalypsis
397 3709 519 3779 quaedam
544 3708 662 3777 mysteria
688 3710 770 3779 expli·

242 3800 405 3847 1111111404.

208 3881 358 3949 Apollinaris
384 3881 475 3948 dogma
499 3881 622 3933 decarne
646 3881 771 3931 divinitati

242 3966 318 4018 Verbi
337 3964 543 4018 consubstantiali
560 3967 684 4018 refutatur
696 3969 771 4016 1000.

837 1427 1095 1480 tholicamecclesiam
1112 1428 1293 1478 demonstrare
1311 1427 1382 1478 dici·

838 1524 879 1562 tur
895 1515 952 1563 880.

807 1600 917 1667 Apostoli
935 1598 1080 1650 ludaeorum
1094 1608 1121 1649 ot
1136 1597 1302 1665 patriarchae
1321 1602 1381 1650 188.

807 1684 920 1752 Apostoli
939 1700 989 1752 qno
1006 1683 1092 1734 ordine
1116 1682 1222 1734 suerunt
1240 1700 1255 1734 a
1275 1683 1382 1735 Christo

839 1769 921 1819 vocati
939 1773 997 1818 487.

808 1855 983 1922 Apostolorum
1000 1853 1091 1905 electio
1108 1863 1134 1903 et
1151 1855 1318 1906 manantia
1335 1858 1378 1906 80.

807 1940 1007 2006 Apostolicorum
1029 1938 1136 1990 haeresis
1154 1943 1198 1988 41.
1219 1950 1280 2007 post
1302 1940 1377 1990 Chri·

837 2024 991 2074 stianismum
1011 2028 1068 2075 808.
1094 2051 1126 2062 -
1168 2023 1251 2074 iidem
1284 2023 1376 2075 dicaa-

839 2120 880 2159 tur
905 2109 1043 2176 Apotactici
1075 2114 1100 2158 l.
1128 2137 1158 2149 ·-
1213 2110 1373 2160 montiste-

838 2212 878 2248 tes
899 2205 925 2244 at
951 2213 994 2245 cur
1018 2193 1078 2244 ibid.
1102 2222 1136 2234 ·-
1170 2211 1187 2244 a
1212 2194 1303 2263 quibus
1326 2195 1372 2244 orti

837 2280 899 2330 ibid.
919 2309 947 2318 ·—
986 2278 1098 2329 Andreao
1119 2296 1151 2329 ac
1168 2279 1288 2331 Tlaomae
1306 2279 1365 2328 Aetia

839 2365 975 2416 adhaerent
999 2365 1112 2416 111111-
1146 2365 1252 2432 nuptias
1275 2365 1361 2430 impro-

839 2450 900 2501 bant
916 2450 976 2500 ibid.
997 2478 1026 2489 -
1061 2449 1103 2499 ubi
1120 2449 1243 2501 habitent
1251 2452 1303 2500 807.

807 2538 891 2604 aquus
906 2535 1051 2587 benedictae
1067 2552 1098 2585 ac
1113 2552 1190 2586 cruce
1205 2536 1310 2604 signatae
1325 2532 1361 2583 ris

840 2625 896 2671 187.

808 2707 900 2758 Arabes
919 2708 1027 2756 Dasaren
1053 2705 1128 2755 deum
1155 2706 1246 2757 colunt
1272 2707 1371 2773 minoas

840 2803 943 2842 matrem
962 2791 1087 2858 Virginem
1105 2795 1163 2841 444.
1184 2791 1333 2859 (Addend.)

809 2877 909 2927 Arbitrii
920 2877 1020 2926 libertas
1032 2876 1120 2944 cuique
1132 2886 1172 2927 est
1185 2894 1309 2928 concessa
1317 2877 1371 2927 078.
1435 2894 1439 2902 ’

810 2970 886 3012 Arcae
904 2960 1061 3012 Noemiticae
1080 2960 1148 3028 apud
1167 2961 1316 3030 Gordyaeos
1332 2978 1372 3012 re·

841 3047 931 3115 liquiue
948 3057 1087 3097 asservatae
1105 3049 1147 3096 88.

810 3132 1013 3183 Archonticorum
1038 3131 1146 3181 haeresis
1172 3131 1296 3198 vigesima
1316 3140 1375 3200 post

843 3216 1021 3267 Christianismi
1046 3227 1128 3267 ortum
1156 3219 1217 3267 881.
1244 3245 1282 3258 -
1333 3216 1376 3266 abi

840 3302 1007 3370 proseminata
1033 3302 1109 3352 suerit
1133 3301 1196 3352 ibid.
1222 3328 1255 3340 -·
1299 3311 1326 3352 et
1342 3300 1376 3352 ab

840 3389 948 3438 Entacto
973 3387 1025 3436 siva
1052 3387 1136 3454 potina
1154 3394 1246 3437 Atacto
1264 3385 1377 3454 quodam

840 3473 991 3522 anachoreta
1015 3481 1152 3541 propagata
1172 3470 1233 3521 ibid.
1258 3499 1288 3510 -
1324 3477 1377 3522 Ar·

840 3557 950 3608 chontici
975 3557 1126 3625 apocryphis
1164 3556 1233 3606 libris
1269 3566 1380 3607 utuntur

840 3646 898 3693 888.
924 3672 953 3681 -
998 3660 1083 3693 eorum
1104 3641 1224 3709 dogmata
1248 3641 1315 3692 ibid.
1343 3670 1378 3682 -

841 3728 953 3797 corporis
972 3738 1065 3795 negant
1080 3726 1298 3785 resurrectionem,
1317 3727 1379 3777 ani-

839 3832 895 3865 mae
912 3813 1016 3865 credunt
1033 3813 1092 3863 ibid.
1111 3841 1145 3851 —
1179 3828 1268 3862 eontm
1289 3812 1381 3864 fabula

839 3899 871 3950 de
885 3917 1017 3966 congressu
1032 3897 1125 3948 diaboli
1140 3914 1195 3947 cum
1210 3898 1382 3948 1111888.-

841 4002 902 4053 quos
929 3984 1064 4051 prophetas
1092 3982 1243 4050 profitentur
1260 3985 1321 4033 887.
1343 4012 1380 4024 -

241 4080 275 4091 -
293 4063 319 4102 et
332 4069 390 4101 reru
400 4051 492 4102 Christi
504 4051 643 4102 humanitas
652 4052 771 4120 probatur

242 4142 317 4188 1001.
338 4165 367 4176 -·
402 4137 512 4189 Verbum
530 4155 559 4193 ea
584 4137 632 4188 sibi
657 4137 771 4187 attribuit

242 4241 304 4292 qnae
324 4239 412 4290 corpus
431 4240 530 4290 passum
550 4233 589 4274 eat
605 4226 678 4273 1008.

839 4068 947 4121 haeresis
967 4069 1172 4120 Archonticorum
1190 4084 1220 4118 ex
1238 4068 1383 4138 multiplici

839 4154 954 4222 angurium
972 4154 1079 4205 colluvie
1097 4152 1204 4205 conflata
1219 4156 1280 4203 888.

807 4240 888 4291 Ariani
915 4251 940 4289 et
958 4241 1103 4289 Arianorum
1128 4237 1236 4288 haeresis
1264 4239 1385 4308 quadra-

209 4325 360 4394 Apollinaria
388 4324 420 4375 ob
450 4323 590 4376 doctrinam
622 4325 771 4393 singularem
839 4326 932 4392 gesima
956 4343 1021 4375 nona
1046 4324 1099 4374 sira
1124 4323 1282 4390 sexagesima
1309 4344 1385 4380 nona

242 4409 426 4461 commendatio
436 4414 510 4461 1018.
526 4439 558 4450 -
583 4411 707 4462 refutatur
719 4411 770 4462 eiua
841 4415 898 4461 717.
917 4440 949 4450 -·
984 4410 1050 4461 uude
1066 4409 1184 4460 oriundus
1200 4419 1227 4460 et
1245 4413 1384 4478 quomodo

241 4493 348 4544 haeresia
368 4497 442 4544 1018.
462 4525 493 4534 -
539 4495 769 4563 Apollinariatarorn
839 4495 919 4546 ulida
935 4494 1088 4547 aberraverit
1108 4494 1169 4544 ibid.
1189 4522 1222 4535 -
1258 4496 1308 4548 aab
1327 4515 1386 4565 qno

243 4578 351 4630 obiectio
365 4583 440 4630 1080.
461 4608 489 4621 -
527 4580 637 4633 Chriatus
652 4581 772 4633 humanas
840 4580 950 4634 floruerit
979 4580 1129 4648 imperatore
1155 4579 1216 4631 ibid.
1242 4607 1280 4622 -··
1325 4584 1386 4637 eius
