3096 5070
400 294 538 347 raunnu
556 295 619 346 cro.
637 291 1071 347 ncroanrmnsnmmxvr.
1252 273 1314 361 ²⁰⁸.

158 406 272 493 Porro,
295 417 445 490 Ilostrom,
471 435 536 477 cum
555 413 647 491 dixit,
681 413 886 498 aequalitatem
901 432 966 475 cum
985 421 1067 496 putre
1085 407 1154 488 blii,
1178 405 1315 472 similitu·

157 518 308 602 diuumque
332 517 478 597 declarat,
511 537 565 580 nec
590 538 654 579 eam
678 518 790 596 solum,
823 513 973 578 sedidem
1000 515 1093 599 ipsum
1115 511 1145 576 in
1164 509 1313 586 omnibus,

155 641 210 685 nec
232 619 446 704 discrepantem
469 640 536 683 esse
558 617 716 704 significat.

238 718 394 806 Quomodo
412 743 486 788 vero
511 744 569 786 nou
593 722 724 806 aequalis
745 732 795 784 aut
816 720 921 784 similis
943 739 1013 783 essa
1039 728 1153 804 potest,
1185 716 1252 800 qui,
1283 724 1317 778 ut
1334 721 1395 791 cap.
1412 721 1468 774 vlt.

152 826 210 890 lem
229 825 310 905 dixi,
335 825 378 889 sic
396 825 541 910 loquitur:
574 829 638 905 Ego
653 830 683 886 in
698 837 783 905 petre
799 835 828 886 et
840 836 926 904 puter
940 828 970 884 in
985 845 1028 883 me
1041 828 1106 884 est?
1149 817 1235 902 Quod
1254 838 1312 881 non
1323 838 1468 895 nouam

153 929 239 993 modo
257 929 288 991 in
307 929 462 1012 evangelio
479 928 540 1013 ipsc
556 927 649 1006 dixit,
673 927 724 991 sed
742 938 772 990 et
787 925 893 989 Esaias
910 946 949 989 ex
968 925 1062 988 sancti
1080 923 1201 1009 spiritua
1216 920 1312 985 affiatu
1325 941 1454 998 suanm

152 1031 319 1095 vaticinans
337 1031 426 1094 tilium
445 1031 474 1095 in
492 1040 575 1116 patre
597 1051 666 1093 esse
684 1031 842 1113 coguovit,
874 1050 929 1093 nec
944 1028 980 1091 ab
999 1028 1101 1090 codam
1122 1026 1248 1089 alienum
1266 1033 1317 1087 ant

153 1133 321 1212 divorsum,
357 1133 443 1217 idque
465 1134 543 1197 illius
567 1132 658 1196 verba
685 1134 899 1195 demonstrant.
947 1128 1032 1213 Quae
1055 1130 1098 1193 sic
1123 1129 1152 1192 in
1177 1126 1315 1191 llcbraco

154 1246 297 1319 concepta
320 1247 407 1299 sunt:
441 1232 556 1299 Ptboou
581 1235 681 1312 sariu,
714 1234 853 1298 viaboton
879 1234 998 1311 sadicb,
1031 1252 1131 1297 somer
1153 1212 1313 1305 enimuuio,

157 1335 376 1416 iceroemooch,
401 1337 502 1401 tbeser
518 1339 610 1402 salom
627 1338 737 1417 salom,
761 1337 863 1400 ebibac
882 1336 987 1415 batoii,
1013 1334 1100 1399 betub
1117 1332 1249 1397 baldonai
1264 1331 1315 1395 ad·

159 1439 242 1517 dotb,
264 1440 378 1503 cbibai'a
395 1441 510 1504 Adonai
528 1441 712 1504 sodolcmim.
759 1439 844 1524 Quae
862 1440 906 1502 sic
925 1438 1031 1523 Aquila
1047 1438 1158 1500 reddit:
1196 1438 1316 1516 Aperite

157 1553 267 1622 pertas,
296 1547 477 1624 angredtbtnr
490 1566 563 1624 gens
582 1549 675 1617 iustu,
700 1548 861 1605 custodnicns
869 1545 976 1624 fidem,
1002 1541 1312 1622 opificiumfirmutmn,

158 1648 281 1707 musteis
292 1651 390 1727 moti,
426 1651 555 1728 quonium
573 1651 602 1708 in
619 1652 680 1727 ipso
696 1648 858 1727 confidunt:
893 1647 1153 1726 confidr‘tedome'no
1170 1646 1316 1703 obscero·

159 1748 229 1821 bns,
252 1753 381 1829 poenalem
399 1753 428 1810 in
445 1753 556 1811 domnico
570 1754 716 1823 dominus,
749 1753 801 1830 qni
803 1751 939 1829 firmauit
948 1750 1073 1808 soeculo.
1121 1741 1315 1829 Septuaginta

159 1868 248 1913 ecroc
269 1855 389 1932 Aperite
399 1863 515 1932 portos,
549 1856 729 1932 ingrediatur
745 1855 904 1912 custodiens
923 1855 1084 1922 veritatem,
1115 1859 1144 1909 et
1159 1848 1314 1928 approben-

157 1954 225 2014 dens
240 1957 398 2028 mutem,
430 1965 460 2015 et
474 1959 633 2016 custodrbns
643 1976 761 2034 pacem,-
793 1958 922 2033 qnonr'mn
945 1958 974 2013 tir
992 1964 1019 2012 te
1033 1961 1236 2032 speraverunt,
1264 1952 1315 2010 de-

157 2057 240 2129 mtirc,
259 2061 387 2137 usquein
404 2060 564 2130 socculum,
590 2062 659 2118 deus
678 2079 814 2136 magnus,
839 2068 981 2117 aeternus.
1030 2051 1098 2136 Quo
1117 2053 1146 2117 in
1168 2054 1233 2116 loco
1251 2050 1315 2115 ani·
1355 2131 1359 2137 Ι

156 2155 318 2221 madrcrtat
333 2158 427 2222 lector
442 2161 516 2243 apnd
537 2157 732 2244 Septuaginta
747 2164 883 2220 domabas
904 2170 932 2219 et
948 2162 1074 2237 Magnam
1090 2155 1229 2241 scriptum
1247 2173 1314 2217 esse

154 2279 208 2343 pro
224 2279 261 2324 eo
277 2262 353 2345 quod
368 2272 415 2324 est
430 2266 464 2322 In
479 2266 600 2324 murno.
648 2260 743 2344 Quam
761 2262 849 2324 molta
866 2260 968 2323 eadem
985 2261 1020 2321 dc
1036 2280 1069 2321 re
1086 2269 1240 2342 praeterea
1256 2254 1315 2319 dici

152 2364 294 2446 possunt?
337 2361 397 2427 Sed
423 2384 532 2426 vereor
555 2385 592 2425 nc
619 2364 735 2445 longius
762 2364 936 2448 disputando
960 2361 1142 2445 progrediar.
1198 2358 1314 2444 Quippe

152 2463 249 2528 omnia
273 2465 366 2528 sacris
393 2466 423 2528 in
445 2466 538 2529 literis
560 2467 712 2550 perspicua
729 2477 816 2544 suot,
849 2466 874 2529 si
896 2465 960 2548 quis
984 2465 1030 2548 pia
1055 2473 1152 2525 mente
1172 2462 1206 2525 ad
1224 2460 1313 2525 divini

152 2565 236 2629 verbi
255 2565 452 2649 coguitionem
477 2570 655 2648 accesserit,
688 2589 784 2653 neque
806 2567 913 2630 diaboli
934 2566 1058 2652 impulsu
1077 2565 1107 2628 in
1126 2565 1225 2649 scipso
1243 2584 1315 2626 cou-

150 2678 237 2752 cepto
251 2668 281 2731 in
300 2669 471 2734 altissimam
492 2671 595 2734 mortis
617 2670 789 2753 voraginem
815 2670 1002 2755 praecipitem
1027 2689 1095 2732 sese
1120 2665 1313 2730 commiserit.

155 2767 407 2852 Quemadmodum
434 2774 540 2836 iulclix
567 2772 625 2836 iste
650 2794 715 2836 cum
740 2773 937 2837 sectatoribus
964 2771 1027 2837 suis
1051 2773 1148 2834 lacere
1174 2767 1311 2846 instituit,

154 2872 200 2955 qui
219 2895 308 2958 snpra
327 2897 447 2956 omnes,
472 2887 616 2960 quotquot
631 2886 700 2938 ante
720 2876 801 2960 ipsos
819 2875 1022 2939 contumeliosi
1042 2875 1071 2937 in
1089 2874 1173 2937 deum
1192 2872 1314 2955 eiusque

156 2972 237 3038 tidem
254 2977 433 3057 extiterunt,
455 2981 489 3041 ad
506 2980 727 3063 oppugnandam
744 2979 898 3041 veritatem
916 2977 1049 3060 aggressi
1066 2986 1145 3039 suot.
1190 2972 1315 3038 Maneat

156 3072 242 3159 igiter
266 3079 437 3143 dissimilem
463 3081 554 3166 patris
578 3102 645 3144 esse
670 3103 727 3144 nou
750 3102 836 3165 posse
860 3081 966 3157 lilium,
1000 3099 1094 3163 oeque
1119 3077 1259 3141 tamenin
1277 3098 1314 3140 co

154 3177 304 3244 admodum
325 3184 549 3267 acquiescimus.
596 3182 675 3247 Nam
703 3205 760 3246 nou
784 3183 877 3246 solum
900 3182 1022 3258 similis,
1058 3182 1108 3244 sed
1135 3193 1166 3244 et
1182 3180 1314 3264 aequalis

155 3291 220 3358 est,
242 3281 375 3369 idemque
390 3287 559 3362 divinitate,
584 3285 777 3362 aeternitate,
813 3286 933 3348 virtute.
981 3282 1057 3347 Nam
1074 3285 1155 3347 illum
1171 3279 1314 3345 endromi-

154 3400 219 3444 usos
238 3406 295 3449 non
320 3389 515 3474 appellamus,
547 3388 602 3451 hou
626 3399 672 3451 est
695 3390 816 3450 eandem
842 3408 906 3450 cum
931 3398 1013 3471 patre
1032 3386 1242 3464 substantiam,
1276 3404 1313 3448 uc

155 3505 216 3548 vox
234 3485 319 3553 istea
339 3491 486 3555 nonnullis
505 3502 643 3575 usurpata
662 3488 861 3554 Sabellianum
881 3490 916 3552 ad
935 3490 1039 3573 dogma
1063 3490 1205 3552 trabatur.
1253 3484 1313 3553 Sed

155 3588 453 3657 eundemdivioitatc
477 3604 507 3654 et
523 3592 687 3655 substantia
708 3604 736 3656 et
757 3593 864 3657 uirtute
884 3592 1085 3678 praedicamus
1104 3590 1179 3675 patri
1202 3612 1237 3653 ac
1256 3589 1315 3675 spi·

153 3691 222 3754 ritui
247 3707 347 3759 sancto
372 3697 401 3758 in
429 3694 564 3758 omnibus
588 3696 753 3777 aequalem.
799 3693 900 3777 Quare
924 3689 1103 3773 o‘pooriotov,
1135 3692 1313 3756 idestooo·

151 3792 371 3861 substantialem
396 3819 537 3861 vocamus
564 3819 603 3860 ex
628 3808 836 3860 sacrosanctae
861 3796 927 3859 lidei
956 3794 1153 3882 praescripto,
1192 3807 1223 3858 ut
1239 3817 1315 3881 par·

149 3895 237 3960 ticula
262 3892 340 3980 siponi
361 3902 507 3986 perlectas
528 3920 594 3964 esse
618 3920 760 3985 personas
780 3899 946 3983 signibcet,
980 3898 1212 3982 qnandoquidem
1238 3899 1313 3963 tilios
1411 3927 1414 3933 ¹

180 4065 370 4137 ἃδιαβολικήν
384 4074 467 4134 scripta·
481 4076 606 4133 praeeunte
624 4073 713 4121 Corno-
781 4068 806 4120 9.
831 4065 913 4136 τούτῳ
938 4071 1070 4120 emcndoutt
1094 4071 1214 4122 Pctooius.
1248 4072 1314 4123 Ltbrt
1386 4085 1400 4109 a

146 4137 183 4186 rio
206 4135 259 4199 (qui
280 4141 347 4187 uertit
363 4137 509 4188 diabolicam
528 4139 711 4205 operationem]
746 4140 818 4201 uulgo
835 4138 916 4189 τοῦτο.

147 4207 169 4252 ct
192 4206 296 4255 Pctooto.
332 4203 452 4274 diupoldo
477 4210 559 4258 babent
588 4209 653 4257 editt.
686 4210 713 4258 tn
784 4208 822 4257 10.
841 4204 945 4272 λέγομεν
957 4208 1041 4255 attium
1055 4211 1087 4256 est
1104 4207 1158 4258 edit.
1172 4210 1254 4259 Pctou.
1268 4210 1312 4260 Go-

146 4273 199 4321 cod.
215 4274 264 4323 len.
285 4278 400 4335 reperitur
415 4277 550 4325 brevtoturo
570 4274 713 4361 btnssollff,
748 4278 904 4393 mqnllel.
937 4343 998 4391 dm
1024 4345 1105 4393 pem·
1173 4347 1239 4395 lm

147 4409 173 4457 tn
190 4408 243 4457 cod.
266 4410 365 4472 notata.
384 4362 516 4544 &appelitt
543 4414 569 4462 tn
593 4414 644 4462 cod.
664 4413 713 4463 Pu·
748 4346 796 4461 und
816 4358 936 4460 cppchc
949 4414 1023 4473 princ.
1048 4359 1237 4474 recidendorum,
1255 4360 1310 4465 vlidi.

146 4477 305 4594 {maffia
327 4478 415 4545 διαβολ
435 4497 449 4529 e
469 4478 514 4532 καὶ
537 4477 633 4545 ἐνέργ.,
661 4485 715 4530 teste
750 4479 840 4547 σαφῶς
859 4481 923 4530 obest
940 4494 956 4530 o
973 4482 1024 4530 cod.
1043 4482 1141 4544 Rbedtp.
