3096 5070
403 324 407 333 f
436 299 575 352 rsnnnn
594 300 658 350 urs.
672 299 717 350 ιιι.
734 298 818 352 rona.
832 300 863 350 ιι.
879 297 980 350 naen.
993 299 1127 351 exxvn.
1295 285 1354 350 391

200 420 316 504 quidem
335 442 413 499 vox,
446 425 568 493 Misisti,
603 440 667 482 eum
686 418 722 482 de
738 419 859 482 coelesti
884 417 934 482 illa
951 418 1091 481 missione
1115 416 1283 502 arripienda
1306 417 1356 496 sit,

200 523 236 586 ab
254 532 422 600 eotamen,
454 522 529 606 quod
551 519 656 584 Petrus
673 520 764 598 dixit,
796 521 927 605 separari
944 542 1001 583 non
1018 520 1120 583 debet:
1151 525 1242 581 lesum
1259 523 1499 588 Naso-neme

198 648 313 688 menum
330 631 420 687 orbum
436 627 585 706 probatum
603 628 633 684 in
650 626 728 684 uobis
739 627 882 704 prodigiis
900 644 935 684 ae
954 627 1064 702 ιιζιιιὶις
1096 643 1175 704 quem
1193 626 1358 684 unas'tdeus

198 734 301 810 spiritu
321 740 437 801 saneto,
463 748 497 789 ae
519 726 631 808 reliqua
654 725 681 788 id
704 745 810 808 genus.
1349 803 1350 806 Ἴ

284 827 344 894 Sed
364 851 418 892 nee
435 829 479 892 bis
498 827 612 912 quidem
631 837 767 889 contenta
787 825 956 890 suavissimi
971 826 1011 889 illi
1030 827 1137 889 fraires
1154 824 1265 903 nostri,
1290 846 1355 889 eum
1369 823 1488 944 xgpm

198 934 267 997 illud
290 932 345 995 sibi
369 930 460 994 semel
481 929 706 1016 proposuerint,
740 939 772 991 ut
793 929 823 991 in
846 927 980 991 omnibus
1007 927 1254 1011 opiniosissimam
1274 948 1356 991 suum
1488 927 1495 941 '

199 1036 283 1099 nobis
299 1034 493 1118 pervicaciam
514 1041 677 1117 opponant,
710 1030 797 1094 etiam
818 1031 1000 1093 divinitatem
1021 1026 1131 1093 Christi
1152 1050 1268 1113 passam
1289 1049 1356 1093 esse

198 1157 308 1201 summa
324 1149 387 1199 eum
406 1135 527 1198 audacia
552 1133 733 1219 praedicant.
779 1133 826 1196 Ad
841 1132 916 1217 quod
944 1132 1002 1195 illis
1025 1133 1150 1217 apostoli
1169 1132 1267 1195 verbis
1285 1132 1356 1195 abu·

198 1249 315 1302 tantur:
347 1242 384 1300 Si
395 1243 466 1299 enim
488 1240 700 1318 eoguooissent,
733 1257 875 1316 nunquam
897 1239 1037 1297 domabitur
1052 1238 1166 1315 gloriae
1190 1237 1353 1316 erueffiais-
1367 1249 1501 1307 r.cor.t‚e

196 1352 268 1402 sent.
315 1341 361 1403 Ao
377 1359 440 1403 urea
457 1340 572 1424 quidem
593 1338 739 1401 sententia
758 1337 845 1421 aliqui
863 1336 1042 1422 Apollinaris
1058 1337 1210 1422 discipuli,
1236 1337 1283 1420 qui
1302 1337 1356 1398 mi·

197 1464 251 1506 nus
267 1442 342 1506 istud
361 1442 575 1526 intelligerent,
601 1461 666 1502 eum
687 1439 753 1503 aliis
770 1439 921 1503 erroribus
940 1440 1016 1503 hisnu
1034 1440 1126 1525 ipsum
1142 1447 1353 1524 proponentes,

196 1543 321 1630 argutuli
339 1545 440 1608 volunt
457 1542 564 1607 videri.
610 1539 706 1606 Miror
722 1542 798 1604 enim
816 1542 841 1605 si
859 1543 1001 1606 eiusmodi
1021 1542 1164 1627 quispiam
1185 1541 1273 1605 abeo
1290 1541 1354 1604 lue·

196 1647 234 1711 rit
260 1658 416 1711 assertum.
470 1645 577 1730 Neque
603 1664 675 1708 vero
700 1643 900 1706 admirandum
926 1645 1072 1728 estquod
1098 1644 1243 1728 seriptnra
1267 1662 1353 1707 saera

196 1749 342 1812 dominum
367 1749 480 1834 gloriae
506 1747 678 1811 crueilixum
702 1766 769 1809 esse
793 1746 912 1808 dixerit.
959 1743 1109 1830 Siquidem
1127 1758 1157 1809 et
1174 1757 1353 1831 assumptam

196 1851 322 1916 bominis
342 1863 475 1914 naturam
497 1849 610 1934 gloriae
629 1848 778 1911 dominum
797 1848 995 1933 appellamus3
1030 1849 1134 1933 quippe
1159 1870 1234 1933 quae
1255 1849 1292 1911 ab
1310 1848 1353 1911 di·

194 1954 318 2019 sinitote
339 1953 457 2015 minime
481 1961 615 2035 separata
631 1950 681 2013 sit.
726 1948 793 2014 Nee
812 1952 899 2014 ullum
918 1950 946 2013 in
966 1971 1001 2013 eo
1017 1971 1128 2034 genere
1147 1973 1220 2036 opus
1237 1961 1288 2014 aut
1305 1972 1353 2014 ar·

194 2066 363 2142 gumentum
382 2065 427 2117 est
444 2055 519 2138 quod
538 2074 595 2115 nou
612 2054 764 2116 eommode
779 2053 874 2138 possit
887 2052 1028 2137 intelligi,
1054 2053 1185 2137 adeoque
1201 2064 1293 2117 totum
1308 2054 1353 2116 in·

194 2157 376 2222 carnationis
400 2158 547 2239 negotium
572 2156 607 2217 ad
631 2173 718 2217 unam
744 2156 925 2239 eandemque
948 2155 1230 2219 administrationem
1255 2158 1353 2241 perle-

193 2262 380 2344 ctionemque
405 2258 567 2342 conspirat.
615 2254 716 2340 ltaque
733 2256 880 2342 patibilem
904 2278 959 2320 nos
979 2254 1130 2321 Christum
1150 2258 1350 2342 praedicemus

192 2384 227 2427 ae
244 2363 408 2439 eredimos3
443 2381 502 2422 non
521 2360 597 2444 quod
616 2378 667 2442 per
688 2379 756 2423 sese
773 2359 812 2422 sit
829 2381 949 2444 passuss
981 2380 1076 2444 neque
1094 2360 1169 2444 quod
1189 2359 1263 2423 alius
1278 2361 1317 2422 sit
1333 2380 1350 2423 a

192 2465 322 2552 patiente
339 2463 492 2539 domiuus,
526 2482 622 2545 neque
646 2461 721 2544 quod
742 2462 841 2524 dirius
863 2473 966 2525 natura
993 2483 1079 2547 passa
1100 2462 1156 2525 sit:
1189 2482 1293 2524 verum
1309 2461 1350 2525 ita

192 2568 327 2632 dominus
346 2576 448 2630 noster
467 2562 551 2627 lesus
570 2560 708 2627 Christus
732 2584 835 2648 passus
860 2576 906 2627 est
931 2575 963 2626 ut
981 2564 1073 2649 ipsius
1096 2562 1234 2626 divinitas
1258 2575 1350 2627 muta-

192 2669 281 2734 tionis
298 2668 394 2731 ornnis
411 2677 441 2729 et
460 2666 605 2751 passionis
626 2686 735 2748 expers
760 2666 946 2730 nibilominus
965 2665 994 2729 in
1015 2688 1102 2730 orooe
1121 2674 1287 2748 poteretur,
1321 2676 1350 2730 et

192 2771 254 2856 ipsa
282 2770 388 2832 nullam
414 2770 443 2831 in
468 2789 536 2833 sese
560 2768 726 2851 passionem
752 2769 951 2854 experiretur.
998 2767 1085 2854 ¹Quod
1109 2769 1186 2831 enim
1209 2763 1347 2832 Christus

192 2882 294 2934 nostra
317 2891 423 2934 eaussa
448 2881 579 2934 mortuus
606 2882 668 2948 est,
701 2891 830 2953 vereque
851 2882 1002 2951 mortuus,
1034 2871 1141 2935 nonin
1166 2870 1348 2935 divinitatem

193 2994 273 3036 mors
291 2972 341 3035 illa
358 2971 480 3051 cecidit,
514 2975 564 3035 sed
589 2974 618 3035 in
645 2993 735 3036 earne
758 2985 890 3036 mortuus
914 2984 976 3050 est,
1009 2975 1250 3058 quemadmodum
1276 2973 1350 3036 scri·

193 3085 271 3160 ptum
290 3085 353 3151 est,
378 3078 571 3154 Mortrfleatus
590 3097 693 3151 earne,
718 3079 876 3158 vivificatus
893 3089 985 3138 uatem
1004 3082 1126 3158 spiritu.-
1151 3076 1239 3154 item,
1266 3079 1501 3190 &rip-{323³}

191 3188 400 3257 stopussopro
418 3180 498 3239 nobis
519 3183 548 3239 in
568 3201 664 3240 corne.
713 3174 912 3260 Quamobrem
937 3179 1077 3262 singulari
1100 3179 1223 3262 quadam
1252 3189 1282 3241 et
1298 3166 1377 3242 ad·¹
1435 3163 1441 3174 ⁰
1496 3165 1502 3178 ⁸

191 3278 316 3341 mirabili
336 3279 448 3342 ratione
474 3301 545 3343 vere
563 3303 680 3366 passum
701 3281 780 3345 illum
803 3301 871 3345 esse
890 3281 1081 3359 confitemur,
1115 3292 1145 3344 et
1164 3282 1288 3344 eundem
1306 3291 1349 3343 ta·

192 3399 354 3443 monuere
380 3382 526 3464 passionis
552 3395 722 3468 expertem,
758 3385 833 3467 quod
862 3383 931 3446 nibil
957 3382 1096 3447 divinitas
1121 3383 1184 3469 ipsa
1209 3383 1346 3467 patiatur,

192 3482 328 3566 quoniam
344 3481 381 3550 ab
399 3484 477 3545 omni
496 3483 697 3547 vicissitudine
714 3495 745 3548 et
760 3485 897 3570 passione
915 3485 1051 3549 immunis
1071 3497 1134 3565 est,
1159 3485 1347 3568 eiusdemque

191 3602 256 3646 oum
273 3594 355 3668 patre
373 3584 566 3648 substantiae.
613 3584 656 3648 lte
677 3608 765 3671 porro
784 3609 898 3670 passam
916 3609 983 3651 esse
1002 3609 1120 3651 earnem
1138 3587 1299 3650 asserimus
1317 3597 1348 3649 ut

190 3684 221 3747 io
240 3685 301 3770 ipsa
320 3687 511 3770 perpessione
526 3685 664 3749 divinitas
683 3709 865 3773 nequaquam
882 3690 917 3752 sb
933 3702 1080 3777 assumpta
1099 3689 1225 3752 bominis
1243 3699 1346 3751 natura

189 3787 322 3850 seiuncta
349 3787 398 3849 sit.
446 3787 532 3851 ''l'um
557 3789 633 3850 enim
657 3788 794 3852 divinitas
822 3813 886 3854 eum
911 3792 1035 3856 bumana
1060 3803 1165 3855 natura
1191 3792 1345 3856 ooniuuota

189 3888 263 3967 luit,
288 3890 403 3972 mando
421 3885 558 3954 Christus
575 3890 605 3951 in
624 3909 712 3951 eruce
728 3893 851 3955 suffixus
873 3915 964 3957 earne
980 3915 1083 3980 passus
1101 3907 1163 3970 est,
1194 3894 1265 3956 nibil
1283 3894 1347 3977 ipsa

189 3991 342 4054 divinitate
361 3992 507 4075 patiente,
531 4012 589 4075 quo
604 3992 771 4056 iustificatio
784 4005 886 4058 nostra
900 4016 958 4058 non
976 3997 1101 4082 amplius
1121 3995 1150 4058 in
1165 3997 1227 4059 sola
1243 4015 1344 4074 earne,

188 4095 240 4157 sed
259 4095 346 4157 etiam
367 4093 566 4157 indivinitate
591 4095 786 4175 consisteret,
818 4109 905 4182 atque
922 4110 955 4162 ut
970 4122 986 4162 a
1004 4098 1156 4161 divinitate
1179 4098 1284 4176 simul,
1316 4108 1346 4161 et

189 4214 279 4258 earne
307 4195 388 4259 salus
411 4207 514 4259 nostra
539 4197 789 4282 proficisceretur.
835 4198 951 4264 Etenim
977 4196 1115 4265 Christus
1139 4221 1196 4263 non
1220 4200 1346 4285 simplex

189 4316 224 4357 ao
242 4297 334 4361 nudus
353 4299 439 4361 bomo
460 4297 529 4376 luit,
561 4300 612 4362 sed
629 4299 750 4362 verbnm
773 4300 954 4382 subsistens,
986 4304 1187 4379 incarnatum,
1220 4324 1254 4367 ao
1272 4306 1346 4369 deus

189 4396 275 4461 bomo
291 4419 395 4462 revera
420 4402 532 4480 laetus,
565 4411 595 4464 ut
615 4420 696 4486 spem
716 4415 844 4467 nostram
864 4425 922 4467 non
941 4405 1064 4491 amplius
1080 4406 1108 4468 in
1125 4405 1259 4485 bomine,
1291 4407 1344 4470 sed

189 4497 217 4560 in
237 4499 388 4566 divinitate
405 4503 601 4582 collocemus,
625 4524 720 4592 neque
743 4507 899 4595 patientem
918 4509 1022 4587 deum,
1047 4507 1132 4571 seda
1152 4509 1344 4598 perpessione
