3096 5070
393 326 529 381 eausam
548 324 612 376 ιιιι.
623 324 668 376 ιιι.
685 323 768 378 rost.
779 324 800 374 1.
818 322 919 376 naen.
931 322 1037 374 nxxu
1251 311 1290 373 tt

375 587 422 638 ΒΧ
439 583 547 636 beCll
566 583 664 634 lello
683 583 818 635 CONTRA
835 580 1056 632 uascuttutu.

223 707 307 772 llaec
324 718 354 771 et
369 706 415 769 bis
430 702 534 768 similia
551 700 711 766 Marcellus
728 703 867 788 quaedam
893 711 994 764 contra
1012 701 1095 764 deum
1110 698 1208 784 iniqua
1224 721 1292 786 gar·
1309 715 1370 784 esp.
1383 712 1426 764 Vt

140 812 238 890 riens,
263 821 293 875 et
312 810 341 872 in
358 807 480 872 sublime
497 825 589 869 corun
606 824 689 867 suum
706 805 842 888 erigens,
877 813 943 888 post
964 823 1045 865 snam
1072 801 1149 865 illam
1171 823 1292 887 prover·

138 912 252 977 biornm
272 911 509 995 depravationem
530 907 626 990 potius
648 928 733 990 quam
749 903 1019 989 interpretationem
1038 903 1201 968 subiunxit.
1247 903 1292 968 Ac

140 1016 263 1100 primum
277 1012 351 1075 haee
369 1008 479 1073 Asterii
494 1008 585 1072 verba
602 1008 753 1094 proponit:
780 1008 863 1071 Alius
884 1018 930 1070 est
945 1007 1021 1069 euim
1037 1018 1135 1090 pater,
1162 1007 1209 1090 qui
1230 1006 1292 1070 uni·

140 1139 205 1180 cum
221 1136 261 1178 ex
279 1113 378 1198 seipso
395 1112 481 1175 lilium
498 1110 618 1174 verbum
637 1111 756 1194 genuit,
788 1115 1006 1190 pminogenr'tum
1020 1121 1169 1171 creaturae
1189 1114 1288 1185 ornum,
1305 1135 1356 1181 ost
1369 1132 1436 1199 ῃ,

140 1215 349 1291 solussolom,
381 1215 525 1298 perlectus
545 1214 723 1299 perlectum,
756 1232 811 1274 rex
829 1232 945 1295 regem,
978 1211 1111 1275 dominns
1130 1211 1290 1289 dominum,

141 1323 213 1382 deos
229 1319 329 1394 deum,
362 1317 508 1379 essentiae
528 1315 700 1399 consiliique
718 1313 781 1392 sni,
806 1335 840 1377 ac
859 1311 977 1377 virtutis
994 1325 1023 1376 et
1041 1314 1152 1398 gloriae
1169 1313 1245 1377 nulla
1261 1313 1292 1377 in

141 1441 173 1484 re
191 1421 403 1503 discrepantem
427 1418 593 1502 imaginem.
640 1413 755 1499 Quibus
778 1418 808 1479 in
826 1416 930 1480 mediis
949 1415 1080 1479 adductis
1102 1416 1156 1479 boe
1176 1416 1292 1501 potissi-

140 1545 215 1586 mum
242 1521 387 1600 oll'ensus,
421 1522 496 1604 qoud
519 1523 599 1581 nulla
624 1524 653 1580 r'rr
674 1542 707 1581 re
727 1524 929 1600 discrepantem
954 1523 1102 1599 cineginem
1127 1518 1290 1605 appellarit,

140 1625 193 1705 hoe
211 1634 258 1688 est
271 1624 387 1687 divinae
406 1622 554 1686 essentiae
572 1642 606 1684 ae
625 1632 790 1684 ceterorum
807 1621 935 1685 omnium
959 1641 1150 1705 expressam,
1182 1631 1212 1684 et
1230 1619 1292 1684 evi-

137 1728 253 1790 dentem
277 1726 449 1810 imaginem,
485 1723 648 1787 istiusmodi
673 1721 848 1785 senteutiam
874 1723 1091 1808 improbandam
1117 1745 1184 1788 esse
1208 1723 1289 1806 dicit,

136 1841 224 1914 atque
251 1828 331 1890 hisee
358 1827 457 1889 verbis
483 1836 622 1910 quantum
651 1823 706 1887 sibi
732 1823 782 1887 illa
813 1824 986 1910 displiceant
1015 1825 1154 1889 ostendit.
1208 1824 1291 1890 Haec

138 1930 251 1993 Asterii
275 1929 366 1991 verba
392 1928 547 1991 manifeste
572 1949 691 2013 pravam
717 1927 840 1990 eiusde
866 1926 1017 1991 divinitate
1040 1929 1217 1992 sententiam
1243 1951 1291 1993 ar-

139 2041 243 2116 guunt.
289 2027 406 2092 Etenim
430 2030 477 2113 qui
496 2029 557 2093 beri
578 2041 673 2116 potest
690 2040 722 2091 ut
737 2029 870 2092 dominus
887 2051 920 2092 ac
938 2031 1010 2093 deus
1027 2030 1093 2110 ille,
1119 2031 1166 2115 qui
1186 2032 1224 2094 sit
1239 2054 1291 2116 ge·

140 2133 236 2208 uitus,
261 2116 291 2194 ut
309 2130 434 2216 ipsemet
449 2142 535 2194 antea
552 2133 687 2218 scripsit,
712 2132 757 2196 dei
773 2133 870 2215 imago
886 2134 1064 2196 censeatur?
1107 2133 1196 2197 Aliud
1214 2135 1290 2198 enim

139 2247 185 2298 est
201 2235 296 2318 imago
317 2234 380 2311 dei,
405 2232 482 2296 aliod
503 2234 586 2296 deus.
633 2232 734 2316 Quare
751 2234 774 2296 si
792 2233 889 2318 imago
907 2235 952 2298 dei
970 2245 1032 2314 est,
1060 2246 1180 2299 nonest
1200 2236 1292 2300 domi·

139 2359 193 2401 urus
215 2347 265 2399 aut
289 2336 379 2415 deus,
412 2337 463 2398 sed
491 2334 588 2419 imago
609 2335 716 2399 domini
741 2356 775 2398 ae
791 2337 849 2400 dei.
897 2334 950 2400 Sin
969 2358 1073 2400 revera
1096 2339 1230 2402 domiuus
1246 2350 1293 2402 est

139 2462 175 2503 ae
200 2441 288 2516 deus,
326 2438 374 2523 qui
393 2437 536 2501 eiusmodi
557 2449 619 2514 est,
652 2438 697 2501 dei
716 2459 751 2502 ac
768 2439 876 2501 domini
904 2440 1001 2523 imago
1021 2459 1162 2502 essenon
1183 2452 1289 2526 potest.

140 2538 246 2606 Subdit
261 2552 380 2626 postea:
413 2537 497 2603 Nihil
520 2539 759 2623 igiturillorum‚
796 2562 871 2625 quae
890 2541 968 2619 dixi,
1000 2551 1165 2626 esseputut
1184 2543 1289 2627 ipsum,

140 2666 203 2706 eum
222 2664 323 2705 eorum
341 2642 497 2727 imaginem
521 2663 588 2705 esse
609 2642 737 2705 deliniat.
783 2640 867 2707 Unde
886 2643 910 2706 si
927 2642 1076 2706 esseutiae
1094 2642 1176 2707 verbi
1197 2646 1292 2729 gratia

137 2745 234 2830 iurago
251 2746 308 2822 sit,
343 2745 466 2830 ipsamet
490 2744 621 2808 essentia
647 2765 705 2807 non
730 2744 803 2824 erit,
836 2766 930 2829 neque
953 2744 978 2809 si
995 2745 1109 2809 consilii
1126 2747 1165 2809 sit
1180 2746 1289 2831 imago,

136 2847 291 2930 ipsummet
306 2868 374 2911 esso
392 2847 544 2911 consilium
563 2846 680 2931 poterit.
727 2843 760 2911 Si
781 2847 898 2910 virtutis
916 2858 961 2910 est
977 2847 1092 2931 imago,
1125 2849 1218 2914 virtus
1233 2871 1290 2913 noo

139 2959 201 3026 est,
234 2948 453 3032 nequegloria,
486 2950 512 3012 si
528 2949 614 3013 buius
630 2948 726 3033 imago
743 2949 792 3012 sit.
840 2945 940 3032 imago
964 2949 1041 3013 enim
1067 2953 1204 3032 uunsoi,
1239 2953 1289 3016 sed

138 3049 261 3114 alieuius
284 3050 405 3114 alterius
427 3061 484 3114 est.

222 3150 305 3215 llaec
324 3160 374 3231 tu,
398 3150 558 3230 Marcelle,
590 3153 699 3229 verba,
732 3174 796 3215 com
813 3164 900 3216 anteo
917 3154 1001 3218 initio
1019 3155 1083 3219 libri
1104 3158 1289 3224 collaudave-
1307 3178 1367 3248 cap.
1387 3180 1441 3232 vn.

136 3256 194 3333 ris,
228 3276 305 3317 nunc
330 3265 426 3317 autem
449 3255 605 3332 inlicieriS,
640 3254 775 3318 nimirum
797 3255 880 3319 deum
900 3277 940 3319 ex
957 3257 1012 3319 deo
1031 3258 1151 3323 verbnm
1169 3282 1236 3326 esse
1258 3263 1289 3325 fi-

137 3359 223 3436 lium,
248 3367 278 3420 et
300 3356 393 3420 solum
416 3378 454 3419 ex
470 3358 552 3434 solo,
584 3370 669 3420 etex
689 3359 818 3442 perlecto
835 3360 1014 3445 perlectum,
1048 3363 1201 3447 perspicue
1218 3365 1290 3428 siui-

136 3470 225 3521 stram
247 3470 323 3522 tuam
347 3460 382 3522 de
398 3459 548 3522 divinitate
570 3460 746 3523 sententiam
771 3462 895 3542 detegis.
941 3456 1074 3546 Cumque
1091 3466 1187 3548 magni
1209 3466 1290 3549 regis

137 3558 291 3641 imaginem
310 3561 428 3645 capiens
448 3563 526 3640 vita,
562 3562 730 3640 divinitate,
764 3563 904 3641 consilio,
937 3570 1083 3650 potentia,
1107 3567 1217 3652 gloria,
1243 3588 1290 3631 es·

138 3659 233 3723 sentia
259 3662 382 3745 denique
406 3663 560 3749 spoliaris,
592 3665 696 3746 diguus
720 3685 752 3727 es
774 3666 820 3727 cui
850 3665 936 3751 impia
965 3670 1062 3754 lingua
1091 3669 1286 3755 praecidatur,

141 3762 370 3847 quarrdopuidem
399 3767 628 3828 conscelerataru
652 3767 681 3828 in
698 3767 781 3829 deum
804 3788 906 3830 vocem
927 3769 1022 3834 iecisti
1039 3793 1073 3834 ae
1092 3782 1149 3834 tam
1169 3773 1289 3838 saerile-

136 3886 205 3948 gum
221 3863 308 3926 animi
325 3885 442 3928 sensum
458 3877 606 3949 postremo
625 3867 787 3950 prodidisti.
833 3868 973 3955 Numqui
991 3872 1038 3936 dei
1056 3875 1209 3957 imaginem
1227 3897 1288 3940 mu·

137 3980 193 4030 tam
211 3965 320 4029 aevila
337 3977 486 4029 carentem
503 3967 627 4043 lirrxisti,
651 3968 724 4030 banc
741 3978 770 4031 tu
785 3991 879 4055 nequeo
896 3974 1055 4052 dominum,
1079 3997 1174 4060 neque
1189 3978 1287 4059 deum,

136 4091 190 4132 uec
207 4068 385 4145 essentiam,
410 4089 464 4130 nee
486 4067 658 4145 eonsilium,
683 4089 777 4153 neque
795 4073 944 4152 virtutem,
969 4097 1065 4161 neque
1081 4078 1203 4162 gloriam
1221 4102 1287 4146 esse

135 4171 263 4249 iudicas,
295 4172 345 4234 sed
367 4170 468 4233 horum
490 4170 617 4233 omnium
637 4171 811 4235 immobilem
834 4175 977 4256 effigiem,
1011 4200 1085 4262 quae
1105 4202 1159 4245 uec
1177 4185 1283 4263 anima,

134 4294 230 4357 neque
248 4271 307 4336 vite
323 4274 451 4358 praedite
470 4273 525 4346 sit,
556 4274 636 4337 velut
661 4274 741 4337 loras
759 4277 921 4360 expositam
942 4278 1110 4361 arbitreris,
1142 4295 1229 4369 atque
1244 4288 1285 4350 ita

168 4493 191 4546 3.
222 4490 345 4575 uestro<
370 4499 455 4559 ceps
483 4498 622 4546 emortum
639 4497 693 4564 (qus
725 4500 761 4547 on·
785 4504 835 4551 ram
860 4504 942 4566 stupu
965 4519 1038 4569 mam
1060 4508 1116 4561 eous
1141 4509 1225 4560 namu
1248 4503 1286 4572 cte

133 4565 201 4613 cetu
217 4563 342 4632 umrlrter)
357 4566 513 4618 etPrtovtnm
527 4569 625 4617 semler.
649 4567 691 4616 Μ·
725 4559 812 4628 αὐτός.
