3096 5070
453 295 593 349 rtnunrr
610 297 674 349 urs.
689 294 733 351 nr.
749 261 834 351 rous.
848 297 869 349 r.
887 295 987 347 susa.
1005 295 1125 347 Lxxvr.
1303 284 1364 349 213

208 438 244 485 ao
256 416 283 483 si
306 418 405 501 genita
424 416 542 481 soboles
561 417 626 481 sine
642 417 702 481 ullo
720 417 778 482 bne
795 417 895 502 genita
917 426 980 494 est,
1013 436 1103 500 praua
1126 415 1175 478 illa
1203 415 1239 479 de
1263 415 1364 480 bonno·

207 520 290 587 mio
313 530 342 583 ει
367 520 559 583 homoeousio
584 521 730 584 sententia
753 519 972 605 profligabitor:
1006 538 1071 580 oum
1095 517 1164 580 illud
1189 518 1306 582 iuterim
1334 519 1364 582 in

207 621 357 708 uniusque
382 634 504 687 naturae
529 621 671 705 dignitate
692 632 845 686 remaneat
859 632 908 702 ut,
940 619 1015 705 quod
1034 620 1070 683 ad
1088 619 1280 683 substantiam
1297 622 1364 684 atti·

205 737 274 805 net,
298 725 462 811 comparari
485 723 564 789 iuter
584 746 618 789 se
640 735 799 809 nequeant.

287 831 323 891 V.
346 825 380 892 Si
403 828 550 912 ingenitus
567 826 731 891 substantia
750 829 898 905 deusest,
923 826 998 908 quod
1016 825 1146 910 genitum
1166 835 1212 889 est
1228 846 1287 888 non
1303 827 1363 890 dis-

201 929 351 996 traetione
377 931 498 1015 quadam
524 929 704 993 substantiae
729 928 859 1014 genitum
887 939 951 1006 εει,
991 929 1043 990 εει
1070 927 1105 990 ab
1125 927 1307 1006 substantia,
1344 951 1362 993 a

201 1054 258 1119 qna
275 1032 446 1119 productum
469 1043 532 1111 est,
566 1031 708 1095 narravit.
755 1028 869 1117 Quippe
885 1031 1008 1093 eandem
1026 1031 1218 1094 substantiam
1233 1031 1361 1113 genitam

200 1135 290 1201 simul
312 1145 342 1199 ει
363 1135 523 1219 ingenitam
547 1156 615 1198 esse
638 1134 717 1197 nulla
740 1155 804 1197 oum
828 1133 935 1218 pietate
957 1133 1113 1196 coniuncta
1142 1133 1217 1196 ratio
1240 1133 1359 1217 patitur.

287 1239 336 1300 vt.
353 1234 386 1302 Si
402 1239 531 1322 genitum
553 1248 598 1300 est
613 1237 682 1300 illud
698 1237 803 1321 ipsum,
829 1236 904 1318 quod
924 1246 970 1298 est
983 1235 1164 1319 ingenitum,
1190 1235 1257 1319 quid
1273 1235 1360 1299 etiam

202 1338 337 1426 probibet
366 1341 441 1424 qnod
470 1339 599 1424 genitum
631 1349 676 1402 est
698 1339 859 1423 ingenitum
890 1337 1004 1401 fuisse?
1048 1335 1081 1402 Si
1111 1339 1225 1422 quidem
1256 1348 1361 1403 natura

204 1440 299 1506 onnia
313 1443 348 1505 ad
368 1444 397 1506 id
414 1444 489 1527 quod
507 1452 662 1526 cognatum
679 1441 734 1504 sibi
754 1451 799 1504 est
816 1440 910 1524 magis
926 1461 1011 1524 quam
1029 1439 1064 1504 ad
1085 1440 1210 1504 alienum
1228 1441 1360 1526 peregri-

203 1563 327 1629 mque
348 1546 478 1610 festinat.

287 1649 347 1711 Vll.
372 1644 406 1711 Si
426 1658 505 1711 totus
521 1669 578 1710 non
596 1658 642 1711 est
657 1647 805 1732 ingenitus
822 1647 906 1723 deus,
932 1646 1000 1710 nibil
1019 1646 1156 1729 estquod
1174 1645 1272 1709 obstet
1286 1666 1358 1730 qno·

203 1747 298 1815 ninas
310 1751 468 1814 seeundum
485 1749 676 1814 substantiam
694 1748 841 1834 gennerit.
889 1745 942 1812 Sin
960 1758 1038 1811 totus
1057 1748 1205 1832 ingenitus
1217 1758 1274 1826 est,
1300 1770 1358 1812 uon

201 1859 249 1915 est
265 1853 422 1917 seeundum
439 1852 631 1917 substantiam
647 1851 839 1936 generatione
856 1851 1034 1929 distraetus,
1063 1851 1115 1914 sed
1134 1871 1174 1914 ex
1192 1849 1358 1915 substantia

199 1971 253 2019 eus
273 1955 401 2039 genitam
425 1956 502 2019 illam
526 1976 543 2018 a
564 1976 597 2019 se
620 1954 749 2018 sobolem
773 1953 923 2039 produxit.

282 2059 359 2120 Vlll.
383 2055 416 2123 Si
435 2058 585 2143 ingenitus
601 2058 672 2122 deus
687 2067 765 2120 totus
782 2066 828 2119 est
845 2055 965 2139 genitali
982 2055 1011 2118 ui
1029 2055 1190 2139 praeditus,
1215 2057 1291 2140 quod
1305 2077 1357 2139 ge·

196 2156 289 2222 situm
311 2170 358 2223 est
373 2162 532 2225 seeundum
550 2159 742 2224 substantiam
770 2179 829 2240 pon
850 2169 896 2222 est
915 2157 1063 2242 genitum,
1098 2177 1163 2219 oum
1194 2157 1248 2221 toti
1276 2157 1356 2222 illius

195 2258 378 2325 substantiae
401 2285 459 2326 non
482 2273 513 2327 ut
534 2273 710 2347 generetur,
734 2261 786 2323 εει
811 2271 841 2323 ut
863 2263 1003 2345 ge'neret,
1027 2259 1147 2322 insitum
1169 2259 1219 2322 sit.

281 2365 330 2426 tx.
348 2361 434 2447 Quod
452 2365 479 2428 si
500 2365 529 2428 in
555 2365 640 2428 aliam
660 2367 782 2427 lormam
801 2373 976 2427 eommnuua
996 2362 1043 2425 dei
1058 2362 1221 2425 substantia
1237 2362 1356 2428 soboles

196 2465 314 2545 dieitur,
339 2467 468 2531 nouerit
485 2466 534 2531 illa
550 2468 614 2552 ipsa
628 2465 675 2532 dei
690 2466 855 2530 substantia
873 2465 1040 2529 mutationis
1057 2484 1178 2549 expers,
1204 2485 1269 2529 oum
1288 2487 1356 2550 pro-

196 2566 260 2655 pria
283 2568 335 2632 lilii
357 2569 486 2633 eonditio
509 2570 670 2633 mutatione
691 2569 850 2632 constituta
875 2569 924 2632 sit.

278 2673 315 2734 X.
340 2668 426 2754 Quod
451 2672 477 2736 si
499 2672 598 2736 diviua
621 2672 783 2736 substantia
808 2672 977 2736 mutationis
992 2682 1037 2734 εει
1055 2669 1150 2734 omnis
1167 2690 1294 2754 expers,
1325 2681 1355 2734 et

196 2774 387 2859 generatione
403 2775 554 2858 superior,
579 2775 713 2860 quioquid
728 2776 763 2837 ad
781 2774 868 2838 lilium
886 2774 1030 2860 pertinet,
1062 2773 1125 2836 sola
1142 2773 1287 2837 duntaxat
1304 2795 1354 2858 ap·

197 2873 353 2959 μιιειίοιεε
375 2876 586 2962 profitebimur.

265 2978 328 3041 ·xt.
353 2975 387 3043 Si
403 2981 432 3043 in
452 2980 585 3064 ingenito
609 2981 664 3043 deo
686 2979 784 3064 genite
808 2979 942 3056 soboles,
976 2978 1056 3042 velut
1083 2977 1195 3041 semine
1213 2977 1349 3061 quodam,

198 3078 412 3161 enutiuebatur,
438 3094 503 3167 post
517 3083 739 3167 generationem
753 3082 849 3167 aliqua
866 3102 898 3145 re
914 3082 1102 3145 extrinsecus
1116 3091 1264 3164 assumpta
1282 3101 1354 3144 eon·

195 3180 310 3245 bmata
326 3184 573 3269 corroboransque
590 3186 689 3249 luerit.
736 3182 936 3268 Quaruobrem
952 3206 1009 3247 non
1024 3205 1063 3247 es
1078 3182 1114 3247 iis
1134 3203 1208 3267 quae
1228 3204 1353 3267 genera-

194 3283 277 3347 tione
293 3286 413 3351 sortitus
430 3299 493 3368 est,
523 3289 574 3351 εει
601 3309 638 3352 es
660 3287 812 3351 adscititiis
830 3288 887 3350 illis
912 3287 1000 3351 babet
1024 3285 1118 3364 lilius,
1148 3297 1179 3350 ut
1204 3287 1352 3370 perlectus

191 3384 403 3472 absolutosque
418 3390 468 3453 eit.
505 3389 582 3453 Nam
600 3411 800 3475 quaecumque
819 3390 990 3454 naturaliter
1006 3387 1207 3452 accessionem
1226 3388 1351 3473 aliquam

194 3487 324 3574 sapiunt,
348 3500 447 3576 utpote
465 3514 505 3555 ex
523 3493 580 3556 illis
596 3493 669 3579 ipsis
685 3493 856 3571 constituta,
882 3492 1003 3577 perlecti
1023 3512 1128 3556 nomen
1148 3490 1265 3555 diversa
1280 3512 1352 3575 qua·

194 3590 261 3654 dara
283 3591 397 3656 ratione
418 3595 514 3659 solent
537 3596 702 3658 admittere.

277 3694 342 3755 Xll.
362 3691 395 3760 Si
412 3699 541 3782 pertenta
566 3699 595 3760 in
620 3697 749 3781 ingenito
766 3699 866 3781 genita
883 3698 1000 3762 soboles
1015 3708 1089 3774 erat,
1114 3695 1214 3780 genita
1231 3694 1350 3759 soboles

191 3803 239 3860 εει
255 3815 314 3859 non
332 3817 371 3861 es
387 3798 424 3862 iis
445 3821 518 3883 quae
544 3821 608 3862 eum
626 3800 662 3861 ab
679 3800 811 3882 ingenito
827 3801 1000 3884 gigneretur
1019 3798 1155 3863 obtinuit.
1202 3795 1280 3860 Nem
1298 3819 1350 3882 ge·

190 3897 253 3963 sita
270 3909 377 3964 natura
390 3901 420 3965 in
437 3901 568 3986 ingenita
589 3901 753 3965 substantia
770 3922 836 3967 εεεε
853 3924 910 3966 non
928 3914 1042 3989 potest3
1075 3913 1157 3967 esset
1170 3901 1247 3964 enim
1263 3901 1349 3965 simul

189 4000 265 4065 ilem
284 4012 314 4066 et
331 4024 390 4067 non
408 4015 500 4068 esset.
545 4002 623 4068 Nam
639 4005 714 4088 quod
733 4002 863 4088 genitum
880 4016 942 4084 est,
974 4005 1136 4089 ingenitum
1154 4027 1212 4068 non
1231 4014 1294 4083 εει,
1319 4013 1350 4066 ει

190 4106 266 4188 quod
285 4104 446 4190 ingenitum
467 4117 529 4186 εει,
560 4107 690 4192 genitum
709 4129 767 4170 non
791 4106 855 4170 luit.
902 4103 1018 4193 Quippe
1034 4108 1203 4171 dissimilem
1220 4106 1346 4190 aliquam

189 4206 245 4270 deo
274 4219 387 4293 partem
409 4211 567 4294 affingere,
596 4209 741 4274 maledieti
762 4210 792 4272 in
814 4210 943 4273 divinum
965 4230 1071 4273 numen
1094 4231 1129 4273 ae
1152 4210 1347 4274 contumeliae

188 4309 318 4395 speeiem
342 4314 482 4396 praefert.

221 4480 263 4534 26.
278 4483 345 4544 loire
363 4480 496 4604 reposcebat
513 4483 630 4551 πέφυκεν.
785 4488 908 4551 outpetnm
930 4484 1042 4552 γέννημα
1064 4483 1090 4538 ἐν
1119 4479 1266 4554 ἅγεννήτῳ,
1292 4483 1348 4558 pit·

221 4548 262 4601 27.
278 4551 376 4615 lnfror
407 4552 525 4622 γέννημα.
543 4556 752 4618 luterpunolionem
786 4549 855 4625 νημεὶ
873 4552 927 4610 ἐστι
943 4558 1035 4607 correxi
1052 4569 1081 4606 ea
1097 4556 1173 4620 Refert.
