3096 5070
244 246 307 312 348
667 257 978 310 ειαοτιεειεειιαιι

245 373 381 457 σάματος
396 375 582 458 πεπασμένον
597 373 679 461 παρά
694 383 748 441 τοῦ
765 372 916 459 ἀπηρέτου
931 371 973 451 άς
990 364 1083 468 a*
1096 374 1217 460 πάσχων
1232 379 1327 464 ἔλεγε,
1366 383 1404 447 Τί

245 502 281 562 με
293 480 403 562 δέρειςς
423 480 476 543 ιιαλ
495 476 651 560 ἀψαυστος
665 475 707 544 οῖν
725 485 785 567 ’τῇ
801 477 890 559 φάσει
896 527 905 556 ,
934 476 1016 560 ὅμως
1030 478 1122 564 έλιχε,
1158 477 1216 544 Τόν
1230 480 1325 548 νῶτόν
1339 509 1401 567 μου

245 581 344 647 έδωιια
366 583 408 656 είς
427 579 587 668 μάστιγας,
617 582 695 646 *καλ
718 578 752 646 τό
777 578 938 664 πρόςαπόν
958 607 1017 663 μου
1042 580 1098 646 οάιι
1118 578 1289 667 ἀπέστρεψα
1314 584 1402 653 θάπό

246 684 471 766 έμπτυσμάτων.
515 683 555 748 “A
577 681 633 771 γάρ
659 682 693 750 τό
717 679 913 769 ἀνθράπινον
937 686 1043 766 ἔπασχε
1071 689 1146 750 οτοῦ
1169 685 1276 770 λόχου,
1307 694 1404 754 ταῦτα

245 807 344 852 συναν
368 783 448 874 αάτρῖ
465 783 483 852 ό
498 784 585 872 λόγος
599 789 641 863 είς
660 783 767 851 έαυτδν
787 786 947 870 ἀνέφερεν,
977 789 1027 851 ἵνα
1045 783 1154 869 7ἡμεῖς
1174 794 1229 869 τῆς
1242 796 1296 854 τοῦ
1310 788 1404 875 λόγου

242 886 386 970 θεότητος
409 892 587 971 δυνηθῶμεν
610 896 768 971 μετασχεῖν.
813 889 874 952 Καί
898 880 936 971 ἦν
952 885 1124 974 παράδοξον
1144 887 1191 954 ότι
1214 889 1305 967 αάτδς
1321 884 1404 974 ἦνό

244 987 364 1074 πάσχων
380 992 432 1055 παλ
446 988 487 1073 μὴ
505 989 642 1073 πάσχων,
674 989 794 1075 πάσχων
814 991 882 1074 μέν,
904 989 951 1057 ότι
966 989 1000 1056 τό
1020 993 1097 1056 ίδιον
1114 990 1208 1058 αὐτοῦ
1222 995 1327 1076 έπασχε
1342 1001 1404 1060 σά-

244 1119 303 1176 μα,
325 1095 376 1157 καὶ
394 1096 426 1159 έν
442 1091 522 1181 αὐτῷ
538 1101 578 1182 τῷ
594 1093 735 1176 πάσχοντι
750 1087 804 1176 ἦν,
837 1091 879 1176 μή
894 1092 1015 1176 πάσχων
1034 1093 1082 1174 δὲ,
1110 1091 1156 1159 ότι
1171 1101 1207 1184 τῇ
1222 1093 1309 1177 φάσει
1324 1094 1405 1174 θεός

247 1194 290 1262 τόν
308 1193 327 1262 δ
342 1195 429 1282 λόγος
444 1191 568 1279 ἀπαθής
587 1198 654 1262 ίστι.
699 1199 760 1261 Καὶ
777 1194 869 1273 αὐτός
887 1197 941 1277 μέν
961 1193 1005 1261 8ό
1019 1193 1174 1278 ἀσάμοιτος
1186 1190 1225 1279 ἦν
1240 1200 1272 1263 έν
1289 1206 1330 1287 τῷ
1344 1225 1404 1265 πα-

243 1304 330 1387 θητρῖ
345 1297 476 1381 σάματι,
498 1295 531 1363 τό
548 1299 581 1364 δέ
594 1305 679 1382 σῶμα
700 1301 804 1382 οέσχεν
820 1301 852 1364 έν
867 1299 962 1387 ἐαυτῷ
977 1296 1029 1364 τόν
1044 1298 1154 1382 ἀπαθῖχ
1166 1297 1270 1385 λόγον,
1292 1297 1403 1383 ἀφανί-

243 1407 330 1480 ζοντα
359 1400 452 1476 ιοτοὶς
475 1400 633 1476 ἀσθενείας
656 1401 751 1467 αὐτοῦ
777 1408 831 1466 τοιῖ
851 1400 994 1483 σάματος.
1036 1397 1147 1466 Ἐποίει
1163 1403 1196 1467 δὲ
1214 1409 1317 1483 τοῦτο,
1347 1407 1401 1471 ααλ

250 1506 403 1590 ιιέχίνετο
424 1503 538 1582 οὕτως,
566 1507 616 1569 ἰ’να
638 1504 675 1568 τά
694 1501 778 1587 ἡμῶν
795 1502 887 1580 αάτδς
904 1506 1059 1586 δεχόμενος
1073 1505 1122 1570 ειαλ
1139 1505 1344 1592 προςτνεχπιόν
1359 1510 1405 1585 είς

245 1610 358 1671 θυσίαν
382 1608 562 1696 έξαφανίση,
594 1607 645 1672 τιαλ
667 1604 773 1672 λοιπόν
793 1615 857 1682 τοῖς
878 1609 986 1672 ἑαυτοῦ
1008 1604 1172 1692 περιβαλάν
1188 1605 1267 1691 ἡμᾶς
1287 1608 1401 1701 ποιήσῃ

106 1751 159 1800 Ν,
173 1740 231 1786 lm
245 1706 298 1775 τόν
313 1707 478 1775 ἀπόστολον
492 1713 602 1789 εἰπεῖν,
633 1717 690 1773 Δεῖ
703 1707 736 1774 τδ
754 1708 894 1794 φθαρτόν
906 1715 993 1774 τοῦτο
1013 1707 1197 1776 ένδάσασθαι
1211 1710 1403 1801 ἀφθαρσίαν,

245 1813 297 1878 παλ
318 1809 351 1877 τό
373 1810 487 1895 θνητόν
508 1819 597 1879 τοῦτο
619 1809 801 1877 ἐνδύσασθαι
823 1809 1000 1878 ἀθανασίαν.

107 2137 175 2207 Καρ.
194 2135 227 2192 Β.
332 2117 378 2186 Οδ
392 2123 474 2186 θέσει
492 2121 524 2185 δὲ
539 2126 630 2185 ταῦτα
645 2121 765 2204 ἐγένετο,
786 2118 827 2202 μη
841 2120 967 2205 γένοιτο,
990 2117 1032 2195 άς
1046 2142 1122 2195 τινες
1137 2117 1227 2186 πάλιν
1241 2116 1398 2204 ὑπέλαβον,

245 2221 317 2291 ἀλλά
339 2220 449 2298 Ιόντος
465 2220 633 2307 ἀνθράπου
650 2222 775 2310 ἀληθείᾳ
791 2223 951 2307 γενομένου
968 2228 1023 2287 τοῦ
1040 2227 1174 2306 σωτῆρος
1191 2219 1263 2288 ὅλου
1278 2229 1331 2288 τοῦ
1344 2222 1395 2286 ἀν·

242 2324 374 2412 θράπου
397 2330 526 2405 σωτηρία
546 2327 692 2411 ’ίμίνετο
737 2328 780 2389 Et
792 2322 848 2411 γάρ
868 2327 950 2390 θέσει
964 2317 1003 2406 ἦν
1023 2326 1078 2390 8έν
1094 2331 1136 2413 τῷ
1150 2322 1261 2408 σάματι
1274 2319 1295 2388 δ
1307 2321 1393 2408 λόχος

244 2425 307 2496 κατ’
324 2432 471 2505 ἐκείνους,
493 2425 527 2493 τό
544 2428 575 2492 δὲ
590 2429 673 2492 θέσει
687 2426 841 2512 λεγόμενον
853 2431 1001 2508 φαντασία
1017 2428 1111 2506 ἐστὶν,
1134 2424 1290 2513 εόρίστεται
1303 2423 1393 2507 δονά-

244 2553 287 2597 σει
308 2534 359 2597 ιιαλ
384 2528 406 2614 ἡ
424 2534 553 2614 σωτηρία
575 2531 626 2594 παλ
651 2525 850 2612 ἧάνάστασις
865 2536 926 2595 τάν
945 2527 1120 2611 ἀνθράπων
1139 2528 1291 2614 λεγομένη,
1319 2525 1395 2593 πατά

243 2632 296 2700 τόν
313 2634 507 2716 ἀσεβέστατον
523 2638 700 2714 Μανιχαῖον.
740 2628 830 2697 Ἀλλά
849 2629 908 2713 μὴν
928 2633 965 2697 οά
983 2635 1131 2719 φαντασίᾳ
1146 2629 1167 2714 ἦ
1183 2633 1311 2715 σωτηρία
1327 2631 1399 2716 *χέ-

244 2759 331 2823 χονεν
344 2733 446 2818 ἡμῶν,
478 2733 549 2799 οὐδὲ
570 2733 708 2815 σάματος
731 2733 841 2818 μόνον,
871 2732 929 2800 ἀλλ’
951 2733 1023 2801 όλου
1045 2741 1099 2800 τοῦ
1117 2730 1285 2818 ἀνθράπον
1300 2739 1401 2816 ψυχῆς

244 2840 296 2904 καί
310 2837 446 2921 σάματος
462 2833 583 2919 άληθοῖς
601 2839 657 2903 ὅέν
679 2835 759 2926 αότρῖ
776 2833 797 2919 ἡ
814 2842 941 2921 σωτηρία
954 2839 1079 2923 γέγονεν.
1117 2834 1331 2920 Ἀνθράπινον
1343 2832 1401 2920 ἀρα

177 2922 193 2951 ’
244 2939 332 3022 φάσει
355 2939 388 3005 τό
413 2942 445 3005 έν
463 2944 587 3025 Μαρίας
605 2938 681 3005 ποτά
703 2939 756 3016 τάς
775 2943 861 3016 θείας
877 2938 1012 3026 γραφάς,
1044 2941 1096 3004 καί
1120 2935 1266 3021 ἀληθινόν
1292 2944 1402 3020 6σοῖμα

216 3050 298 3109 Ιτοιῖ
321 3049 462 3125 σωτῆρος.
513 3039 671 3125 Ἀληθινόν
695 3043 728 3108 δὲ
753 3034 808 3125 ἦν,
841 3041 941 3124 ἐπειδη
967 3039 1077 3109 ταάτόν
1102 3035 1166 3124 7ἦν
1190 3046 1232 3130 τῷ
1258 3036 1400 3128 ἡμετέρῳ.

242 3142 369 3227 Ἀδελφη
393 3142 450 3229 γάρ
473 3141 557 3226 ἡμῶν
575 3142 596 3227 ἡ
616 3149 737 3231 Μαρία,
769 3145 830 3211 έπελ
855 3145 906 3209 ιιαλ
927 3143 1036 3220 πάντες
1058 3146 1091 3210 ἐκ
1115 3151 1170 3209 τοῦ
1181 3140 1279 3224 ’Λδάμ
1305 3144 1400 3225 ἐσμεν.

246 3249 306 3312 Καὶ
332 3253 422 3313 τοῦτο
441 3244 498 3312 οάνι
520 3244 556 3311 ἀν
579 3272 624 3322 τις
646 3245 825 3331 ἀμφιβάλοι,
856 3248 1000 3329 μνησθείς
1027 3238 1071 3311 άν
1087 3249 1218 3332 ίχραψεν
1232 3242 1251 3311 ό
1264 3250 1400 3318 Λουκᾶς.

245 3346 335 3415 Μετά
358 3348 413 3436 γάρ
433 3348 466 3415 τό
482 3345 642 3432 ἀναστῆναι
660 3352 693 3414 ἐν
715 3356 774 3414 τοῖν
789 3356 916 3434 νεκράν,
947 3347 1114 3413 δοκούντων
1133 3354 1222 3413 τινάν
1247 3345 1287 3429 μή
1310 3348 1342 3412 h
1358 3351 1402 3434 τρῖ

244 3454 278 3518 έπ
294 3455 418 3537 Μαρίας
434 3450 546 3533 σάματι
562 3452 679 3533 βλέπειν
693 3449 746 3518 τόν
762 3449 882 3538 κόριον,
906 3446 966 3517 ἀλλ’
983 3448 1045 3517 ἀντὶ
1063 3448 1170 3516 τούτου
1190 3455 1306 3530 πνεῦμα
1321 3456 1402 3512 θεω·

244 3563 323 3640 ρεῖν,
350 3557 459 3639 ἔλεγεν,
482 3552 574 3619 Ἴδετε
595 3550 648 3630 τάς
665 3553 762 3639 χεῖράς
784 3581 859 3636 μου,
888 3554 940 3619 ιιαὶ
955 3551 1025 3629 τοδς
1041 3551 1137 3629 πόδας
1154 3578 1230 3634 μου,
1262 3550 1313 3615 παλ
1327 3546 1403 3625 τοάς

244 3656 358 3732 τόπους
379 3663 438 3722 τάν
461 3655 557 3739 ἥλων,
585 3653 632 3721 ὅτι
653 3655 710 3740 ἐμά
734 3660 792 3738 είμι
812 3654 920 3735 αάτάς,
951 3655 1146 3738 ψηλαφήσατε
1164 3654 1237 3719 οναὶ
1256 3655 1332 3717 ῖδετε
1354 3647 1404 3716 ότι

244 3765 362 3841 πνεῦμα
378 3757 475 3843 σάρκα
498 3759 549 3823 ναλ
566 3756 653 3825 όστέα
672 3758 727 3824 οάιι
752 3759 825 3841 ἔχει,
852 3759 958 3835 παθάς
975 3758 1026 3841 ἐμὲ
1041 3767 1182 3843 θεωρεῖτε
1203 3757 1317 3839 έχοντα·
1348 3755 1403 3818 ιιαλ

245 3867 333 3927 τοῦτο
361 3859 453 3926 είπάν
479 3858 651 3938 οἀπέδειξεν
673 3858 775 3937 αὐτοῖς
796 3858 848 3938 τάς
869 3871 967 3948 χεῖρας
990 3863 1042 3926 καλ
1063 3858 1133 3936 τοάς
1148 3857 1253 3934 πόδας.
1293 3852 1341 3933 Ἐξ
1358 3848 1404 3921 οδν

278 3982 303 4037 δ.
321 3979 336 4037 δ
354 3981 428 4051 λόγος
442 3982 477 4052 τῇ
495 3987 522 4034 Β.
873 3984 911 4036 10.
929 3978 1008 4037 αάτοῖ
1031 3984 1075 4036 τοῦ
1095 3978 1213 4050 σάματοε
1227 3977 1275 4039 τὰς
1291 3975 1351 4033 άσδ.
1371 3981 1400 4031 Β.

278 4047 303 4102 4.
321 4048 368 4112 τάς
382 4049 411 4105 δὲ
426 4047 549 4117 στάγονός
563 4069 610 4118 μου
625 4050 662 4111 είς
678 4049 804 4120 ραπίσμα·
873 4052 912 4104 11.
930 4051 1028 4118 ἐγένετο
1044 4054 1072 4103 Β.

245 4136 293 4180 τα,
311 4117 355 4172 καὶ
371 4117 400 4172 τδ
418 4137 458 4185 πρ.
476 4122 503 4171 Β.
873 4119 1036 4171 (λιο.1Χ.-
1064 4123 1084 4171 l.
1104 4112 1184 4178 ὅντως
1199 4112 1308 4182 ἀληθεία
1326 4111 1400 4182 άνΒρ.

279 4189 303 4239 5.
321 4180 371 4240 αἰτδ
388 4185 512 4256 αἰσχύνης
528 4185 599 4254 έμπτ.
616 4189 644 4239 Β.
837 4204 888 4255 γει.
902 4190 930 4239 Β.
956 4190 1109 4240 δοτῖδεπδιιοι
1121 4193 1178 4250 μαλε
1194 4178 1273 4245 όντως
1286 4168 1342 4238 ἀνθ.
1357 4178 1401 4238 α’λ.

278 4254 304 4308 6.
322 4257 400 4321 σῶμα
416 4257 459 4309 τοῦ
477 4251 551 4322 λόγου
568 4258 595 4307 Β.
838 4273 889 4324 γεν.

279 4323 303 4377 7.
321 4318 400 4408 ρ’μεῖς
417 4328 480 4375 abest
497 4338 514 4373 ο
533 4328 560 4375 Β.
871 4323 896 4374 ’2.
915 4320 1009 4389 ἐγένετο
1025 4327 1053 4376 Β.

279 4389 303 4443 8.
323 4410 336 4443 ο
354 4386 492 4458 ἀσώματος
515 4394 566 4451 cod.
588 4395 635 4444 ίιπ
669 4387 806 4458 ἀσάματος
872 4389 897 4443 3.
923 4389 949 4443 ἐν
967 4396 1109 4457 praepositio
1132 4396 1196 4446 αδιελ
1219 4392 1319 4444 οοοδδ.
1343 4405 1401 4442 mu.

246 4462 329 4523 τειίηαε
345 4462 404 4509 libr&
839 4464 860 4511 τε
877 4461 913 4512 ιδ.
929 4463 1004 4524 princ.

279 4527 306 4584 9.
323 4523 388 4596 εἶχεν
405 4529 432 4578 Β.

381 4616 586 4887 w
