3096 5070
526 304 613 357 τοιτι
627 301 756 356 mom
774 303 857 356 ms
875 303 1068 356 νοετκιιιοιι.
1306 294 1368 358 629

207 421 338 496 τᾴκησεν,
367 410 412 478 άτε
427 420 446 492 νῖ
461 423 546 478 τελεία
558 424 650 492 κλῆσις
663 423 713 477 τιῦν
728 422 786 491 περί
804 422 901 490 Πέτρον
918 417 1090 489 καίἸωάννην
1104 424 1254 491 γεγένηται,
1279 419 1368 479 έλθάν-

206 527 250 572 τος
266 507 345 564 αύτοῦ
363 507 433 576 παρά
449 507 497 578 τήν
515 507 603 575 λίμνην
621 508 779 575 Γενησαρέθ.
815 508 869 561 Καί
885 501 968 569 οῦτως
984 505 1003 576 η
1021 508 1091 562 πάσα
1108 509 1162 560 κτλ.

273 596 353 668 Peg.
365 595 420 651 8⁰.
454 595 470 644 Ι.
484 594 505 647 ί.
524 588 589 648 άλλά
604 589 692 662 πάσης
706 596 755 660 τῆς
769 595 820 648 τῶν
836 590 990 661 εὐαγγελίων
1007 593 1180 660 πραγματείας
1194 592 1367 661 τηλαυγεστά-

205 697 252 748 της
266 673 347 748 ούσης
364 679 408 734 καί
427 678 451 733 έν
470 675 580 749 άληθείᾳ
595 678 793 748 κεκηρυγμένης.
829 678 865 732 Τί
878 668 923 732 οῦν
947 677 1018 742 ἔδοξε
1042 675 1139 739 τούτοις
1161 676 1205 733 τὸν
1227 679 1289 733 ἴδιον
1311 680 1366 734 νοῦν

204 759 355 832 άπατησασι
371 765 415 818 καί
431 763 478 832 τήν
493 765 589 832 αἳρεσιν
603 760 701 831 ταύτην
715 764 756 834 τῷ
774 764 822 834 βίῳ
840 762 988 831 ίξεμέσασιν
1003 758 1103 817 α’θετεῖν
1119 760 1148 816 τῦ
1164 761 1230 817 κατά
1245 758 1366 831 Ἰωάννην

205 844 364 918 εύαγγέλιον;
400 850 511 911 Δικαίως
522 849 572 918 γάρ
588 845 677 917 άλογον
697 847 745 916 την
763 844 846 903 αύτοῖν
868 849 963 916 αἵρεσιν
986 845 1149 916 κεκλήκαμεν
1162 846 1205 903 διά
1220 847 1249 902 τὸ
1267 847 1304 916 μοὶ
1320 849 1366 903 δέ·

203 936 296 1004 γεσθαι
313 930 405 995 αύτούς
427 929 469 990 τάν
487 929 585 990 ἄνωθεν
601 933 707 989 έλθάντα
729 932 788 988 θεάν
805 931 878 1003 λύγον
894 932 937 989 διά
953 929 1071 988 Ἰωάννου
1086 933 1281 1000 κεκηρυγμένον.
1315 933 1363 1001 Μή

203 1022 315 1080 νοοῦντες
328 1018 378 1087 γάρ
392 1019 438 1089 τὴν
453 1016 557 1088 δύναμιν
572 1023 622 1075 τιῦν
637 1015 790 1088 εύαγγελίων
806 1019 885 1088 φασί,
903 1018 969 1079 Πῶς
985 1020 1007 1073 ολ
1021 1013 1090 1072 άλλοι
1105 1014 1280 1086 εύαγγελισταί
1294 1015 1365 1086 εἰρη-

204 1119 277 1157 κασιν
303 1099 344 1157 ύτι
368 1105 453 1172 φυγᾶε
478 1100 560 1176 ιι’)’λετυ
583 1102 632 1162 άπύ
659 1102 791 1172 προςεύπου
813 1101 933 1172 Ἦριύδου
952 1100 966 1158 0‘
982 1100 1086 1171 Ἰησοῦς
1101 1103 1138 1164 είς
1155 1104 1293 1172 Αἴγυπτον,
1319 1105 1364 1158 καί

204 1186 268 1255 μετά
284 1187 331 1254 την
348 1189 433 1259 φυγήν
452 1189 533 1246 έλθών
550 1190 694 1258 κατέμεινεν
711 1191 748 1251 είς
764 1187 899 1257 Ναζαρὲθ,
920 1186 975 1243 εἶτα
990 1187 1073 1259 λαβών
1088 1187 1117 1243 τά
1132 1187 1263 1258 βάπτισμα
1279 1185 1362 1257 άπῆλ-

203 1278 247 1327 θεν
262 1280 316 1327 κτλ.
335 1276 424 1327 Venet.
444 1308 474 1317 -
510 1276 525 1326 Ι.
539 1276 562 1328 8.
590 1269 643 1341 ύτι,
668 1286 726 1342 post
740 1275 832 1340 εἰπεῖν,
859 1293 908 1326 om.
925 1277 987 1326 Ven.
1026 1276 1093 1325 {dem
1111 1275 1203 1326 ibidem
1221 1292 1271 1326 om.
1286 1276 1362 1327 verba

205 1356 249 1411 καί
262 1356 408 1424 έσκηνωσεν
423 1358 448 1413 έν
463 1358 533 1427 ημῖν.
553 1390 584 1399 -
620 1361 637 1410 l.
651 1361 674 1413 9.
701 1354 774 1428 άλίγα
792 1358 847 1415 τινά
864 1363 925 1410 Ven.
945 1390 977 1399 -
1013 1361 1029 1411 l.
1046 1363 1083 1411 11.
1104 1356 1169 1425 μετά
1184 1357 1212 1412 τὸ
1227 1358 1362 1416 είπεῖντόν

203 1440 276 1510 λύγον
293 1441 377 1511 σάρκα
393 1446 548 1512 γεγενῆσθαι
563 1444 607 1499 καί
621 1443 792 1512 έσκηνωκέναι
807 1444 832 1498 έν
847 1442 925 1513 η’μῖν,
943 1445 1069 1499 τουτέστιν
1085 1446 1147 1494 Ven.
1166 1469 1197 1482 —
1232 1443 1299 1496 1.12
1319 1462 1361 1512 γε-

202 1526 312 1595 γονέναι,
330 1529 374 1582 καί
390 1529 459 1598 λέγει
474 1523 540 1597 ἦλθε
555 1533 617 1580 Ven.
637 1561 670 1570 —
703 1531 719 1580 l.
736 1531 774 1583 13.
792 1528 950 1599 ἐβαπτίσθη,
970 1526 1048 1591 αύτύς
1063 1526 1169 1595 Ἰησοῦς
1181 1536 1305 1596 μαρτυρεῖ
1317 1530 1361 1584 λέ-

203 1630 254 1679 γων
269 1611 312 1669 τάν
329 1614 468 1684 βαπτιστήν
482 1611 603 1682 Ἰωάννην
621 1615 764 1683 εἰρηκέναι,
783 1605 868 1676 Ούτύς
883 1613 937 1668 iou
954 1615 1010 1681 περί
1030 1605 1060 1668 ού
1074 1610 1141 1667 εἶπον
1156 1609 1229 1680 ύμῖν,
1247 1613 1292 1667 καί
1308 1611 1361 1669 πά-

201 1699 237 1750 λιν
252 1692 304 1758 ὅτι,
323 1699 471 1768 Τεθέαμαι,
489 1702 589 1770 reliquis
606 1700 717 1760 omissis,
735 1701 798 1751 νεα.
813 1727 846 1738 -
881 1699 897 1748 l.
913 1701 950 1753 18.
971 1700 1036 1762 Καί,
1055 1711 1114 1752 ante
1131 1696 1210 1769 δρᾷς,
1230 1717 1279 1750 om.
1297 1702 1359 1752 Ven.

201 1782 271 1832 Idem
286 1784 361 1850 paulo
377 1798 435 1852 post
448 1787 507 1836 ibid.
526 1779 696 1853 έπελησμονῆν
710 1781 900 1854 ύφηγοῦμενος·
917 1785 1054 1850 παρέλειψε
1067 1783 1096 1840 δὲ
1110 1782 1124 1839 ὁ
1137 1781 1260 1852 Ἰωάννης
1272 1782 1306 1840 τά
1320 1788 1358 1856 τῷ

201 1866 329 1936 Ματθαίῳ
346 1870 474 1938 εἰρημένα.
504 1866 543 1925 ού
558 1869 607 1939 γάρ
623 1861 663 1937 η’ν.
676 1899 709 1910 -
745 1870 813 1920 1.‘20.
831 1869 879 1936 τῆς
894 1870 991 1930 τελείας
1004 1866 1125 1936 αράσεως
1140 1871 1202 1920 λίειι.
1220 1899 1254 1910 -
1287 1870 1303 1920 Ι.
1316 1872 1358 1925 22.

201 1949 255 2006 υἱέν
271 1954 347 2014 θεοῦ,
366 1954 410 2007 καί
425 1953 488 2009 εἶναι
503 1954 548 2023 μίν
562 1952 681 2021 πρότερον
697 1952 771 2019 ψιλύν
784 1949 928 2021 ἄνθρωπον,
954 1952 1019 2008 κατά
1036 1951 1165 2021 προκοπήν
1182 1952 1212 2008 δὲ
1228 1954 1358 2024 εἰληφέναι

199 2033 247 2103 την
261 2038 306 2092 τοῦ
320 2039 374 2092 υίοῦ
389 2043 432 2094 τοῦ
452 2042 512 2094 θεοῦ
527 2040 698 2108 προςηγορίοιν.
723 2039 766 2094 Διύ
781 2041 832 2094 τιύν
847 2034 935 2107 άναγκ.
950 2037 1093 2106 ἐπιμέλεται
1110 2038 1167 2104 (εἰσ)
1181 2040 1246 2091 Ven.
1280 2043 1357 2094 Paulo

200 2133 258 2190 μοεε
273 2123 298 2173 in
316 2124 403 2176 eadem
421 2125 487 2176 linea
504 2126 570 2177 idem
586 2126 654 2176 delet
666 2115 708 2180 οῦν
723 2125 875 2193 particulam.
889 2155 924 2166 -
958 2125 973 2174 Ι.
985 2122 1025 2176 24.
1043 2124 1094 2177 τῶν
1108 2122 1259 2191 έπουρανίων
1273 2123 1358 2181 ποιού-

200 2223 274 2273 imo<
290 2206 336 2275 τήν
359 2207 479 2278 διήγησιν
494 2212 544 2278 τῆς
563 2205 661 2265 άνωθεν
684 2211 833 2278 οίκονομίας.
868 2211 929 2278 Λεγ.
946 2207 976 2264 δέ
989 2206 1019 2264 τά
1037 2229 1059 2261 κ.
1073 2204 1194 2275 Ἰωάννην
1213 2207 1357 2279 εύαγγέλιον

201 2287 335 2347 άῦιάθετον
349 2291 426 2356 εἶναι,
446 2295 502 2350 έπεί
517 2295 554 2364 μη
572 2297 654 2350 ταῦτα
669 2295 735 2365 ῑφη,
763 2297 829 2364 λέγω
845 2293 875 2350 δὲ
891 2292 923 2348 τά
938 2293 1003 2348 κατά
1018 2292 1062 2348 τάν
1075 2291 1215 2360 πειρασμὸν
1230 2297 1281 2349 τῶν
1294 2313 1355 2350 τεσ-

203 2375 346 2444 σαράκοντα
373 2376 493 2448 ημεριύν,
518 2381 562 2434 καί
583 2377 629 2435 ούκ
652 2377 763 2444 άξιοῦσιν
785 2375 851 2435 αύτά
868 2379 990 2449 δέχεσθαι
1008 2376 1075 2432 κατά
1090 2377 1171 2431 πάντα
1187 2382 1356 2450 πεπλασμένοι

199 2461 260 2529 (tic)
281 2463 326 2517 καί
347 2462 533 2533 τυφλώττοντες
556 2466 602 2534 τήν
619 2466 737 2521 διάνοιαν.
754 2467 816 2516 Veu.
836 2495 868 2506 -
901 2466 918 2516 1.
934 2465 958 2518 9.
976 2466 1008 2516 αλ)
1025 2465 1069 2515 inf.
1096 2462 1222 2530 Τέταρτος
1236 2463 1285 2533 γάρ
1302 2469 1353 2521 τοῖν

196 2540 381 2615 εύαγγελιστιῦν
406 2570 429 2604 κ.
449 2556 472 2606 δ.
490 2550 573 2605 έλθιύν
588 2550 604 2607 o*
621 2548 745 2631 μακάριος
767 2544 905 2617 Ἰωάννης,
932 2552 1031 2616 πρῶτος
1054 2548 1100 2617 μὲν
1124 2541 1159 2603 οῦν
1180 2548 1206 2603 έν
1226 2550 1261 2618 τῇ
1285 2549 1351 2617 κλη’-

197 2647 236 2685 σει
257 2632 322 2700 μετά
339 2636 435 2703 Πέτρον
461 2637 505 2690 καί
525 2632 644 2704 ’Δνδρέαν
667 2637 714 2690 σύν
729 2631 848 2707 Ἰακιύβῳ
863 2638 900 2704 τῷ
922 2631 1027 2705 άδελρῷ
1049 2629 1143 2694 αύτοῦ,
1169 2638 1311 2696 τελευταῖος
1325 2637 1355 2692 ὄλ

197 2721 251 2778 τοῖς
264 2717 362 2787 γρένοις
379 2717 607 2790 εύαγγελισάμενος
621 2720 652 2776 τά
667 2720 715 2789 πρὸ
732 2724 792 2772 ven.
810 2751 844 2761 -
877 2721 894 2772 Ι,
905 2720 930 2773 6.
947 2720 978 2772 ab
993 2721 1038 2770 inf.
1056 2719 1166 2787 ῥηθέντα
1180 2720 1225 2773 καί
1240 2721 1353 2789 διαλέγε-

195 2817 237 2855 ται
252 2815 326 2872 auget
342 2807 404 2857 Ven.
441 2806 507 2858 Idem
532 2807 592 2858 ibid.
612 2808 679 2858 delet
700 2807 813 2858 νοευίειιι
830 2804 860 2861 δέ
876 2816 935 2857 ante
953 2803 1000 2874 τήν
1015 2800 1103 2874 άργήν.
1123 2833 1152 2843 -
1188 2805 1204 2854 l.
1218 2807 1242 2856 5.
1259 2806 1290 2857 ab
1306 2806 1354 2859 inf.

194 2884 269 2941 πάλιν
290 2891 417 2943 ποιεῖσθαι
441 2893 504 2942 λέιν.
522 2921 556 2930 -
591 2893 606 2942 Ι.
619 2891 643 2945 4.
661 2893 692 2942 ab
708 2893 752 2942 inf.
777 2892 896 2961 Τιβερίου
921 2890 1052 2957 Καίσαρος
1073 2886 1203 2956 μεσότητα
1221 2891 1271 2944 τῶν
1288 2910 1314 2964 μ.
1330 2910 1353 2949 τ.

195 2967 280 3043 άρχην
305 2972 469 3043 διηγούμενος
492 2979 555 3026 Ven.
590 2978 656 3028 Hinc
678 2979 832 3029 restituenda
855 2987 893 3026 εει
912 2975 1011 3043 vulgata
1034 2975 1165 3042 scriptura.
1183 3004 1215 3015 -
1249 2975 1267 3026 l.
1279 2976 1303 3028 3.
1319 2977 1351 3028 ab

192 3056 239 3108 inf.
257 3057 373 3128 έπηγαγε
387 3058 433 3127 τήν
448 3061 505 3126 περί
519 3061 569 3128 τῆς
583 3057 723 3134 Ἐλισάβετ
744 3062 789 3116 καί
804 3061 905 3129 Μαρίας
925 3059 972 3127 πρά
991 3062 1037 3113 τοῦ
1053 3058 1180 3127 έγκύμονα
1195 3056 1258 3115 εἶναι
1274 3079 1351 3129 γεγε-

193 3142 301 3210 νημίνην
316 3146 495 3213 πραγματείαν.
529 3141 652 3214 Ἰωάννης
665 3146 695 3203 δὲ
713 3145 749 3202 ἔτι
763 3147 882 3214 προτέρου
900 3147 960 3214 (εἰσ)
985 3144 1030 3213 μὲν
1049 3137 1083 3198 ιῦν
1098 3145 1132 3214 τῇ
1147 3143 1255 3212 κλήσει,
1273 3141 1351 3200 ῦστε-

195 3244 238 3293 ρος
255 3226 285 3282 δὲ
301 3226 396 3283 τούτων
414 3229 530 3297 κηρύξας
546 3231 743 3301 έπασφαλίζεται
760 3234 823 3283 Ven.

260 3315 341 3385 Ρως.
355 3317 409 3370 82.
443 3315 493 3366 λθ.
522 3315 554 3370 τά
570 3313 613 3371 ύπ’
633 3314 712 3372 αύτοῦ
734 3321 801 3385 λεγ..
827 3318 877 3371 τῶν
901 3318 1028 3382 σαρκικῶν
1051 3313 1257 3384 άσφαλισθέντων
1282 3309 1349 3384 (ἤδη

192 3397 272 3463 τίνειν)
297 3400 358 3451 ven.
377 3429 408 3440 —
447 3401 456 3450 1
477 3405 501 3453 ὁ.
528 3400 553 3455 έν
569 3403 603 3472 τῇ
620 3401 707 3471 μητρα
720 3403 769 3469 τῆς
786 3399 860 3470 άγίας
876 3403 999 3469 παρθένου
1022 3400 1066 3454 καί
1081 3399 1110 3456 τά
1128 3402 1188 3468 (sic)
1204 3397 1350 3469 ἀναγκαίως

193 3478 223 3537 δί
237 3481 387 3551 ζητούμενον
402 3483 448 3541 ούκ
463 3486 653 3554 έπεσιιύπηοεν,
672 3483 735 3541 άλλά
750 3486 873 3554 πνεύματι
887 3484 953 3556 άγίῳ
967 3485 1111 3553 κινούμενος
1121 3483 1164 3540 τάν
1179 3484 1227 3553 πρὸ
1242 3488 1293 3539 τῶν
1311 3487 1350 3541 αί-

193 3564 263 3621 ιύνων
284 3563 342 3636 άγει
365 3564 425 3625 ὄντα
448 3571 508 3627 θεάν
531 3570 604 3640 λόγον
620 3568 736 3641 άνάργως
753 3571 798 3625 καί
819 3566 934 3641 α’χράνως
950 3571 981 3625 έκ
1000 3570 1096 3639 πατρός
1116 3571 1297 3640 γεγενημένον,
1323 3571 1356 3626 έν

193 3651 268 3720 σαρκί
290 3651 319 3709 δὲ
343 3653 484 3722 έληλυθάτοι
507 3653 540 3712 δι’
559 3655 632 3724 η’μᾶς
648 3655 791 3724 έδηλωσεν,
816 3657 858 3710 ἵνα
879 3652 930 3712 άπῦ
951 3652 1082 3725 τεσσάρων
1101 3651 1286 3724 εύαγγελιστιύν
1302 3654 1349 3724 τήν
1431 3655 1436 3667 ’

190 3739 274 3791 πᾶσαν
296 3740 388 3806 γνῶσιν
410 3742 476 3796 κατά
497 3760 526 3796 τε
548 3741 594 3809 την
611 3741 694 3809 σάρκα
716 3742 761 3795 καλ
776 3740 842 3795 κατά
856 3738 903 3807 την
917 3738 1029 3808 θεάτητοι
1042 3738 1157 3811 άκριβῶς
1171 3743 1347 3811 κατασγιῦμεν.

191 3810 382 3878 Τελεέωθέντων
398 3824 561 3893 γάρπάντων
580 3831 631 3881 τῶν
647 3824 712 3880 κατά
728 3823 757 3880 τά
777 3822 908 3896 βάπτισμα
923 3826 967 3879 καί
983 3824 1049 3880 κατά
1064 3823 1108 3879 τάν
1123 3824 1278 3894 πειρασμὸν,
1303 3826 1347 3880 έλ-

191 3905 279 3970 θύντος
292 3911 335 3963 τοῦ
350 3904 438 3976 Ἰησοῦ
456 3910 538 3967 λοιπύν
552 3913 597 3966 καλ
614 3908 706 3979 ὀλίγων
720 3907 839 3978 η’μεριῦν,
864 3911 953 3973 καθὼς
968 3911 1087 3972 πολλάκις
1102 3908 1183 3974 εἶπον,
1200 3911 1347 3979 διατρίψαν-

157 4028 160 4033 «
189 4012 232 4057 τος
247 3993 312 4048 έντε
327 3995 360 4063 τῇ
378 3994 501 4064 Ναζαρὲθ
515 3998 560 4051 καί
573 3996 598 4052 έν
614 4003 666 4058 τοῖς
683 3993 760 4063 ύρίοις
774 3991 871 4064 αύτῆς,
895 3997 939 4051 καί
956 3996 1014 4063 περί
1029 3995 1074 4063 τήν
1088 3994 1265 4064 Καφαρναούμ
1282 3996 1346 4064 μετά

189 4077 218 4134 τί
237 4081 390 4147 συναντῆσαι
406 4083 444 4149 τῷ
462 4075 569 4152 Ἰωάννῃ
586 4081 627 4136 έπί
642 4084 687 4136 τοῦ
702 4076 845 4150 Ἰορδάνου,
863 4082 907 4136 καί
921 4084 955 4152 τῇ
972 4080 1091 4149 έπαύριάν
1107 4100 1177 4143 τινας
1188 4082 1240 4135 τῶν
1257 4083 1346 4149 μαθη-

188 4166 239 4219 τιῦν
254 4164 503 4233 συμπαρειληφάτος.
528 4169 626 4235 πρῶτον
642 4168 716 4222 τοῦτο
734 4174 838 4236 σημεῖον
855 4166 881 4221 έν
894 4168 968 4238 Κανᾷ
983 4167 1106 4234 πεποίηκε
1123 4171 1156 4236 τῇ
1173 4166 1246 4235 τρίτη
1258 4163 1345 4237 ἡμέρᾳ

189 4244 238 4304 &aa
254 4243 387 4310 Ἰωάννου,
407 4251 512 4322 εἰκοστῇ
528 4253 557 4308 δὲ
575 4254 624 4320 τῆς
636 4248 685 4306 άπύ
701 4255 745 4307 τοῦ
763 4254 903 4321 πειρασμοῦ
918 4252 1041 4308 ἐπανόδου
1056 4252 1101 4306 καί
1115 4252 1160 4306 τοῦ
1174 4248 1344 4318 κηρύγματος.

189 4326 258 4388 ofin
278 4332 326 4401 γάρ
345 4333 393 4402 πρά
415 4338 461 4391 τοῦ
478 4339 619 4406 πειρασμοῦ
635 4339 698 4389 Ven.
716 4366 748 4376 -·
783 4338 800 4388 l.
814 4335 851 4389 14.
876 4337 989 4404 Χριστὸν
1005 4337 1095 4391 έλθεῖν.
1131 4331 1197 4391 ούθ’
1212 4331 1280 4398 ῦλως
1294 4335 1343 4404 γάρ

188 4436 212 4472 τι
226 4419 276 4472 τῶν
292 4420 451 4488 θεοοημείων
464 4419 599 4490 είργάσατο
613 4416 633 4491 ἦ
648 4425 693 4478 τοῦ
707 4419 871 4490 κηρύγματος
884 4418 994 4491 ἤρξατο,
1013 4423 1036 4477 εί
1049 4420 1086 4491 μη’
1101 4441 1126 4476 τι
1141 4416 1158 4477 ά
1173 4423 1272 4490 λέγεται
1286 4423 1344 4491 περὶ

188 4496 265 4557 αύτοῦ
288 4503 313 4557 έν
332 4506 453 4576 παιγνίην,
479 4501 523 4561 ὅτε
537 4508 636 4562 παιδίον
655 4499 703 4575 ἦν,
727 4507 897 4575 πεποιηκέναι.
926 4502 1005 4563 Ἔδει
1025 4506 1074 4576 γάρ
1097 4507 1141 4562 καί
1156 4504 1261 4563 παιδικά
1278 4506 1343 4577 ίγειν

187 4584 263 4647 αύτόν
281 4597 393 4662 σημεῖα,
418 4591 460 4652 ἵνα
476 4594 539 4644 ven.
556 4623 590 4635 -
623 4594 640 4645 1.
653 4594 692 4647 18.
718 4593 843 4662 αἱρέσεσιν
861 4593 941 4667 λέγειν
957 4596 1019 4647 ven.
1035 4624 1070 4638 -·
1103 4594 1120 4647 λ.
1136 4593 1174 4648 19.
1199 4591 1343 4663 περιστερά.
