3096 5070
272 262 334 326 314
593 250 599 265 “
667 302 670 307 »
696 277 820 329 emm
836 276 1008 327 τιιειιιοιι

272 390 364 458 πολλά
384 392 421 457 τά
437 389 661 478 άπαράλλαιιτα,
689 391 762 458 άλλά
779 391 799 476 ἦ
813 398 866 475 μία
883 392 967 478 τριάς
984 396 1017 458 έν
1030 397 1153 476 μονάδι,
1183 395 1235 461 καί
1252 396 1304 474 μία
1319 390 1434 474 θεάτης

273 493 425 580 ίντριάδι.
474 494 518 560 Τά
542 493 567 559 δ’
586 493 657 560 άλλα
674 494 770 560 πάντα
792 497 974 578 ἀφέστηκεν,
1002 494 1070 562 οῦτε
1092 497 1303 584 αὐτοματισμῷ
1328 497 1436 578 ἔχοντα

272 595 306 663 τά
323 596 459 679 πάσχειν,
489 596 633 680 ἢποιεῖν,
665 595 734 663 οῦτε
755 605 809 680 τῆς
830 596 916 684 άγίας
939 597 1059 685 τριάδος
1077 602 1110 665 έν
1126 608 1167 689 τῷ
1183 628 1208 666 τι
1229 608 1326 666 ποιεῖν
1341 602 1434 663 δυνα-

272 702 362 782 μένης
378 698 516 783 πάσχειν,
546 708 599 783 τῆς
614 700 684 782 ὅλης
707 698 849 777 άπαθοῦς
863 700 955 783 οῦσης
978 702 1028 766 καὶ
1047 686 1270 788 προςκυνητῆς,
1298 703 1374 783 φημί
1392 699 1434 785 δή

271 802 385 888 πατρός
399 805 449 868 καί
467 808 536 868 υίοῦ
559 806 611 868 καλ
638 800 726 889 άγίου
749 803 925 886 πνεύματος.
964 804 1105 886 Ἐποίησε
1122 804 1178 891 γάρ
1202 804 1300 871 πάντα
1323 799 1436 880 ὅδεδς

271 905 310 973 δι’
324 911 412 986 υίοῦ,
442 903 501 970 άλλ’
517 903 583 988 οῦχλ
597 904 650 973 τάν
666 905 742 971 νίάν.
783 903 830 970 Οιί
844 905 900 993 γάρ
918 910 979 972 ἔστι
996 906 1050 971 σῦν
1070 915 1150 973 πᾶσι.
1196 915 1439 992 7Σννυπουργεῖ

272 1006 328 1095 γάρ
352 1016 392 1097 τῷ
414 1010 521 1092 πατρί,
549 1010 601 1072 καί
627 1018 900 1094 συμπροςκυνεῖται.
948 1007 1023 1075 Οῦτε
1048 1008 1081 1075 τῦ
1107 1009 1190 1096 ῦγιον
1214 1015 1337 1091 πνεῦμα.
1383 1007 1436 1076 Ου’

273 1111 330 1198 γάρ
346 1108 517 1193 άριθμεῖται
540 1108 600 1176 άπδ
624 1110 760 1190 πάντων,
792 1120 904 1194 στερεοῖ
927 1112 959 1175 δέ
976 1108 1029 1194 την
1047 1111 1174 1193 δύναμιν
1197 1120 1256 1177 τῶν
1278 1109 1434 1192 ἁπάντων,

272 1215 324 1280 καί
349 1223 622 1297 συμπροςκυνεῖται.
670 1219 737 1278 Τῶν
758 1214 791 1278 δέ
809 1212 929 1280 πάντων
947 1210 1009 1280 ῦπδ
1027 1212 1080 1298 νῦν
1094 1223 1148 1281 τοῦ
1166 1213 1233 1290 ένδς
1247 1219 1436 1300 προνοησίαν

273 1319 503 1401 ίτιιτεταγμένων
534 1319 641 1382 έκαστα
671 1317 791 1400 φέρεταί
813 1341 845 1381 τε
869 1319 919 1381 καί
944 1315 1082 1401 πράττει,
1115 1316 1219 1400 πάσχει
1238 1318 1270 1382 δέ
1299 1320 1350 1382 καί
1372 1315 1435 1383 ὅσα

272 1421 363 1502 δτερα.
408 1416 465 1483 Διδ
489 1417 580 1502 ἦμία
602 1417 685 1503 τριάς
705 1417 780 1502 πρδς
801 1418 908 1502 έαυτήν
933 1416 1170 1504 ἀπαράλλακτος,
1202 1419 1239 1485 τά
1262 1421 1295 1485 δδ
1312 1417 1382 1484 ἄλλα
1400 1423 1434 1498 έξ

272 1519 364 1603 αὐτῆς
378 1525 610 1607 παρηλλαγμένα.
657 1519 733 1586 Οῦτι
748 1520 804 1607 γάρ
817 1524 877 1588 ἔστι
890 1521 1046 1608 σῦγγρονα,
1068 1521 1136 1588 οῦτε
1153 1527 1298 1590 συναίδια.
1336 1523 1432 1607 Μάνη

273 1623 306 1689 δέ
321 1623 436 1699 άλδιος,
457 1625 509 1687 καὶ
524 1620 677 1702 άκτιστος,
699 1626 751 1689 καλ
768 1622 941 1710 άγέννητος,
963 1629 1034 1691 υίοῦ
1048 1626 1102 1708 μέν
1114 1627 1324 1711 γεγεννημένου
1341 1621 1432 1711 άχρά-

169 1812 171 1820 Ι
272 1752 333 1802 νιος
346 1727 397 1790 καί
414 1724 564 1809 άνάρχως,
588 1723 634 1790 άελ
653 1727 685 1792 δέ
699 1725 800 1806 ὄντος,
829 1730 878 1792 καί
896 1729 1043 1810 μηδέποτε
1061 1731 1261 1804 διαλείποντας
1274 1733 1327 1793 τοῦ
1344 1724 1431 1793 είναι.

263 1826 361 1893 Ὅθεν
383 1826 609 1911 ἠσφαλισμένας
635 1829 803 1912 8κεφαλὴν,
835 1832 885 1894 καί
906 1827 961 1894 οῦκ
979 1828 1072 1914 ἀρχὴν
1095 1830 1147 1896 τδν
1163 1832 1275 1916 πατέρα
1290 1837 1349 1896 τοῦ
1360 1833 1432 1897 υίοῦ

273 1932 404 2007 ίδίδαξιν
431 1927 449 1996 ὅ
472 1940 558 2006 θεῖος
584 1929 685 2017 λόγος,
719 1931 770 1997 διά
793 1929 825 1997 τδ
848 1928 1026 2014 άμοοῦσιον,
1057 1935 1108 1998 καλ
1133 1933 1239 2009 άίδίιος
1266 1931 1353 2008 ὄντος
1374 1941 1431 1998 τοῦ

152 2061 203 2106 μς.
214 2049 260 2094 νεα.
274 2032 442 2114 πνεῦματος
459 2041 515 2099 τοῦ
531 2030 634 2119 άγίου,
666 2036 715 2099 καί
732 2037 765 2100 έκ
779 2033 892 2116 πατρδς
907 2032 1137 2118 άπεσταλμένου,
1159 2035 1206 2101 άελ
1221 2034 1254 2100 δέ
1268 2033 1324 2100 σῦν
1338 2037 1429 2119 πατρί

273 2131 475 2220 ῦπάρχοντος,
497 2138 548 2200 καί
570 2134 611 2218 μή
634 2133 693 2202 άπδ
715 2135 826 2222 χρόνον
846 2136 1021 2223 ἀρξαμένου.

356 2649 468 2717 Ἀετίου
483 2647 587 2730 κεφάλ.
603 2650 654 2727 λς’.
698 2653 741 2714 El
753 2649 785 2716 τδ
804 2648 962 2735 άγέννητος
983 2651 1034 2715 καί
1049 2648 1083 2715 τδ
1100 2647 1174 2726 θεάς
1190 2651 1223 2714 ίκ
1240 2645 1428 2731 παραλλήλου

272 2750 306 2819 τδ
328 2751 400 2820 αῦτδ
425 2757 526 2836 δηλοῖ,
561 2750 601 2818 ¹6
614 2751 772 2838 α’γέννητος
794 2748 955 2838 άγέννητον
978 2754 1137 2837 ἐγέννησεν.
1181 2753 1225 2815 El
1239 2751 1272 2815 δέ
1288 2745 1387 2835 έτερδν
1400 2772 1432 2812 τι

224 2858 228 2880 ¹
274 2859 360 2938 δηλοῖ
376 2854 409 2922 τά
426 2853 604 2940 άγένκτγτον,
635 2858 734 2941 ἕτερον
749 2856 781 2920 δὲ
794 2853 827 2921 τῦ
847 2853 937 2934 θεάς,
969 2853 1025 2921 οῦκ
1046 2852 1156 2919 άτοπον
1180 2860 1249 2940 ’τῷ
1267 2857 1330 2940 θεῷ
1354 2848 1432 2916 θεάν

274 2960 491 3044 γεγεννηκέναι,
522 2959 662 3042 ἐκατέρου
686 2956 741 3041 τὴν
763 2956 890 3043 ὕπαρξιν
915 2957 1059 3040 λαβόντος
1083 2959 1113 3034 ἐξ
1133 2950 1297 3040 άγεννήυου
1318 2950 1431 3027 οῦσίας.

273 3064 318 3125 Εί
329 3061 362 3125 δέ
379 3058 435 3126 ’τά
454 3058 513 3145 πρδ
536 3067 590 3124 τοῦ
608 3067 685 3125 θεοῦ
707 3061 800 3143 μηδέν
821 3064 882 3142 είη,
913 3059 1009 3142 ὥςπερ
1030 3057 1085 3124 οῦκ
1105 3062 1224 3137 λίστιν,
1257 3054 1365 3131 άθεδς
1379 3055 1434 3119 καλ

274 3161 308 3229 τδ
325 3163 486 3249 άγέννητον
503 3160 612 3228 ταῦτδν
636 3167 735 3245 δηλοῖ,
766 3161 802 3228 οῦ
819 3165 1014 3248 προςιεμένου
1031 3168 1084 3227 τοῦ
1101 3159 1280 3246 γεννήματος
1296 3157 1330 3225 τδ
1345 3157 1431 3243 σἰγέν·

274 3291 372 3348 νητον.
419 3264 476 3331 Διῦ
492 3263 560 3330 οῦτε
580 3271 864 3346 ὀσυνεκιγοινεῖσθαι
877 3272 919 3353 τῷ
931 3273 997 3354 θεῷ
1013 3266 1063 3329 καί
1076 3265 1166 3349 πατρί
1183 3261 1277 3328 αῦτοῦ
1292 3259 1432 3344 άνίχιται.

354 3472 471 3554 Ἀνατρ.
497 3471 604 3537 Πόθεν
624 3468 760 3551 βοῦλεται
774 3467 855 3551 ἡμᾶς
870 3467 979 3546 Ἀέτιος
994 3469 1255 3555 προςπορίσασθαι
1270 3470 1302 3533 έν
1315 3467 1437 3541 ἑαυτοῖς

274 3574 327 3642 τδν
342 3583 415 3641 νοῦν
429 3581 489 3640 τοῖν
502 3571 553 3638 ὑπ’
569 3574 663 3638 αὐτοῦ
677 3573 911 3658 προτεινομένων
922 3572 1074 3638 πνεῦσεων
1086 3581 1146 3637 τῶν
1160 3572 1255 3636 αὐτοῦ
1271 3575 1435 3654 λογισμοῦνς

276 3680 337 3743 Καί
354 3680 382 3742 εί
397 3678 449 3760 μέν
472 3676 581 3756 φάσκει
597 3678 630 3740 έκ
645 3682 793 3761 λογισμῶν
812 3677 863 3740 καὶ
885 3683 1101 3762 συλλογισμῶν,
1131 3683 1260 3738 πεσεῖται
1280 3673 1332 3736 κοιλ
1346 3667 1438 3753 ἡμῶν

275 3778 457 3865 δπορισμδς
481 3785 535 3859 τῆς
558 3774 703 3854 ῦπονοίας
723 3777 786 3861 ἅμα
804 3779 893 3867 αὐτῷ.
939 3776 1016 3844 Θεδν
1036 3777 1090 3864 γάρ
1114 3777 1215 3852 οὐδεὶς
1233 3775 1438 3858 συλλογίσαιτο

222 3904 228 3912 ·
275 3882 411 3961 ποίποτε,
443 3880 512 3948 οῦτε
538 3883 600 3964 έρεῖ
614 3879 646 3945 ιδ
665 3879 784 3963 πλάσμα
799 3887 841 3970 τῷ
860 3880 1017 3959 πλάσαντι,
1053 3885 1088 3944 Τί
1105 3904 1141 3961 με
1157 3879 1252 3954 οῦτας
1276 3878 1436 3957 έποίησαςς

274 3985 350 4051 κατά
366 3986 400 4052 τδ
423 3985 632 4072 γεγραμμένον.
674 3982 722 4062 Ἐξ
747 3984 887 4067 εὐσεβοῦς
911 3983 942 4047 δέ
959 3990 1101 4067 λογισμοῦ
1122 3984 1173 4046 καί
1200 3985 1316 4054 δικαίας
1338 3975 1438 4056 άσφα-

275 4094 354 4165 λείας
369 4089 419 4154 έπί
431 4086 487 4168 τὴν
501 4094 556 4151 τοῦ
571 4084 657 4172 άγίου
673 4087 841 4168 πνεύματος
856 4082 906 4152 διά
922 4092 980 4150 τάν
997 4082 1089 4169 άγίοιν
1103 4092 1228 4172 γραφῶν
1245 4083 1439 4148 διδασκαλίαν

277 4191 492 4273 άνακαμπτέον.
537 4192 655 4267 Λέξεως
672 4189 704 4253 δέ
719 4186 915 4271 άπαραβάτου
929 4187 1128 4270 διδασκούσης
1141 4185 1222 4271 ἡμᾶς
1240 4187 1383 4268 περὶτῶν
1399 4188 1440 4270 τῇ

308 4313 332 4368 7.
351 4316 415 4364 Edita·
431 4317 502 4378 υυλρο
518 4316 626 4366 mendose
644 4310 815 4378 αυνητοδργει
910 4313 931 4362 1.
949 4313 1030 4374 Supra
1047 4309 1178 4378 ἀγέννητον
1194 4305 1336 4375 ἀγένητος.

591 4377 617 4434 λλ
909 4379 933 4429 2.
951 4377 981 4432 δὲ
995 4384 1128 4442 partimin,
1146 4395 1205 4443 ηυαι
1219 4380 1242 4427 λ.
1259 4381 1275 4426 ί.
1287 4380 1313 4426 in
1326 4379 1377 4427 εοίο
1391 4380 1440 4428 Pe-

310 4432 335 4485 8·
362 4430 477 4501 κεφαλήν
499 4433 582 4510 (νινε
631 4433 683 4482 νᾶ·
698 4431 755 4494 len.)
773 4432 841 4482 coda.
874 4451 934 4498 ιοοιι
949 4450 1062 4508 admone,
1077 4454 1189 4509 utsupra
1204 4451 1227 4496 οι
1242 4448 1349 4494 omnibus
1362 4448 1441 4508 ισιιι,

276 4534 332 4574 νοτε.
349 4524 443 4583 uterque
460 4523 481 4570 ιλ
497 4520 552 4571 ιδίί.
569 4521 651 4571 Ριίου.
670 4512 814 4586 κεφάλαιον.
871 4522 926 4566 onte
947 4517 984 4584 τῷ
1004 4516 1059 4584 θεῷ
1079 4519 1166 4566 inserta
1190 4517 1290 4579 ίιρίίυε,
1318 4517 1382 4563 σοιτί
1405 4517 1439 4563 ab
