3096 5070
296 270 359 335 372
725 279 848 332 ειοοτι
865 280 1035 331 οειοειιιιιι

295 401 328 466 έν
348 401 461 486 Νιιιαίγι
478 395 713 483 ὁμολογηθεῖσαν
729 403 840 477 πίστιν,
863 398 914 461 ιιαλ
932 393 1206 483 μηζῦγιολογοῦντας
1223 399 1255 462 ίιι
1271 404 1323 480 τῆς
1339 399 1459 480 οὐσίας,

293 499 495 584 ἢάμοοιίσιον
517 496 593 567 είναι
615 499 667 566 τάν
684 499 751 566 υίάν
765 506 807 590 τῷ
824 503 922 584 πατρί.
961 499 1183 581 Ἀναθεμαείζιο
1200 499 1232 564 δέ
1250 503 1299 565 ιιαλ
1322 500 1394 578 τοῦς
1410 504 1461 568 λέ-

293 629 400 690 γοντας
421 601 455 669 τά
480 611 598 686 πνεῦμα
621 601 654 668 τῦ
678 601 765 688 άγιον
789 608 896 684 κτίσμα
923 601 973 666 διά
999 609 1053 666 τοῦ
1076 605 1146 666 υίοῦ
1169 601 1296 687 γεγονός.
1332 600 1400 669 Ἔτι
1423 605 1461 670 δέ

294 706 500 790 άναθεγατίζοι
518 704 571 789 την
587 709 765 789 Σαβελλέου,
788 707 840 770 καὶ
860 710 1027 784 Φοοτεινοῦ,
1048 706 1101 770 καλ
1116 712 1215 769 πᾶσαν
1228 707 1356 790 αἵρεσιν,
1378 726 1462 772 στοι-

293 817 357 893 χοῦν
378 815 415 899 τῇ
437 814 533 875 πίστει
555 816 592 898 τῇ
613 807 689 874 ιιατά
715 813 861 887 Νίκαιαν,
883 809 934 873 ιιαλ
956 812 1030 872 πᾶσι
1052 815 1114 885 τοῖς
1134 808 1412 894 προγεγραμμένοις.

765 928 982 984 ΕΠΛΗΡΩΘΗ.

167 1339 277 1410 mm}
373 1321 527 1408 Ἐλέγογιεν
546 1323 579 1388 δέ
594 1324 645 1387 καλ
662 1328 703 1410 τῷ
718 1322 836 1409 άὸελφιγῦ
857 1323 983 1410 Βιταλίρο
1003 1323 1056 1385 καλ
1070 1330 1133 1398 τοῖς
1147 1319 1202 1386 σῦν
1217 1320 1314 1412 αῦτρῦ,
1348 1330 1384 1391 Τί
1400 1329 1458 1392 ιιαλ

177 1411 376 1507 ις””Υ“άμεῖς
390 1427 501 1511 λέγετε;
524 1428 552 1489 εί
568 1429 596 1489 τί
614 1428 691 1490 έστιν
714 1425 863 1506 ἂναγιέσον
882 1420 983 1505 ὑμῶν,
1016 1423 1237 1510 διορθάσασθε.
1279 1423 1313 1490 ‘0
1331 1427 1366 1505 δέ
1382 1430 1456 1512 έφη,

291 1529 475 1614 Λεγέτωσαν.
511 1525 650 1610 Ἔφησαν
666 1527 698 1592 ὄέ
713 1526 758 1593 ὅτι
776 1525 812 1592 ου’
828 1524 1014 1613 λέγουσιτὸν
1031 1525 1162 1612 Χριστῦν
1178 1528 1286 1593 τέλειον
1300 1531 1455 1615 γεγονέναι

291 1628 463 1716 ἄνθρωπον.
506 1627 540 1694 ‘0
557 1631 589 1695 ὄλ
605 1627 700 1706 εῦθῦς
715 1629 866 1716 άπειιρίθη
884 1628 946 1708 ὅτι,
980 1631 1058 1708 Ναλ,
1089 1625 1290 1714 ὁμολογοῦμεν
1308 1629 1362 1697 τάν
1379 1639 1456 1719 Χρι-

291 1731 361 1799 στῦν
388 1736 497 1799 τέλειον
526 1731 693 1818 άνθροιπον
722 1734 881 1815 εἰληφέναι.
928 1723 985 1796 Ἦν
1014 1732 1047 1796 δέ
1072 1739 1160 1797 τοῦτο
1187 1731 1366 1815 θαυμαστάν
1390 1746 1457 1813 τοῖς

291 1833 438 1901 άιιοῦσασι
447 1887 456 1916 ,
486 1837 538 1901 καλ
553 1842 645 1921 χαρᾶς
661 1837 796 1918 ἔμπλεον.
840 1832 965 1910 Είδῦτες
984 1831 1069 1917 ἡμεῖς
1085 1833 1139 1917 τὴν
1154 1832 1289 1901 διάνοιαν
1305 1842 1366 1902 τῦν
1380 1864 1456 1923 προ-

289 1936 412 2020 φάσεοιν
427 1936 479 2003 τάν
496 1945 569 2004 νοῦν
583 1945 644 2003 τῶν
660 1940 744 2030 ίῦίοιν
761 1936 899 2018 άδελφῦν
913 1935 1141 2022 σφετεριζόντοιν
1154 1936 1188 2002 τά
1206 1937 1330 2023 άιιριβές
1345 1941 1453 2022 ένεμεί·

290 2065 383 2123 ναμεν
399 2043 564 2129 ἐρωτῶντες
580 2040 643 2120 ὅτι,
678 2039 771 2105 Φῦσει
788 2039 885 2125 σάρκα
902 2036 1052 2126 ὁμολογεῖς
1067 2039 1120 2106 τάν
1139 2038 1270 2125 Χριστόν
1284 2043 1452 2124 είληφέναι;

291 2139 360 2209 άιίέ
376 2149 543 2210 συνετίθετο
565 2143 628 2223 ὅτι,
660 2148 731 2208 Ναί.
770 2139 847 2208 'And
871 2147 996 2227 Μαρίας
1016 2149 1070 2225 τῆς
1092 2139 1177 2227 άγίας
1200 2145 1353 2228 παρθένον
1377 2142 1449 2208 άνευ

290 2247 460 2332 σπέρματος
475 2244 585 2332 άνιίράς
599 2248 649 2311 καλ
666 2245 717 2311 διά
732 2244 901 2328 πνεύματος
916 2241 1021 2330 άγίου,·
1052 2241 1069 2310 o‘
1083 2245 1180 2310 δὲκαὶ
1195 2253 1281 2311 τοῦτο
1295 2241 1442 2327 οίμολάγει.

293 2347 387 2415 Φάσει
411 2353 444 2416 έιι
462 2357 516 2433 τῆς
537 2350 693 2434 παρθένου
719 2346 817 2413 έλθολν
836 2345 890 2430 την
913 2346 1009 2432 σάρκα
1033 2347 1190 2430 ἀνείληφεν
1206 2345 1308 2422 άθεῦς
1320 2340 1443 2430 λάγοςῦ

289 2451 356 2527 υίάς
370 2460 427 2518 τοῦ
444 2460 520 2517 θεοῦ
526 2481 535 2530 ,·
559 2448 576 2516 ά
591 2450 662 2533 μετά
680 2449 794 2535 βάρους
810 2454 987 2516 συνετίθετο.
1024 2448 1104 2532 Ἤδη
1119 2451 1152 2516 ὄλ
1167 2452 1197 2516 ίν
1209 2454 1284 2537 χαρᾷ
1298 2443 1442 2512 καθιστά-

290 2564 385 2638 μεθα,
418 2552 520 2636 ἐπειδὴ
544 2553 624 2636 παρά
648 2580 736 2619 τινοιν
759 2551 836 2635 πράς
852 2550 933 2635 ἡμᾶς
951 2555 992 2627 είς
1011 2551 1138 2638 Κύπρον
1153 2546 1298 2618 ίλθάντοιν
1312 2547 1446 2632 ἠαοῦσα-

288 2682 342 2741 γιον
356 2665 415 2722 τῶν
429 2659 652 2741 προειρημένων
667 2660 784 2720 παίδων
802 2654 846 2720 ὅτι
864 2651 930 2720 οὐδ’
945 2654 1020 2731 ὅλοις
1033 2652 1054 2738 ἦ
1068 2654 1140 2741 σάρξ
1155 2651 1214 2720 άπῦ
1230 2655 1354 2737 Μαρίας
1368 2648 1448 2734 άμο-

287 2768 408 2847 λογεῖτο.
443 2759 515 2824 Ὅτε
532 2760 564 2824 δέ
582 2756 673 2833 αὐτὸς
696 2756 941 2840 άεῦλαβέστατος
968 2756 1045 2842 άνηρ
1071 2759 1104 2822 έιι
1129 2759 1255 2842 Μαρίας
1276 2753 1330 2838 τὴν
1354 2754 1450 2839 σάρκα

288 2862 478 2947 ἀνειληφέναι
494 2860 547 2927 τάν
565 2860 671 2946 ιιῦριον
687 2858 774 2944 ἡμῶν
784 2861 905 2943 Ἰησοῦν
924 2858 1054 2944 Χριστὸν
1070 2857 1255 2945 άμολόγησε,
1275 2856 1365 2925 πάλιν
1379 2852 1450 2941 παρ’

286 2963 373 3048 ἡμῶν
391 2965 528 3050 ἠρωτοῖτο
543 2967 570 3030 εί
583 2966 634 3029 ιιαλ
649 2961 750 3047 φυγὴν
765 2966 891 3045 εἴληφεν.
933 2959 968 3026 ‘0
981 2963 1014 3028 δέ
1027 2964 1076 3027 καί
1094 2964 1136 3038 είς
1147 2969 1236 3028 τοῦτο
1251 2958 1361 3044 ὁμοίως
1375 2957 1449 3052 μετά

286 3066 400 3152 βάρους
417 3072 602 3146 συνετίθετο,
635 3063 676 3142 νίς
694 3065 731 3131 οὐ
747 3063 804 3150 χρὴ
826 3067 919 3151 λέγειν
940 3062 1047 3141 άλλως,
1079 3063 1152 3130 άλλά
1171 3062 1247 3130 κατά
1264 3061 1361 3129 πάντα
1378 3061 1450 3144 άλη-

286 3167 398 3234 θεῦειν.
446 3167 514 3256 Χρὴ
531 3168 587 3255 γάρ
605 3167 657 3233 τάν
673 3170 741 3253 περλ
758 3168 902 3251 ἀληθείας
921 3166 1098 3252 άνθροίποις
1116 3165 1269 3254 γράφοντα
1283 3164 1337 3231 τάν
1351 3161 1451 3229 πάντα

182 3338 184 3343 .
286 3277 361 3338 νοῦν
377 3275 482 3338 δοῦναι
495 3270 554 3358 πρά
571 3268 740 3355 ὀφθαλμῶν
756 3272 809 3353 μέν
825 3269 879 3336 τάν
893 3269 992 3353 φόβον
1006 3277 1060 3334 τοῦ
1076 3277 1154 3335 θεοῦ
1170 3271 1262 3352 ίγειν,
1284 3268 1335 3333 ιιαλ
1352 3266 1450 3350 μηδέν

286 3375 571 3464 παραπεποιημένον
592 3377 633 3450 είς
653 3374 708 3457 τὴν
729 3381 781 3457 τῆς
803 3380 920 3460 γραφῆς
943 3374 1116 3459 έπαγγελίαν
1136 3369 1312 3437 συντάττειν.

146 4017 269 4089 hm.
369 4003 522 4091 Ὡμολάγει
538 3998 624 4072 οῦνά
640 4006 774 4082 Βιτάλιος
793 4010 843 4072 ιιαλ
865 4005 967 4090 ψυχὴν
991 4005 1045 4092 τὴν
1066 4004 1263 4093 άνθροοπίνην
1285 4004 1454 4086 εἰληφέναι.

290 4099 386 4185 Οῦσος
408 4107 464 4194 γάρ
487 4100 527 4191 ἦν
554 4105 571 4172 ά
596 4109 688 4174 εἰπάν
710 4108 773 4188 ὅτι,
804 4112 866 4174 Ναλ
890 4112 997 4186 τέλειος
1022 4108 1185 4195 άνθροιπος
1205 4101 1244 4191 ἦν
1267 4104 1285 4172 ά
1309 4105 1454 4191 Χριστός.

287 4207 365 4277 Είτα
383 4211 456 4294 μετά
472 4209 505 4276 τῦ
527 4214 671 4296 έροοτῆσαι
691 4210 769 4294 ἡμᾶς
785 4214 852 4297 περλ
868 4220 968 4294 ψυχῆς
985 4215 1036 4278 ιιαλ
1055 4210 1180 4299 σαρκάς,
1209 4208 1273 4276 τότε
1291 4207 1455 4294 ἠρωτήσα-

286 4338 356 4397 μεν,
381 4321 468 4380 Νοῦν
483 4317 586 4396 έλαβεν
601 4312 734 4381 έλθάνά
753 4313 899 4400 Χριστόςς
941 4312 976 4378 ‘0
993 4316 1025 4381 δέ
1043 4314 1140 4392 εῦθῦς
1157 4311 1322 4399 ἠρνήσατο,
1345 4313 1454 4398 λέγων,

289 4417 372 4500 Οὐχί.
419 4414 497 4482 Είτα
515 4415 600 4502 ἡμεῖς
614 4416 691 4503 πρῦς
705 4414 810 4498 αῦτάν,
837 4424 908 4494 Πῦς
923 4410 978 4482 οῦν
992 4420 1083 4504 λέγεις
1100 4420 1208 4484 τέλειον
1222 4416 1374 4501 γεγονέναι
1397 4413 1453 4479 άν-
