3096 5070
370 295 508 350 sannen
526 296 590 347 urs.
602 296 645 348 111.
662 295 746 346 rou.
758 296 790 347 11.
806 294 922 347 nxros.
939 294 1004 345 rm.
1022 293 1166 346 cernon
1283 281 1345 346 ete

190 417 310 483 rnnuiee
325 428 444 504 praeter
458 417 611 480 veritatem
627 415 791 479 insolenter
804 415 978 479 efferuntur.
1003 413 1156 478 Eiusmodi
1174 410 1348 476 Zacchaeus

189 520 238 584 ille
263 519 333 600 luit,
368 520 416 605 qui
442 539 535 604 nuper
558 520 588 581 in
613 529 752 581 montana
772 518 894 602 regione
919 518 954 581 ad
980 516 1189 601 Hierosolymo
1215 525 1347 579 mortuus

190 633 253 701 est,
277 623 325 707 qui
343 643 408 686 eum
428 621 544 684 nemine
561 642 686 705 unquam
703 619 841 706 preesudi
859 620 1064 684 communione
1080 617 1218 702 coniungi
1234 638 1268 681 se
1281 638 1348 703 pas-

189 745 241 790 sus
262 737 319 788 est.
365 721 429 786 lmo
448 743 521 786 vero
541 743 579 786 ex
597 723 701 785 eodem
718 722 851 786 instituto
870 722 967 786 divina
985 723 1143 809 mysteria,
1174 743 1238 785 cnm
1255 719 1347 785 lnieus

189 837 289 907 esset,
320 827 467 910 attingere
488 847 523 888 ee
548 825 692 889 saorilloin
715 824 866 889 eelebrnre
893 825 1005 888 nelarie
1031 846 1105 889 ausu
1128 845 1163 887 eo
1189 823 1347 887 temerario

189 940 237 994 est
256 948 427 1013 aggressus.
472 924 616 991 Inventus
641 938 687 991 est
709 937 738 990 et
757 927 851 1006 alius,
883 927 1058 1012 quicumque
1074 927 1123 990 ille
1143 927 1259 990 tandem
1280 925 1345 1003 luit,

190 1032 349 1098 excellenti
365 1032 487 1116 quodam
504 1029 583 1120 vitae
603 1051 731 1115 genere,
765 1029 814 1115 qui
832 1031 863 1093 in
881 1030 1009 1116 Aegypti
1028 1029 1184 1094 solitudine
1201 1028 1230 1091 in
1246 1047 1348 1091 monn·

190 1134 283 1200 sterio
300 1133 437 1218 degebat.
483 1130 557 1196 ltem
577 1133 652 1197 alins
671 1133 706 1196 ed
725 1128 827 1196 Sinam
844 1116 972 1196 montem
991 1132 1135 1196 habitans.
1182 1127 1241 1214 Qui
1263 1129 1348 1194 ambo

191 1236 293 1301 neseio
320 1235 424 1319 quibus
447 1235 569 1299 somniis
594 1256 631 1299 eo
657 1234 831 1298 temeritatis
854 1235 970 1298 adducti
997 1245 1066 1298 sunt
1093 1244 1126 1297 nt
1150 1244 1287 1319 suscepta
1313 1231 1348 1294 nd

191 1337 320 1425 episeopi
337 1338 514 1402 functionem
540 1359 676 1401 manuum
694 1336 880 1423 impositione
898 1338 1003 1401 sedere
1020 1349 1050 1400 et
1065 1340 1269 1422 episcoporum
1286 1356 1349 1398 mu·

192 1434 610 1505 nusobireno‘ndubitnrint.
657 1439 737 1519 Atii,
769 1439 843 1504 ethi
863 1441 977 1524 quidem
1004 1462 1061 1503 non
1080 1440 1185 1524 pauni,
1216 1449 1348 1502 castrare

191 1544 366 1630 semetipsos
380 1554 482 1607 contre
499 1544 580 1625 leges
594 1543 717 1607 iuvenili
732 1543 854 1626 quadam
871 1541 982 1606 sernoia
996 1543 1059 1606 ansi
1077 1553 1155 1607 suut.
1202 1539 1275 1619 Alii,
1300 1539 1349 1623 qui

192 1647 366 1711 audaciores
383 1646 536 1725 uidentur,
561 1666 602 1709 ex
616 1644 824 1708 catholicorum
841 1645 988 1730 pertibus,
1021 1645 1135 1731 privata
1150 1642 1205 1707 sihi
1224 1643 1349 1706 faotione

192 1751 316 1815 enulleta
336 1760 454 1834 praeter
472 1747 617 1812 eeclesiae
640 1747 899 1825 consuetudinem,
932 1768 967 1809 ao
991 1748 1065 1810 eitra
1085 1746 1234 1831 generalis
1250 1744 1350 1809 oonoi-
1372 1780 1375 1787 ·

192 1852 223 1916 lii
246 1852 415 1928 decretum,
449 1850 572 1934 eosqui
596 1849 633 1912 eb
654 1849 774 1912 Arianis
796 1849 832 1911 ad
852 1869 920 1911 snas
945 1859 1045 1933 partes
1069 1859 1223 1913 transeunt
1243 1848 1348 1912 iterum

191 1953 344 2039 baptizare
361 1952 432 2016 nihil
450 1962 607 2031 verentur,
632 1972 696 2015 num
715 1951 841 2014 nondum
859 1971 976 2030 eures,
1009 1963 1041 2014 nt
1058 1951 1139 2030 dixi,
1174 1950 1350 2015 universalis

192 2056 298 2142 synodi
314 2055 423 2119 iudicio
444 2055 542 2118 decisa
561 2056 616 2134 sit,
649 2054 725 2138 quod
744 2053 837 2117 adltue
863 2054 959 2139 populi
987 2053 1151 2138 promiscue
1177 2054 1212 2116 ad
1233 2052 1350 2116 hodier-

193 2179 261 2222 num
280 2179 372 2242 nsque
395 2156 708 2242 tempusllnnloeantur3
739 2157 817 2219 inter
841 2177 915 2240 quos
934 2155 1015 2218 multi
1033 2155 1147 2239 quidem
1164 2165 1233 2218 suut
1249 2155 1350 2217 natho-

193 2259 259 2340 lioi,
284 2261 335 2323 sed
354 2260 421 2323 flete
435 2281 469 2322 eo
485 2279 538 2344 per
552 2258 781 2323 simultationem
797 2261 983 2321 sacerdotum
1001 2257 1205 2320 auotoritntem
1222 2279 1349 2341 sequun-

193 2373 260 2441 tur,
294 2363 388 2426 donee
412 2362 580 2425 execranda
597 2360 646 2424 illa
665 2371 746 2423 sente
765 2360 801 2423 ab
823 2360 968 2424 eeclesiae
987 2361 1138 2423 consortio
1162 2371 1348 2444 segregetur,

193 2475 226 2528 nt
244 2475 313 2528 tuno
331 2464 438 2549 aliquid
457 2464 492 2527 de
508 2464 557 2526 illa
582 2473 738 2527 statuatur.
786 2461 835 2526 Ex
856 2464 893 2526 iis
911 2463 960 2547 qui
977 2473 1079 2548 suapte
1098 2464 1272 2526 auctoritate
1295 2463 1350 2526 ite·

193 2588 257 2630 rum
274 2567 329 2630 hoo
347 2568 434 2630 modo
454 2566 605 2652 baptizant
623 2566 709 2628 audio
728 2567 871 2648 quendam
887 2565 916 2628 in
933 2563 1029 2651 Lycia
1045 2566 1248 2653 presbyterum
1268 2586 1347 2629 esse.

193 2667 254 2736 Sed
273 2682 302 2734 et
319 2670 384 2733 aliis
401 2668 430 2731 iu
446 2669 518 2732 loeis
536 2667 721 2754 reperiuntur
737 2667 784 2731 elii
803 2669 851 2751 qui
865 2667 1035 2752 singillatim
1053 2689 1087 2731 ao
1103 2669 1230 2754 separati
1248 2689 1351 2754 preoes

194 2771 317 2850 obeunt,
351 2782 380 2833 et
402 2770 580 2854 reliquorum
605 2771 837 2834 communionem
862 2791 977 2834 omnem
998 2782 1150 2856 respuunt.
1198 2770 1257 2834 Atii
1275 2771 1351 2834 nollo

194 2874 312 2938 vinnula
336 2885 454 2958 praeter
474 2873 618 2937 ecelesiae
641 2873 723 2957 leges
745 2872 909 2937 innectunt.
957 2871 1052 2956 Quam
1080 2875 1117 2936 oh
1135 2895 1269 2939 naussum
1292 2874 1351 2937 dis·

195 2974 373 3061 putationem
390 2995 504 3038 omnem
525 2975 578 3038 lan
596 2976 743 3039 sententia
760 2974 908 3054 oonolusi,
942 2979 1178 3038 Adulescentulus
1196 3000 1256 3039 esse
1272 2981 1352 3040 nullo

193 3100 309 3140 numero
324 3081 564 3159 comprehensum*
588 3099 662 3163 quae
683 3079 797 3164 privato
814 3077 939 3142 oonsilio
966 3079 1106 3142 audacter
1130 3081 1350 3164 insolenterque

195 3201 228 3245 se
246 3191 370 3265 gerunt,
393 3201 451 3244 non
470 3180 587 3244 utboni
603 3179 710 3265 aliquid
728 3192 965 3265 consequantur,
990 3191 1040 3244 aut
1056 3182 1218 3268 sapientiae
1236 3184 1265 3245 in
1283 3202 1351 3246 seso

195 3304 289 3368 genus
312 3281 429 3366 aliquod
453 3282 621 3367 expoliant,
653 3294 721 3370 puto
739 3284 928 3368 prudentiae,
960 3284 1155 3362 tortitudinis,
1187 3296 1352 3370 temperan-

196 3385 275 3464 tiae,
308 3383 450 3446 iustitise.
496 3382 564 3467 Quo
590 3405 628 3449 ex
648 3407 769 3449 numero
791 3387 945 3473 tyrannico
966 3407 1047 3450 more
1064 3387 1205 3470 quaedam
1222 3388 1352 3450 efferun-

196 3496 262 3565 tur,
288 3497 375 3570 etque
395 3486 552 3549 averitate
571 3487 747 3568 deflectunt,
772 3489 897 3552 nullent
913 3510 1035 3553 numero
1058 3490 1202 3553 contineri
1226 3489 1350 3575 possint.

281 3588 324 3651 At
339 3591 497 3668 singulares
522 3592 572 3651 illo
595 3591 739 3664 columbo,
771 3601 929 3675 sanctaque
955 3592 1040 3676 uirgo
1065 3592 1151 3656 deum
1182 3593 1506 3676 eontitetur,0ep.x1v.

197 3701 307 3777 putrem
323 3692 456 3756 etlilium
474 3704 504 3756 et
521 3691 655 3776 spiritum
671 3701 823 3771 sanetum,
848 3703 960 3778 patrem
978 3694 1156 3778 perieulum,
1182 3695 1270 3757 tilium
1286 3713 1353 3778 per-

197 3794 324 3871 lectum,
359 3795 520 3879 perlectum
540 3793 673 3878 spiritum
695 3803 846 3872 sanetum,
879 3794 1158 3860 consubstantialem
1178 3798 1350 3878 trinitatem,

197 3918 256 3961 non
273 3898 506 3977 coalescentem,
530 3907 581 3961 aut
595 3896 759 3959 eoniusem.
805 3893 864 3961 Sed
884 3896 972 3961 tilium
990 3917 1062 3963 uere
1079 3920 1095 3962 a
1110 3909 1191 3984 patre
1207 3901 1350 3985 genitum,

233 4068 272 4120 11.
300 4071 430 4120 Ceraunios
453 4070 521 4147 ptulit
550 4068 712 4147 anpqopter
734 4065 760 4116 in
795 4066 927 4130 excedunt,
946 4068 1118 4136 etnseritate
1131 4069 1225 4139 seipsas
1238 4080 1353 4122 evertunt
1456 4077 1460 4096 “

197 4135 248 4186 fine
263 4136 340 4187 totins
357 4136 438 4204 operis
452 4135 594 4186 iuvenculas
609 4134 659 4184 dm
675 4150 759 4185 nume-
794 4143 845 4188 cett.

198 4220 252 4253 rum
268 4221 318 4255 non
335 4204 442 4262 habere,
460 4221 523 4271 quse
538 4222 568 4254 ex
584 4203 686 4272 propria
701 4221 758 4254 sen·
827 4203 887 4254 Can.
907 4206 976 4254 XlV.
995 4233 1028 4243 -
1073 4205 1094 4255 l.
1123 4204 1259 4273 συναλιφήν
1283 4210 1351 4259 codd.

197 4271 277 4321 tentio
294 4272 415 4340 sibiipsis
433 4272 574 4322 iuveniliter
594 4271 759 4338 praestituunt
792 4288 846 4324 nus.
862 4278 883 4322 et
904 4275 957 4323 edit.
973 4276 1065 4336 prino,
1086 4278 1283 4337 quemadmodum
1298 4292 1352 4327 eon·

198 4337 231 4417 nd
249 4339 347 4420 bonum·
360 4339 475 4408 quidem,
501 4350 529 4390 nt
545 4340 710 4420 sapientiees
791 4346 879 4392 stanter
902 4345 1038 4405 studique,
1061 4346 1107 4392 nisi
1125 4359 1198 4393 unum
1215 4347 1349 4396 stulterum

198 4406 758 4528 senseresensere
790 4409 1349 4532 ”tttlltttndtlttltttlttt

199 4559 253 4593 rom
274 4513 417 4594 inv'eniliter
437 4555 538 4612 agentes
553 4544 584 4596 nd
602 4515 758 4613 tyrannidem
791 4549 831 4596 bnt
843 4495 997 4598 'confitens
1013 4515 1118 4611 nispe,
1133 4517 1221 4600 villose.

253 4623 343 4684 nepa·
355 4625 566 4673 normanna.
1109 4635 1149 4700 33
