3096 5070
601 306 927 359 suncursmnoosrs.
1280 289 1342 353 5³9

190 426 350 514 plicantur,
373 426 483 511 primo,
507 426 654 501 secundo,
688 448 722 490 ac
740 427 838 489 tortio.
885 423 975 488 lidem
996 445 1084 509 porro
1103 425 1168 488 libri
1186 434 1298 510 septem
1313 423 1343 486 in

191 539 286 593 meaos
304 529 449 593 distributi
466 541 552 607 sunt,
576 551 699 613 quorum
715 529 822 612 singuli
840 538 951 590 certum
971 527 1133 590 haereseon
1150 547 1186 590 ac
1202 526 1344 589 schisma·

190 643 250 696 tum
273 653 424 695 numerum
450 632 613 694 continent.
660 629 745 714 Quae
770 631 855 693 simul
878 628 999 692 collecta
1024 625 1150 692 LXXX
1173 629 1341 692 conficiunt.

190 731 323 818 Quorum
352 733 561 818 appellationes
586 734 640 796 bae
667 742 735 795 suut
764 753 799 795 ac
826 733 978 815 dogmata:
1012 729 1236 809 barbarismus,
1268 728 1344 816 Scy-

189 837 333 914 caismos,
358 834 575 913 Hellenismus,
599 832 779 913 ludaismus,
812 831 1044 897 Samaritismus.
1091 833 1138 896 Ab
1156 834 1192 897 iis
1208 833 1345 918 deinceps

189 940 320 1023 reliquae
346 951 445 1001 sectae
474 937 689 1022 produxerunt.
735 935 813 999 Naro
836 947 904 998 ante
924 932 1034 999 Christi
1059 934 1216 999 salvatoris
1235 935 1345 997 adven-

189 1037 250 1106 tum
269 1062 286 1103 e
304 1040 428 1103 barbara
451 1051 481 1102 et
499 1037 638 1123 Scythica
657 1061 692 1103 ac
709 1032 824 1102 Graeca
841 1037 1051 1122 superstitittbe
1068 1058 1102 1100 ac
1121 1036 1229 1100 ceteris
1246 1038 1274 1100 id
1293 1057 1345 1120 gc·

191 1163 247 1208 nos
262 1143 336 1206 istae
355 1142 541 1226 prodierunt:
571 1138 778 1225 Pythagorici,
810 1137 1017 1224 Peripatetici,
1048 1137 1211 1219 Platonici,
1236 1138 1348 1217 Stoici,

190 1256 221 1309 et
238 1242 388 1327 Epicurei.
434 1243 512 1307 Turn
530 1242 716 1308 Samaritana
730 1255 811 1306 secta
829 1263 903 1327 quae
920 1263 959 1305 ex
977 1239 1092 1305 ludaica
1107 1241 1267 1327 pullularit.
1300 1239 1344 1304 lla

191 1367 279 1432 porro
305 1357 365 1410 tres
389 1347 418 1409 in
443 1347 586 1409 lectiones
610 1345 699 1423 abiit,
732 1343 968 1421 Gortbenorum,
1001 1341 1222 1422 Sebuaeorum,
1258 1342 1345 1408 Dosi-

191 1448 342 1525 tbeorum,
374 1459 404 1512 ct
429 1447 623 1512 Essenorom.
682 1445 824 1532 Sequitur
850 1444 1028 1524 ludaismns,
1060 1447 1108 1531 qui
1139 1448 1284 1531 propriam
1308 1446 1345 1509 ab

190 1552 341 1616 Abraomo
358 1552 476 1634 liguram
494 1572 529 1613 ac
548 1561 644 1614 notam
661 1551 786 1635 accepit.
832 1546 948 1612 Deinde
966 1569 1018 1634 per
1032 1546 1150 1633 Moysis
1173 1549 1267 1632 legem
1286 1549 1346 1611 col-

191 1656 297 1718 latatus
313 1653 349 1715 ab
370 1651 440 1717 luda
456 1651 555 1716 lacobi
572 1653 648 1732 lilio,
683 1655 731 1736 qui
751 1649 842 1715 lsratil
860 1650 1018 1736 appellatus
1035 1663 1096 1730 est,
1130 1673 1182 1736 per
1201 1649 1345 1716 Davidem

192 1757 287 1842 populi
309 1755 393 1819 istius
417 1777 457 1819 ex
474 1755 575 1818 eadem
595 1755 644 1818 illa
665 1754 743 1817 tribu
767 1774 866 1838 regem
885 1752 1020 1816 ludaismi
1046 1754 1268 1838 appellationem
1294 1753 1346 1817 ob·

193 1859 289 1922 bonit.
336 1858 383 1921 Ab
403 1858 458 1921 hoc
483 1869 596 1942 septem
616 1846 671 1920 bae
689 1855 858 1941 prodierunt
878 1855 1034 1933 haereses,
1059 1856 1236 1936 scribarum,
1268 1853 1346 1919 Pha·

191 1961 368 2041 risaeorum,
392 1957 643 2038 Sadducaeorum,
667 1957 1000 2044 llemcrobaptistarum,
1025 1953 1220 2038 Ossaeorum,
1248 1956 1346 2024 Nasa-

192 2083 348 2140 raeorum,
372 2061 621 2126 llerodianorum.

278 2161 446 2229 Secundum
468 2164 521 2228 bas
540 2174 636 2227 sectas
661 2165 850 2229 successione
865 2175 1026 2248 temporum
1042 2163 1150 2227 domini
1167 2164 1259 2228 nostri
1279 2162 1346 2229 lesu

193 2262 304 2332 Christi
330 2265 495 2330 incarnatio
520 2267 573 2329 toti
592 2266 656 2330 orbi
681 2266 819 2330 salutaris
842 2266 957 2343 illuxit,
991 2277 1021 2330 et
1044 2288 1109 2329 cum
1129 2267 1183 2330 bac
1201 2267 1347 2351 evangelii

192 2369 324 2433 doctrina
342 2368 538 2452 coelestisque
554 2369 636 2452 regni
655 2369 844 2453 praedicatio.
890 2367 949 2452 Qui
966 2370 1081 2453 quidcro
1100 2369 1203 2441 unicus
1221 2370 1347 2432 ostiens

192 2471 296 2536 salutis
314 2481 344 2533 et
360 2470 521 2534 catholicae
544 2471 781 2556 apostolicaeque
797 2471 939 2536 ecclesiae
960 2492 1030 2535 vera
1056 2471 1139 2534 fides.
1185 2471 1212 2533 A
1232 2490 1286 2554 qua
1303 2471 1354 2532 in·-

192 2583 350 2658 sequeutcs
367 2585 597 2653 concesseras,
622 2594 696 2657 quae
712 2573 806 2637 solum
821 2571 934 2639 Christi
950 2594 1069 2651 nomeu,
1094 2592 1152 2636 nou
1165 2573 1249 2636 lidern
1263 2592 1348 2658 prae-

192 2674 301 2751 lerudt,
325 2686 491 2758 amputatae
508 2686 575 2739 sunt
594 2685 624 2738 et
639 2677 769 2738 avulsae.
815 2674 899 2759 Quae
916 2686 985 2740 sunt
1001 2673 1187 2753 Simoniani,
1222 2672 1349 2738 Menan-

191 2775 299 2854 drioni,
324 2774 528 2853 Saturniliani,
553 2774 737 2855 Basilidiani,
760 2775 948 2856 Nicolaitae,
972 2776 1126 2857 Gnostici,
1151 2780 1198 2862 qui
1218 2789 1248 2841 ct
1262 2777 1348 2842 Stra·

191 2877 284 2941 tiotici
301 2888 331 2940 ct
346 2874 552 2956 Phibionitac,
586 2878 622 2941 ab
641 2879 706 2943 aliis
730 2900 802 2943 vcro
823 2877 966 2945 Coddiani
986 2880 1184 2965 appellantur,
1219 2901 1254 2944 ao
1272 2877 1347 2943 Bor-

191 2978 325 3058 boriani,
359 2980 433 3064 apud
458 2978 532 3043 alios
560 2976 742 3060 Socratitae,
774 2983 846 3066 apud
874 2984 1013 3066 quosdam
1036 2980 1202 3046 Zacchaci:
1235 2980 1347 3067 Carpo-

192 3082 333 3158 cratitae,
369 3079 572 3161 Corinthiaci,
608 3082 656 3165 qui
683 3094 713 3146 et
736 3081 948 3164 Merintbiani,
981 3083 1153 3162 Nazoraei,
1188 3083 1346 3162 Ebionoei,

192 3182 355 3261 Valentini,
381 3183 572 3248 Secundiani.
618 3185 733 3270 Quibus
748 3187 861 3250 accedit
877 3186 1045 3272 Epiphanes
1062 3198 1091 3250 et
1104 3186 1252 3265 Isidorus3
1276 3185 1348 3251 Pto·

191 3286 314 3362 lemaei,
348 3283 508 3365 Marcosii,
543 3284 726 3367 Colorbasii,
764 3287 1012 3367 llernoleonitae,
1048 3286 1193 3374 Ophitae,
1229 3287 1345 3367 Caiani,

191 3386 344 3465 Sctbiaui,
377 3388 569 3469 Archontici,
602 3387 801 3468 cerdoniani,
834 3388 1021 3469 Marciones,
1052 3389 1260 3470 Lucianistae,
1286 3393 1348 3477 Ap·

191 3490 346 3574 pelleiaui,
388 3487 563 3568 Severiani,
602 3489 739 3569 Tatiani,
780 3490 971 3572 Enoratitae,
1006 3492 1208 3580 Phrygastae,
1244 3496 1348 3578 quiet

190 3589 392 3656 blontauistae
418 3602 449 3655 ct
476 3589 726 3675 Tascodrugitae,
765 3591 944 3679 Pepuziaoi,
982 3597 1031 3680 qui
1052 3609 1088 3693 'et
1111 3595 1287 3661 Priscilliani
1313 3619 1348 3661 ac

192 3691 378 3778 Quintiliani.
425 3691 540 3776 Quibus
560 3695 737 3758 adiiciuntur
752 3695 957 3782 Artotyritae,
988 3698 1346 3778 Tessaresonedecatitac,

190 3797 239 3882 qui
262 3795 415 3861 Paschatis
441 3796 603 3860 celebritati
626 3814 714 3860 unam
740 3800 895 3880 quotannis
918 3801 993 3864 diem
1018 3793 1212 3886 praefiniunt,
1246 3802 1346 3886 Alogi,
1404 3801 1406 3804 ’

190 3899 240 3985 qui
252 3899 437 3982 evangelium
451 3911 481 3962 et
492 3899 691 3983 Apocalypsin
701 3896 819 3962 loannis
833 3901 981 3980 reiiciunt,
998 3904 1163 3979 Adamiani,
1181 3903 1346 3989 Sampsaei,

190 4001 240 4086 qui
267 4012 297 4065 et
321 4000 497 4080 llelcesaei,
528 3999 743 4080 Theodotiaui,
779 4000 1055 4082 Melchisedeciani,
1091 4002 1346 4085 Bardcsianistac,

189 4101 350 4182 Noh‘tiani,
375 4101 507 4182 Valesii,
532 4100 672 4180 Cathari,
703 4106 750 4188 qui
769 4104 999 4186 ctNovatiani,
1031 4108 1185 4190 Angelici,
1219 4109 1348 4193 Aposto-

190 4205 256 4287 lici,
280 4207 327 4290 qui
346 4217 376 4270 et
391 4206 573 4292 Apotactici,
598 4205 777 4286 Sabelliani,
802 4204 1003 4292 Origenistae‚
1020 4210 1176 4297 sfoeditatis
1195 4222 1345 4290 auctores,

225 4338 264 4393 11.
283 4344 435 4393 scribendum
451 4345 550 4407 [encore
566 4342 610 4397 καὶ
627 4343 650 4396 ol
669 4338 747 4397 αὐτοὶ.
817 4341 856 4396 ll.
874 4348 982 4396 Fortasse
999 4345 1187 4401 Kuirrrtltocol.

226 4408 265 4460 12.
285 4412 358 4472 Vutpo
375 4409 516 4477 Notrpoioc
819 4414 859 4464 15.
877 4416 943 4464 Libra·
961 4419 1033 4478 outqo
1050 4409 1127 4469 ἄλλοι.

225 4475 264 4527 13.
281 4479 388 4529 aarum
402 4473 616 4544 Odotssnnoool,
640 4486 665 4533 ct
680 4483 749 4534 habet
818 4480 856 4532 16.
874 4485 938 4533 ttort
954 4486 1025 4547 vutpo
1038 4479 1211 4551 Ἔρκεσσαῖοι,
1228 4489 1267 4538 oct
1282 4481 1347 4553 Ἐρ-

194 4546 246 4598 cod
264 4548 339 4598 tonet
357 4549 464 4602 Pomm
786 4555 892 4605 κεσαῖοι.
