3096 5070
284 259 343 325 106
558 270 561 275 ·
703 270 825 323 εικιτι
842 269 1014 323 nummu

258 385 378 474 πατὴρ
404 384 597 463 αῦθιντικῦς.
640 384 680 452 “A
700 385 757 474 γῦρ
784 384 802 454 ό
825 384 923 471 πατὴρ
946 393 1042 465 ποιεῖ,
1071 390 1164 451 ταῦτα
1185 385 1239 450 καί
1257 381 1277 452 ό
1294 382 1363 462 υίός
1384 382 1443 499 οῦγ

279 488 374 567 οῦτας
397 488 488 567 αῦτός
509 497 604 567 ποιεῖ,
633 485 693 555 όίί
717 486 836 573 όμοίας.
882 491 942 554 Καὶ
958 486 1092 574 φανερόν
1114 489 1146 555 έκ
1167 486 1282 555 τοῦτον
1298 487 1346 555 ότι
1362 514 1442 557 κατι

278 590 375 659 πόντοι
398 588 416 659 ό
435 590 503 669 υίός
523 589 629 675 όμοιός
647 593 765 679 ἐστιτῷ
784 595 891 676 πατρί,
922 587 998 667 τόςό
1016 588 1082 667 υίός
1100 591 1190 674 πατρί
1207 591 1237 668 ἐξ
1255 589 1350 659 οῦτοῦ
1365 618 1440 679 γνη-

279 699 351 770 σίας
363 695 579 781 γεγεννημένος.
627 700 695 760 Τῶν
718 691 776 779 γῦρ
801 693 923 761 ότόπαν
947 694 1026 760 ἐστίν
1048 688 1117 759 υίόν
1144 698 1245 759 ’θεοῦ
1266 690 1359 761 αότόν
1376 692 1440 781 πρό

279 795 396 863 οέιέναν
416 793 602 882 ῦπόργοντο,
631 798 683 864 καί
704 795 781 863 κατό
796 796 889 877 φῦσιν
910 794 985 863 όντο
1005 792 1082 862 θεόν
1097 797 1131 861 ἐκ
1148 801 1224 861 θεοῦ
1242 801 1298 863 τοῦ
1313 794 1443 883 καιρός,

278 897 328 965 ότι
350 897 432 983 πορό
456 897 550 980 φῦσιν
570 899 625 980 μέν
647 900 755 964 ἑαυτοῦ
778 902 811 966 ἐκ
829 903 955 984 Μαρίας
975 899 1094 984 γέγονεν
1117 893 1299 982 ῦνθροπος,
1330 896 1443 982 όμοιον

278 999 371 1067 οῦτόν
391 1001 529 1087 γενέσθαι
545 1009 609 1077 τοῖς
626 999 701 1065 κοτῦ
715 1001 807 1082 φῦσιν
822 997 1014 1084 ῦνθρόποις,
1045 1002 1076 1065 έν
1093 1005 1135 1087 τῷ
1152 1001 1262 1068 ἐαυτοῦ
1278 998 1360 1087 πορῦ
1378 999 1444 1083 φό-

278 1125 334 1170 σιν.
379 1101 471 1189 Παρό
487 1100 580 1183 φῦσιν
597 1099 655 1188 γόρ
670 1093 709 1184 ἦν
725 1102 806 1191 οῦτῷ
824 1109 889 1190 θεῷ
906 1100 970 1169 όντι
988 1104 1127 1187 γενέσθαι
1146 1099 1326 1189 ῦνθρειπον,
1347 1105 1381 1171 ἐν
1396 1110 1445 1194 τῇ

278 1204 353 1272 κατῦ
370 1203 464 1286 φῦσιν
478 1205 510 1270 δέ
526 1205 634 1271 ἐαυτοῦ
652 1202 694 1287 μῦ
708 1201 784 1270 εέναι
799 1201 891 1270 αῦτόν
906 1202 1012 1287 ’όμοιον
1030 1212 1072 1293 τῷ
1090 1207 1179 1290 πατρί
1197 1211 1238 1295 τῷ
1255 1201 1443 1291 γεννήσαντι.

280 1310 322 1373 El
336 1306 392 1393 γῦρ
409 1310 442 1373 ἐν
458 1314 499 1395 τῷ
514 1305 596 1393 παρῦ
618 1306 712 1388 φῦσιν
728 1308 836 1373 ἐαυτοῦ
853 1305 960 1390 όμοιός
973 1309 1033 1373 ἐστι
1045 1315 1109 1383 τοῖς
1124 1306 1200 1374 κοτό
1214 1306 1316 1388 φῦσιν,
1338 1315 1443 1399 nup*

278 1411 368 1477 πλέον
385 1407 491 1492 όμοιός
514 1411 592 1475 ἐστιν
613 1412 646 1475 ἐν
666 1417 708 1498 τῷ
722 1406 798 1474 κατδ
810 1406 903 1489 φῦσιν
919 1409 1027 1475 ἐαυτοῦ
1042 1414 1084 1498 τῷ
1107 1407 1181 1476 κοτό
1197 1407 1290 1490 φῦσιν
1310 1413 1445 1496 γνησίας

279 1509 371 1578 οότόν
384 1509 570 1596 γεγεννηκότι
583 1516 681 1596 πατρί.
714 1509 805 1587 Ὦςτε
822 1509 878 1576 ’τό
895 1508 1000 1593 όμοιον
1016 1507 1090 1576 εένοι
1104 1509 1179 1578 κοτό
1194 1508 1291 1578 πόντα
1303 1510 1357 1580 τόν
1368 1509 1443 1581 νέόν

279 1621 321 1702 ιμ’
336 1615 426 1699 πατρί
448 1621 658 1698 θκροκιῖσθαι
703 1611 788 1678 Κοτό
803 1611 856 1689 τῦς
868 1613 987 1699 γραφδς
1002 1610 1110 1695 όμοιός
1129 1616 1259 1681 10ἐστιν.
1299 1612 1441 1699 Ἐνοήθιγ

280 1713 322 1792 τός
344 1718 474 1794 ἐδίδαξεν
496 1711 576 1797 ἡμᾶς
596 1713 651 1799 τήν
671 1722 725 1782 τοῦ
750 1712 855 1798 όμοίου
879 1717 998 1781 ἐννοιαν
1020 1713 1071 1781 διό
1092 1724 1151 1782 τοῖν
1170 1718 1393 1802 προειρημένον
1417 1713 1442 1783 ό

279 1815 452 1893 α’πόστοίος.
488 1815 617 1899 ’Όμοιος
639 1815 697 1903 γόρ
713 1819 774 1884 ἐστι
787 1819 837 1892 καί
854 1816 935 1884 κοθό
949 1815 1009 1900 (οῦ
1027 1819 1060 1884 ἐκ
1075 1824 1166 1900 Ζαῆς,
1195 1826 1262 1898 φῦς
1278 1820 1312 1885 ἐκ
1323 1815 1436 1900 φατός,

277 1921 330 1987 καί
346 1918 489 2001 όίηθινός
504 1921 535 1998 ἐξ
548 1917 710 2002 όίηθινοῦ,
731 1921 784 1985 καί
798 1925 890 2002 σοφία
909 1923 943 1986 ἐκ
957 1927 1066 1999 σοφοῦ,
1088 1923 1140 1986 κοί
1156 1916 1301 1998 καθάπαξ
1320 1926 1351 1967 ¹¹
1362 1920 1438 2001 ἐστι,

278 2020 353 2089 κατῦ
366 2020 420 2097 κός
432 2019 566 2108 γραφδς,
589 2019 627 2088 οῦ
646 2020 722 2088 κατῦ
735 2020 791 2104 τόν
806 2024 953 2108 ἐνέργειαν
967 2024 1018 2087 καί
1034 2020 1088 2106 τήν
1101 2024 1242 2106 βούλησίν
1262 2024 1367 2089 ιιέστι
1382 2021 1439 2103 μό-

156 2156 209 2202 ρος.
220 2143 268 2188 οη.
281 2151 334 2191 νον
344 2122 460 2208 όμοιος,
482 2121 553 2189 όίίοὶ
567 2121 630 2189 κατ’
644 2122 719 2190 οῦτό
734 2122 767 2190 τό
782 2120 857 2190 εέναι
873 2127 925 2191 καί
936 2122 1100 2205 ῦφεατόναι
1114 2128 1165 2191 καί
1179 2123 1321 2210 ῦπόρχειν
1332 2122 1442 2209 όμαιός

279 2229 341 2295 ἐστι
361 2223 438 2293 κατῦ
459 2222 556 2292 πόντα
577 2233 617 2316 τῷ
639 2227 728 2312 πατρί
749 2232 790 2315 τῷ
810 2224 999 2314 γεννήσαντι,
1021 2224 1063 2304 τός
1083 2226 1150 2304 υέός
1170 2232 1267 2314 πατρί

142 2868 210 2938 Κςφ,
226 2866 268 2924 ιγ,
361 2841 433 2910 Ἐόν
453 2848 486 2912 οί
510 2846 631 2911 1καινοί
653 2844 795 2929 αέρετικοί
815 2840 1093 2928 προςδιαίεγόμενοι
1114 2839 1186 2926 ἡμῖν
1207 2843 1369 2930 όγέννητον
1391 2844 1441 2915 u·

277 2968 378 3032 γουσι,
400 2950 452 3013 καί
465 2945 618 3034 γεννητόν,
639 2946 764 3032 ἐροῦμεν
783 2943 901 3022 αῦτοῑς,
929 2942 1048 3029 Ἐπειδὴ
1064 2943 1318 3031 κακουργήσοντες
1333 2942 1368 3013 τό
1383 2953 1444 3030 τῆς

278 3045 380 3124 οῦοίος
395 3046 491 3132 ὄνομα
504 3051 536 3115 ἐν
549 3046 650 3133 χρήσει
663 3056 726 3125 τοῖς
739 3045 886 3132 πατρόοιν
898 3044 1033 3132 όπόργον
1047 3045 1088 3124 αός
1103 3045 1241 3133 ῦγραφον
1255 3045 1292 3113 οῦ
1305 3049 1442 3132 δέχεσθε,

279 3149 350 3216 οῦδὲ
366 3146 452 3233 ἡμεῖς
473 3149 507 3217 τό
523 3149 683 3237 ἀγέννητον
707 3145 845 3235 όγραφον
862 3147 898 3216 ῦν
919 3148 1075 3231 δεξόμεθα.
1111 3147 1291 3234 Ἀφθορτον
1312 3151 1366 3232 μέν
1384 3152 1443 3219 καί

278 3249 408 3336 ῦόρατον
424 3256 476 3318 καὶ
493 3252 648 3319 όθόνατον
665 3253 740 3338 λέγει
755 3249 774 3316 ό
790 3248 974 3330 όπόστολος,
996 3249 1137 3318 οόδέτκοτε
1155 3253 1188 3317 δέ
1204 3250 1297 3319 αῦτόν
1315 3249 1442 3338 όγέννη·

277 3380 330 3421 τον
345 3352 500 3437 όνόμοσεν
512 3352 535 3440 ἦ
548 3352 664 3440 γροφιί·
687 3349 784 3419 ἔπειθ’
801 3351 863 3431 ότι,
886 3350 929 3429 ός
944 3358 1131 3438 προείρηται,
1153 3351 1172 3420 ό
1188 3354 1350 3441 όγίννητος
1365 3353 1443 3422 ὀῦ-

278 3458 361 3522 δέποτ
384 3461 519 3539 σημαίνει
544 3456 598 3539 τήν
618 3463 672 3522 τοῦ
691 3453 803 3541 πατρός
819 3457 951 3534 έννοιαν,
981 3459 1031 3521 καί
1056 3455 1103 3522 ότι
1119 3455 1172 3522 τόν
1192 3454 1334 3542 γεννητόν
1353 3459 1444 3535 ἰδίας

277 3556 345 3625 υίόν
363 3558 508 3626 ὀῦδέπα
531 3567 669 3642 σημανεῖ,
699 3555 770 3623 όίίό
793 3566 959 3623 κοινοποιιῖ
978 3556 1054 3643 πρός
1081 3557 1178 3624 πόντο
1192 3556 1227 3623 τό
1243 3557 1367 3644 γεννητοῦ
1383 3556 1444 3643 τὴν

277 3663 405 3729 ἐννοιαν.
447 3659 481 3726 ‘0
495 3660 551 3749 γόρ
567 3659 660 3727 είποόν
674 3659 811 3748 γενητόν,
842 3658 889 3725 ότι
905 3660 959 3743 μὲν
974 3662 1092 3747 γέγονεν
1109 3659 1268 3744 ἐσήμανεν,
1300 3658 1443 3744 οῦδομοῦ

278 3764 311 3831 δέ
324 3763 358 3831 τό
373 3762 481 3841 όϊδίας
496 3762 564 3830 υίόν
579 3763 742 3846 νοούμενον
757 3761 954 3849 παρεδήλωσε.
977 3761 1034 3829 Διό
1051 3759 1158 3840 α’ϊδίας
1180 3765 1349 3840 ἐννοοῦντες
1368 3761 1443 3831 υίόν

277 3874 355 3933 θεοῦ
377 3865 414 3933 οῦ
431 3867 579 3950 δεξόμεθα
603 3873 690 3932 τοῦτο
712 3863 789 3951 πρός
807 3863 939 3945 τοῦτοις,
972 3864 1019 3932 ότι
1041 3863 1075 3932 τό
1090 3873 1145 3931 τοῦ
1160 3865 1273 3952 πατρός
1292 3868 1345 3932 καί
1364 3868 1442 3935 υέοῦ

279 3967 375 4053 όνομα
391 3969 445 4053 τὴν
461 3969 539 4055 πρός
555 3995 583 4034 τι
600 3971 695 4052 σχέσιν
713 3972 855 4052 σημαίνει.
900 3966 956 4034 Διό
973 3968 1030 4035 κῦν
1044 3971 1157 4052 πατέρα
1173 3967 1267 4051 μόνον
1288 3966 1442 4052 όνομόζο-

277 4122 280 4127 ·
310 4105 327 4159 7
352 4109 413 4162 θεοῦ
432 4106 519 4163 ἐαυτδν
539 4111 592 4161 eod.
609 4111 657 4159 ίεα.
675 4111 746 4159 ιίειί
763 4111 839 4172 prino.
910 4109 949 4159 10.
967 4111 1017 4160 Pro
1031 4107 1106 4167 ἐστιν,
1124 4111 1284 4173 οιοδίεριίοκ
1298 4112 1324 4159 ἐκ
1340 4112 1443 4173 utroquo

278 4173 338 4231 θεόν
363 4174 452 4230 ἐαυτίν
470 4181 520 4229 οοδ,
544 4180 643 4241 mio.
677 4176 738 4231 θεοῦ
761 4170 838 4230 αῦτδν
871 4178 924 4227 cod
937 4191 982 4227 οιε.
998 4183 1020 4227 ει
1033 4181 1059 4228 ια
1072 4180 1109 4228 ed.
1121 4181 1206 4240 ροίαο,
1223 4179 1336 4229 Ριιουὶυε
1351 4182 1443 4241 mem

279 4248 316 4297 αδ.
335 4247 418 4298 mv.
873 4241 912 4303 ak,
927 4259 980 4295 οιιο
991 4246 1149 4308 adquiesceret
1164 4247 1307 4296 distinctioni
1322 4250 1441 4310 προανεῖ-

311 4312 335 4365 8.
353 4309 383 4367 τό
398 4308 428 4366 τό
445 4306 529 4378 όμοιον
550 4316 618 4364 οοδδ.
633 4329 689 4365 πται.
706 4319 801 4377 uterque
818 4318 840 4363 ιι
873 4313 936 4365 σθαι
953 4308 1019 4364 κατὰ
1050 4310 1097 4372 τὰς
1120 4310 1230 4380 γραφάς.
1256 4305 1368 4379 ’Ὁμοιος
1381 4316 1440 4367 κτλ.

278 4383 315 4431 εδ
332 4383 407 4445 princ.
912 4382 947 4430 11.
966 4377 1021 4432 ἐστι
1037 4385 1129 4431 uncinis
1144 4384 1218 4432 cinxit
1236 4383 1356 4432 Ρτιονιαι.

312 4448 337 4500 9.
353 4451 504 4513 προκεῖσθαι
517 4465 560 4514 τρο
575 4453 674 4505 med.
714 4452 781 4503 Lim
796 4451 841 4500 δο-
910 4450 950 4499 1¹2.
969 4446 1037 4501 ἐστίν
1054 4442 1140 4515 ’όμοιος
1156 4451 1207 4500 ovd.
1221 4450 1319 4512 ίίίιεδίρ.

279 4520 331 4571 δον
345 4518 517 4583 περιοικεῖσθαι
