3096 5070
436 332 575 386 romanu
591 333 655 384 mu.
668 334 712 385 ur.
728 334 811 386 rom.
825 335 857 384 n.
874 333 973 385 annu.
988 334 1101 385 nxxx.
1280 323 1340 386 481

188 472 370 547 ncqnaqpsm
388 453 535 538 legitimae
553 453 630 531 sint,
660 453 712 516 sed
732 453 810 516 inter
827 463 969 516 externas
988 453 1166 531 habeantur,
1200 474 1235 517 ac
1250 454 1343 516 solum

189 557 243 624 sibi
261 554 462 623 Christianum
479 576 585 618 nomen
602 555 769 618 vendicent.
815 551 901 637 Quae
919 553 984 619 cum
1002 556 1043 619 ita
1061 556 1138 636 sint,
1163 557 1274 619 veritas
1294 577 1346 619 no·

188 661 257 725 bis
250 682 313 745 rpsa
330 659 504 722 declaranda
521 667 668 743 superest,
693 667 780 741 atque
794 658 879 721 unica
896 657 1032 720 nimirum
1046 661 1097 720 allo
1109 604 1247 734 cdlumhu,
1271 679 1347 743 qnae

190 785 208 828 a
229 783 339 848 sponso
362 761 555 824 collaudatur.

275 863 425 948 Quocirca
441 883 506 926 cum
525 861 614 924 otium
634 862 713 926 nacti
730 862 839 942 simus,
864 872 930 947 post
946 860 1050 924 enixus
1070 863 1104 925 ad
1126 862 1209 925 deum
1228 882 1343 947 preces,
1364 865 1482 932 ecpxr.

189 979 224 1035 ut
240 965 436 1051 disputatione
456 963 596 1043 brevem,
629 965 671 1028 sic
689 965 830 1029 maiorum
848 964 1004 1028 traditione
1021 974 1131 1027 certam
1150 965 1284 1029 veritatis
1298 967 1348 1029 de-

190 1070 355 1136 fensionem
375 1067 511 1151 deinceps
528 1067 726 1131 instituemus.
773 1063 857 1149 erae
882 1066 997 1152 quidem
1018 1088 1076 1130 aon
1100 1078 1231 1152 tempore
1250 1078 1369 1152 poste·.

192 1172 273 1250 rior,
306 1169 365 1233 imo
389 1189 461 1233 vero
487 1169 568 1254 prior
584 1169 718 1234 omnibus
742 1168 858 1250 extitit3
890 1191 1002 1254 nosque
1020 1169 1056 1232 de
1074 1189 1107 1233 ea
1124 1179 1192 1233 ante
1212 1171 1349 1235 haereses

194 1279 314 1354 omnes,
338 1293 403 1337 cum
420 1272 455 1335 de
471 1267 582 1336 Christi
599 1272 802 1337 incarnatione
819 1273 1045 1351 dissereremus,
1070 1272 1249 1336 mentionem
1265 1273 1350 1336 initio

195 1378 329 1443 lecimus.
381 1371 493 1438 Eadem
516 1395 604 1459 porro
629 1396 706 1438 nunc
728 1396 792 1440 cum
819 1396 920 1439 omnes
947 1375 1111 1453 antecedit,
1144 1384 1203 1438 turn
1229 1371 1350 1440 Christo

194 1481 311 1546 domino
334 1487 399 1565 post
419 1477 482 1542 eius
500 1476 750 1557 incarnationem,
780 1478 862 1542 velut
879 1499 986 1562 sponsa
1006 1477 1148 1562 quaedam
1166 1477 1352 1541 sanctissima

195 1582 350 1648 coniuncta
373 1591 430 1645 est.
476 1575 561 1661 Quae
586 1590 616 1642 ct
642 1580 710 1643 olim
733 1602 797 1643 cum
820 1581 936 1644 Adamo
961 1583 1102 1659 lormata,
1135 1578 1208 1643 etia
1226 1580 1284 1644 illis
1302 1577 1351 1664 qui

195 1684 374 1752 Abraamum
400 1692 627 1769 praecesserunt
651 1683 817 1768 praedicata
842 1683 990 1767 patribus,
1026 1693 1145 1766 etpost
1170 1682 1351 1746 Abraamnm

196 1789 280 1853 fidem
303 1785 425 1863 merita,
459 1794 489 1847 et
511 1781 717 1870 perbloysem
734 1786 899 1869 patefacta,
930 1796 960 1847 et
974 1787 1048 1870 apud
1065 1784 1172 1850 Isaiam
1189 1785 1350 1869 praedicta,

197 1891 274 1956 etin
295 1884 416 1953 Christo
438 1887 656 1965 demonstrata,
688 1907 753 1950 cum
779 1907 873 1970 eoque
898 1887 983 1951 simul
1006 1888 1158 1966 existens,
1189 1886 1353 1972 posteriore

197 2015 216 2058 a
232 1991 316 2057 uobis
330 1991 396 2054 loco
411 1987 673 2053 commendabitur.
705 1986 784 2052 Nam
799 1989 937 2052 athletam
957 2000 1073 2072 oportet
1088 1991 1210 2076 primum
1225 1989 1353 2053 omnium

197 2094 228 2160 iu
244 2091 405 2158 certamine
422 2112 457 2155 ao
475 2091 577 2155 labore
595 2089 760 2175 caterisque
778 2091 937 2176 generibus
955 2093 1110 2169 exerceri,
1135 2103 1167 2155 ut
1183 2104 1285 2176 postca
1305 2112 1354 2154 co·

198 2218 300 2262 ronam
325 2196 463 2258 auterens
486 2192 516 2255 in
536 2193 646 2256 laetitia
670 2214 705 2257 ao
728 2193 876 2279 voluptatc
902 2195 1001 2280 degat.
1026 2191 1080 2256 1Ιιι
1098 2214 1155 2278 quo
1172 2195 1287 2278 quidem
1304 2215 1354 2257 co·
1428 2197 1435 2208 '

197 2320 271 2364 roua
287 2297 350 2383 ipsa
367 2316 425 2360 non
440 2306 589 2381 postrema
606 2295 733 2359 omnium
753 2307 815 2375 est,
848 2299 898 2360 sed
915 2298 1011 2360 luctae
1029 2316 1063 2359 ac
1080 2297 1231 2359 certamini
1249 2317 1355 2382 propo·

199 2403 256 2466 sita
274 2410 423 2486 postremo
440 2398 468 2461 ei
488 2399 536 2482 qui
559 2398 588 2461 in
606 2417 725 2462 arariam
744 2399 945 2478 descenderit,
977 2400 1012 2462 ad
1032 2399 1210 2483 voluptatem
1229 2399 1356 2461 delecta·

199 2502 367 2588 tionemqne
385 2500 532 2565 tribuitur.
557 2496 643 2582 Quae
659 2523 725 2564 cum
743 2502 783 2564 ita
798 2522 830 2565 se
847 2501 986 2582 habeant,
1006 2502 1041 2565 ad
1060 2502 1223 2564 institutum
1242 2521 1355 2563 sermo·

200 2626 267 2670 nem
286 2606 457 2679 redeamus,
481 2604 567 2688 idque
587 2605 820 2668 demonstremus
834 2604 940 2721 ipsum,
964 2605 1110 2689 quomodo
1127 2625 1191 2668 com
1207 2604 1356 2686 octoginta

201 2707 320 2793 pellices
336 2706 395 2768 siut
410 2727 446 2768 ac
463 2707 619 2790 sexaginta
637 2706 775 2790 reginae,
800 2707 885 2774 unica
901 2707 986 2790 virgo
1001 2708 1051 2787 sit,
1075 2717 1106 2769 et
1121 2717 1215 2784 casta,
1239 2708 1356 2769 eadem·

203 2828 400 2893 qnesponsa,
432 2808 582 2889 columba,
614 2830 709 2893 agna,
741 2820 842 2872 sancta
861 2810 907 2873 dei
926 2810 1049 2888 civitas,
1081 2811 1171 2888 lides,
1201 2830 1236 2871 ac
1249 2811 1356 2890 firma·
1368 2811 1496 2909 ῐςίῒιῗοῑῑ

203 2922 323 2972 merchem
340 2915 468 2972 cambutis
473 2914 590 2992 ,firme
603 2924 701 2993 petru,
734 2924 834 2974 contro
851 2934 933 2994 quum
946 2925 1050 2994 portae
1065 2915 1154 2995 infera
1167 2934 1223 2974 non
1233 2932 1355 2993 proeva-
1387 2897 1474 3024 '‘il“ih

204 3015 309 3076 lebant.
355 3010 433 3076 Nam
450 3013 511 3076 huc
525 3034 617 3099 usque
635 3015 750 3095 divina,
775 3036 859 3100 qnam
879 3014 1118 3101 imploravimus,
1149 3035 1205 3101 ope
1220 3036 1255 3078 ao
1273 3035 1358 3101 prae·

205 3114 280 3180 sidio
297 3115 362 3179 lreti
379 3116 435 3180 boc
451 3119 578 3181 assecuti
601 3138 702 3183 sumus
719 3129 751 3182 ut
772 3131 937 3204 susceptam
953 3142 970 3183 a
987 3119 1072 3183 nobis
1088 3120 1124 3182 de
1139 3117 1272 3182 omnibus
1290 3118 1360 3181 hae-

203 3217 320 3284 resibus
337 3218 560 3303 disputationem
575 3221 813 3301 absolveremus3
838 3243 922 3305 quam
940 3223 976 3283 ad
992 3219 1239 3286 Massalianorum
1258 3221 1360 3284 hacre-

205 3321 251 3386 siu
276 3341 367 3403 usque
391 3321 592 3407 perduximus.
638 3323 701 3387 Hac
725 3324 822 3406 itaque
844 3323 925 3386 velut
942 3325 1065 3408 quodam
1091 3325 1235 3408 evangeiii
1259 3324 1359 3387 calceo

207 3424 392 3509 proculcata,
426 3424 546 3506 perinde
569 3446 604 3487 ae
631 3424 850 3488 chamaeleonte
873 3426 1047 3511 multipeda,
1080 3425 1155 3512 turpi
1171 3447 1207 3489 ac
1223 3424 1359 3504 delormi,

207 3537 238 3589 et
253 3527 385 3611 graviter
397 3526 516 3605 olente,
547 3527 583 3588 ob
601 3526 671 3590 hano
687 3526 783 3588 omnia
799 3528 844 3591 dei
860 3530 970 3612 gratias
984 3550 1122 3614 agamus,
1154 3550 1188 3592 ao
1205 3539 1315 3613 patrem
1329 3526 1361 3591 in

207 3629 284 3706 lilio,
308 3628 397 3692 lilium
412 3629 441 3691 in
459 3637 540 3713 patre
554 3648 619 3690 cum
637 3639 739 3690 saneto
754 3627 856 3711 spiritu
874 3630 1056 3695 celebremus
1073 3631 1103 3694 in
1120 3631 1240 3695 saecula
1258 3651 1360 3694 saecu·

207 3731 321 3810 lorum,
343 3731 454 3795 Amen.

242 3835 268 3920 4.
279 3866 439 3950 napllhopcv
451 3867 519 3916 codd.
527 3880 583 3916 mss
595 3872 617 3916 et
632 3867 685 3916 edit.
694 3869 768 3948 princ.
837 3865 860 3919 6.
879 3861 960 3920 dach
943 3885 1040 3934 ηγματι
1052 3871 1105 3919 cod.
1124 3871 1221 3933 Rhedip.

242 3937 267 3987 b.
287 3933 315 3989 cd
333 3928 527 4003 κατισχύσουσιν
541 3936 592 3984 cod.
607 3936 704 3997 Rbedv'p.
723 3927 770 3986 cdx
837 3936 860 3988 7
880 3938 1046 4019 Spbscrr'ptto
1037 3953 1062 3986 rc
1075 3939 1144 3989 codd
1161 3953 1217 3987 mss
1231 3942 1263 3987 est
1283 3935 1363 3996 Τέλος

208 3998 385 4073 anquiriensis
401 4005 452 4055 eod
467 4006 515 4055 len.
543 3996 589 4056 cdx
604 3998 767 4071 ἀντισχὺσσυ
800 3999 832 4055 roi
847 4001 913 4055 κατὰ
928 4005 1104 4069 mosollamia
1120 4006 1294 4073 (σσμαλιανῶν
1310 4006 1362 4057 cod.

210 4087 248 4126 mv
265 4076 322 4124 editi
338 4076 397 4123 tibrt.
801 4073 841 4123 lec
813 4067 1005 4138 abhorream.

265 4654 354 4714 Ocrpur
365 4655 502 4702 fleereseot
519 4656 548 4700 ll.
561 4657 581 4700 Ι.
