3096 5070
368 303 507 356 riulan
524 306 588 359 ere.
602 306 646 359 nr.
663 305 748 358 rou.
763 306 783 356 r.
801 303 902 356 sana.
919 305 1039 360 mxxiv.
1218 296 1279 360 149

119 426 237 506 silium,
267 424 466 490 sacerdotium
485 437 618 489 sanetum
641 424 762 512 spiritus
784 424 1007 509 regenerantis,
1041 447 1076 489 ao
1092 427 1148 491 deo
1166 427 1280 493 instau-

118 530 210 592 rantis
228 529 325 592 omnia
344 527 479 612 largitor.
528 531 646 591 Verbum
660 533 732 591 euim
748 549 817 589 coro
835 529 944 610 fisclum
962 540 1021 602 est,
1054 541 1084 590 et
1098 531 1237 593 dubitauit
1248 537 1277 595 in
1290 543 1367 589 loson.
1378 545 1430 600 1,a

117 633 217 707 nobb,
248 644 278 694 et
294 635 412 693 ur‘dtinus
433 634 558 711 glorium
584 636 661 706 arias,
686 642 826 711 'tanqum
846 633 970 710 giorairrn
993 635 1135 711 unigeniti
1149 654 1167 693 a
1181 645 1275 714 putre.

121 731 159 800 Ut
175 735 252 798 enim
269 722 369 818 plovia'
383 754 448 796 oum
467 732 622 796 arboribus
644 732 834 810 ooalescens,
858 752 893 795 ao
915 731 1072 816 stirpibus,
1097 754 1203 819 eorpus
1219 735 1278 799 effi·

115 835 171 916 eit,
205 835 239 900 et
254 854 488 919 unumquemque
514 836 637 900 lruotum
665 835 700 898 ad
718 834 783 897 eius
799 834 875 897 unde
894 843 977 898 ortus
997 845 1042 897 est
1058 833 1278 900 similitudinem

115 938 266 1024 producit,
297 947 329 1000 ut
351 947 381 1000 et
399 938 428 999 in
450 937 526 1001 oliva
548 936 663 1000 adeius
685 946 817 999 naturam
842 946 872 999 et
893 935 1085 1000 substantiam
1110 937 1276 1001 adiunctum

115 1041 222 1126 pingue
236 1039 333 1104 oleum
349 1039 477 1117 existat,
511 1038 539 1101 in
557 1041 617 1102 vite
632 1038 801 1103 suavissimi
820 1037 851 1100 in
868 1036 931 1104 vini
946 1039 1114 1123 qualitatem
1132 1040 1277 1103 colorem-

115 1163 171 1227 que
186 1152 337 1220 transeat,
369 1142 398 1204 in
416 1142 488 1205 bons
505 1140 611 1204 arbore
630 1140 799 1204 dulcissimo
816 1141 888 1205 licus
904 1161 1010 1225 sapore
1027 1151 1224 1227 temperetur,
1248 1153 1279 1206 et

115 1246 144 1308 in
165 1242 294 1327 quolibet
316 1245 429 1308 semine
454 1254 587 1308 naturam
610 1244 703 1329 ipsius
725 1244 760 1306 ad
781 1254 982 1306 consentanea
1003 1243 1144 1328 cuiusque
1167 1246 1277 1308 formae

114 1344 296 1409 incrementa
316 1347 472 1431 perducat,
496 1350 536 1409 ita
558 1348 688 1419 Verbum,
713 1345 836 1430 opinor,
860 1345 906 1407 dei
927 1345 955 1407 in
974 1349 1071 1407 Mario
1088 1350 1276 1432 esrojoetum
1290 1362 1369 1460 pepp

113 1460 172 1523 est,
205 1458 234 1511 et
253 1447 282 1510 in
300 1449 439 1512 Abraami
457 1450 548 1533 stirpe
567 1447 710 1511 bombex
728 1447 864 1532 promissi
891 1447 946 1510 lide
965 1459 1100 1533 repertus
1124 1460 1182 1512 est.
1227 1454 1276 1513 In·
1318 1447 1326 1471 ‘
1365 1447 1371 1461 “

113 1557 237 1613 venamur
251 1556 339 1626 enairr,
374 1552 485 1635 inquit,
515 1555 666 1624 Messium,
699 1572 778 1631 quem
800 1555 918 1630 sempsit
933 1554 1057 1630 Moyses.
1102 1548 1182 1615 ldem
1200 1573 1274 1616 vero

113 1651 255 1739 Moyses,
285 1658 459 1730 Deaeeadnt,
491 1654 601 1739 inquit,
634 1664 666 1714 ut
678 1656 777 1734 pluuia
799 1656 939 1733 eloquium
956 1674 1061 1727 meum,
1096 1666 1127 1716 et
1141 1667 1428 1737 tnnpunmttoustaa

110 1767 212 1837 guttae
225 1761 366 1819 stillantes
382 1763 412 1818 aia
428 1769 552 1818 terram:
577 1756 644 1834 vel,
668 1759 827 1816 Descendunt
839 1759 916 1816 sa'cut
932 1776 981 1815 ros
995 1760 1024 1817 iu
1041 1759 1139 1818 uellus.
1186 1755 1273 1822 Lana
1291 1774 1377 1820 Pmtn.

112 1859 210 1943 itaque
229 1880 324 1922 rorem
345 1859 498 1943 excipiens
517 1860 605 1920 letum
631 1868 720 1941 auget
739 1855 871 1919 velleris.
919 1855 1017 1919 Terra
1034 1859 1113 1921 velut
1129 1861 1274 1944 quendam
1306 1828 1372 1884 m

112 1961 175 2047 spei
195 1961 336 2024 cultorem
356 1969 385 2022 et
399 1960 557 2043 agricolam
573 1959 699 2044 pluviam
717 1958 870 2043 excipiens
885 1959 1011 2022 fructum
1027 1960 1061 2022 ad
1077 1962 1274 2026 maturitatem

113 2063 263 2149 perducit,
287 2082 379 2146 eaque
399 2063 517 2147 perlusa
534 2082 574 2125 ex
591 2061 714 2147 imperio
730 2061 838 2124 domini
858 2061 1007 2126 naturales
1025 2063 1123 2146 fruges
1141 2075 1274 2150 prompto

111 2187 147 2229 ao
163 2165 289 2228 libenter
307 2164 429 2241 emittit,
464 2173 493 2225 et
509 2162 544 2225 ab
565 2163 666 2226 eodem
693 2184 797 2227 rursus
815 2163 976 2248 aecipiendi
1000 2165 1103 2228 maiori
1125 2166 1274 2244 desiderio

111 2277 239 2331 tenetur.
285 2264 336 2331 Sio
361 2278 391 2329 et
410 2262 508 2329 Maria
533 2266 617 2351 virgo
639 2286 703 2329 oum
726 2266 765 2328 ita
784 2266 1002 2351 respondisset,
1038 2270 1130 2343 Unde,
1164 2269 1413 2352 inquietasset.

110 2390 277 2451 cognoscum
293 2372 366 2430 mibi
379 2372 457 2430 a'stud
471 2370 655 2453 affuturum?
675 2368 784 2447 audiit,
809 2373 936 2450 Spria'tua
953 2372 1060 2430 domaiu'
1073 2374 1102 2431 ia
1119 2383 1147 2431 te
1160 2374 1274 2432 descen

109 2476 171 2547 det,
196 2483 227 2534 et
240 2477 332 2533 uritur
344 2473 480 2533 atterum·
494 2472 672 2533 obumbrabit
688 2483 731 2545 te,
764 2475 881 2553 a'deoque
900 2482 929 2532 et
943 2475 1019 2552 quod
1037 2484 1171 2533 nascetur
1193 2496 1231 2534 em
1247 2485 1274 2534 te

108 2587 236 2637 martum
252 2579 325 2648 erit,
360 2577 482 2656 etfilr'ua
500 2576 635 2635 adabarim·
649 2575 805 2635 uocabatur.
854 2570 991 2638 Christus
1009 2574 1038 2636 in
1057 2574 1163 2658 angelo
1180 2575 1273 2660 loqui-

110 2686 174 2754 tur,
208 2685 238 2739 et
256 2675 286 2739 iu
303 2675 347 2739 sni
370 2676 462 2762 ipsius
481 2675 657 2739 formatione
675 2674 864 2761 semetipsum
886 2676 1021 2740 dominus
1038 2677 1164 2761 effingit,
1195 2684 1275 2740 serua·
1296 2695 1397 2756 aurttpp.

106 2780 373 2858 sormommduena.
421 2774 561 2842 Ceterum
580 2774 676 2841 Maria
695 2777 818 2842 verbum
836 2779 881 2841 dei
899 2781 933 2842 ad
951 2778 1172 2863 generationem
1189 2780 1271 2844 velot
1306 2750 1362 2806 ω’

113 2889 191 2942 terra
217 2878 345 2964 pluvium
364 2879 460 2944 haurit
477 2891 507 2942 et
526 2879 658 2944 attrabit.
704 2878 787 2944 Dens
804 2902 876 2945 vero
899 2893 1032 2945 sanetum
1056 2902 1124 2946 sese
1148 2883 1272 2946 iruotnm

110 2980 139 3044 in
164 2981 281 3044 mortali
306 2991 408 3046 natura
432 2983 613 3068 capessenda
639 2983 831 3047 demonstrat.
877 2981 959 3068 Ergo
984 2984 1030 3048 bio
1051 3005 1091 3049 ex
1108 2985 1157 3048 illa
1176 2996 1273 3049 terrae

109 3085 205 3148 instar
229 3105 265 3148 ao
290 3084 409 3148 velleris
432 3085 597 3149 attrahente
622 3087 773 3170 proleotus
801 3097 863 3165 est,
898 3106 988 3150 verae
1015 3088 1184 3172 solidaeque
1210 3087 1273 3174 spei

111 3188 240 3264 lruotns,
271 3197 300 3250 et
320 3208 337 3249 a
356 3188 467 3251 sanetis
488 3174 674 3273 eripeotatus.
722 3184 973 3271 Quemadmodum
990 3187 1162 3254 Elisabetba
1185 3191 1273 3272 dixit,

108 3293 261 3351 benedabto
283 3301 314 3349 tu
338 3294 414 3352 inter
433 3295 579 3367 mulr'eres,
616 3303 645 3352 et
662 3292 822 3353 benedabtus
836 3293 952 3372 fructum
973 3297 1079 3354 uentris
1103 3299 1154 3355 tui.
1202 3294 1268 3358 Hoc
1281 3313 1338 3357 noe.
1348 3312 1368 3368 1,
1381 3312 1415 3356 aa.

110 3401 207 3453 autem
232 3410 318 3454 omne
344 3411 383 3455 ex
402 3391 525 3456 bumana
547 3393 714 3456 conditione
732 3404 888 3456 assatura
909 3394 939 3456 in
955 3414 1024 3457 sese
1041 3396 1189 3459 transtulit
1205 3417 1273 3459 ver·

111 3491 178 3556 bum
196 3492 284 3572 illud,
309 3494 384 3577 qnod
402 3514 512 3580 expers
527 3495 634 3580 alioqui
653 3495 799 3580 passionis
816 3497 927 3582 perpeti
943 3496 1047 3561 voluit.
1093 3503 1148 3560 Hie
1162 3510 1207 3560 est
1217 3519 1271 3578 pa·
1282 3516 1424 3575 mamam

108 3600 154 3656 nab
173 3597 223 3656 ille
240 3600 334 3669 orbus,
368 3601 421 3678 qui
437 3601 472 3658 de
491 3599 568 3658 coelo
589 3601 748 3671 descendit,
780 3618 814 3660 ae
839 3599 928 3662 vitans
952 3598 1104 3685 impertiit.
1150 3599 1207 3662 llic
1225 3610 1272 3663 est

107 3716 199 3760 verae
229 3697 342 3760 fruetus
369 3699 473 3777 oleae,
508 3698 654 3762 unctionis
681 3709 711 3761 et
732 3699 951 3784 compositionis
978 3703 1075 3766 oleum
1100 3701 1169 3767 illud
1194 3702 1270 3787 quod
1286 3723 1397 3769 monas.

80 3835 82 3849 ·
108 3795 236 3884 Moyses
252 3799 350 3883 speeie
368 3801 489 3884 quadam
514 3798 709 3862 adumbravit.
754 3797 834 3864 ldem
853 3825 919 3865 uera
941 3810 1007 3866 uitis
1027 3816 1086 3879 est,
1119 3824 1203 3887 quam
1221 3773 1423 3867 so-¹⁰⁸⁰⁰'¹⁶’²

107 3900 154 3966 lus
173 3913 258 3987 pater
275 3900 362 3979 colit,
396 3901 443 3984 qui
467 3900 595 3965 laetitiae
620 3900 705 3964 nobis
728 3922 812 3965 uvam
839 3905 1006 3989 progenuit.
1051 3904 1111 3970 flio
1135 3916 1181 3969 est
1196 3929 1271 3988 aqua
1305 3928 1384 3975 mma

107 4008 159 4066 illo
176 4009 255 4078 orba,
290 4007 585 4085 qunmsr‘tienaborno
605 4004 803 4079 combiberit,
837 4028 893 4068 non
908 4012 989 4070 siuet
1002 4012 1139 4090 empitius,
1173 4013 1225 4070 sed
1240 4014 1269 4072 in
1307 3981 1330 4037 ⁴‘
1343 3982 1374 4026 η

106 4111 167 4168 eius
193 4118 290 4167 uentre
308 4119 458 4186 pomona!
475 4109 581 4169 aolt'em
596 4110 626 4168 ia
644 4110 729 4168 uatum
749 4119 902 4171 aeternam.
950 4109 998 4174 Ab
1019 4111 1074 4175 hoo
1099 4110 1169 4177 novi
1191 4111 1269 4197 agri·

143 4275 182 4327 18.
201 4271 271 4329 ὁτοῦ
286 4276 346 4330 θεοῦ
362 4275 435 4344 λόγος
447 4284 499 4342 post
509 4271 671 4333 ἀποδείκνυσι
737 4280 778 4330 22.
795 4275 823 4333 ἓν
840 4284 924 4331 tneor.

108 4344 217 4394 additum
232 4347 316 4409 lepttur
331 4350 357 4396 in
375 4350 458 4398 tneor.
737 4347 780 4400 23.
798 4343 812 4402 b
829 4363 876 4399 non
892 4351 960 4400 babet
977 4355 1060 4402 tneor.

144 4411 182 4461 19.
201 4405 282 4472 obrue
299 4418 382 4465 tuom.
739 4413 779 4466 24.
806 4415 881 4483 μόνος
905 4416 950 4470 καὶ
975 4414 990 4473 o‘
1010 4417 1095 4486 πατὴρ
1120 4421 1156 4472 etl.
1177 4423 1270 4486 sonu,

141 4477 183 4528 9⁰.
203 4477 283 4541 πόκος
296 4486 380 4533 tneor.
705 4488 786 4536 tavitia
803 4488 869 4535 tibris
886 4500 960 4537 annau
977 4491 1089 4539 eamme.

141 4544 181 4596 Ἡ.
199 4541 218 4612 ai
234 4548 284 4601 τῶν
299 4544 379 4618 ἁγίων
396 4549 532 4618 προςδοκία
547 4554 630 4605 darer.
741 4551 783 4606 25.
800 4551 946 4626 γεννήσασα
957 4560 1090 4623 mouimus
1103 4561 1136 4611 ast
1149 4559 1269 4614 rmum.
