3096 5070
259 273 320 338 156
684 285 995 339 ειαοτιιειειειυτι

128 418 196 488 ¹⁸2·
212 417 240 483 e.
347 399 451 468 ιἈλλά
469 399 525 485 τήν
540 404 695 468 δικαίωσιν
710 404 741 481 ἐξ
758 401 875 486 άμφοῖν
894 404 985 490 λέγει,
1013 403 1065 468 καί
1083 400 1139 487 τήν
1152 401 1247 488 χάριν.
1290 410 1422 472 Amto-

259 504 364 581 θέντες
380 505 412 570 δέ
428 505 460 569 ἐν
472 510 514 593 τῷ
533 503 657 588 ὀνόματι
680 511 764 571 ’τοῦ
785 510 892 592 κυρίου
914 502 998 590 ήμῦν
1018 502 1117 589 Ἰησοῦ
1141 512 1290 591 Χριστοῦ,
1321 507 1373 572 καί
1388 507 1423 574 ἐκ

257 613 299 696 τρῦ
313 605 456 689 πνιάματι
471 614 524 672 τοῦ
549 613 625 673 θεοῦ
647 604 750 691 ήμῦν,
780 606 886 692 ’ὅμοιον
907 612 948 697 τῷ
965 610 1073 690 εἰπεῖν,
1104 610 1323 687 Δικαιωθέντες
1338 608 1371 675 δέ
1386 610 1422 676 ἐκ

256 712 382 786 πίστεως
404 706 524 795 εἰρήνην
545 711 648 793 ἐχομεν
668 709 744 797 πρδς
765 707 819 776 τάν
837 708 913 776 θεάν
936 707 987 775 διά
1010 717 1064 776 τοῦ
1088 716 1195 798 κυρίου
1219 710 1304 796 ήμῦν
1321 709 1423 802 Ἰησοῦ
1519 794 1526 806 ⁵

259 818 401 898 Χριστοῦ.
449 811 557 888 Οδδελς
579 810 702 879 δῦναται
724 815 817 879 εἰπεῖν
833 810 940 899 κάριον
959 813 1094 896 Ἰησοῦν,
1126 816 1155 879 εί
1170 813 1211 898 μή
1227 816 1261 880 ἐν
1275 813 1425 898 πνεύματι

256 912 345 1005 άγέιμ·
375 914 442 993 καί,
477 911 585 991 Οῦδείς
608 914 732 981 δάναται
753 923 872 998 πνεῦμα
897 912 984 1000 άγιον
1003 918 1104 998 λαβεῖν
1128 915 1173 999 3ή
1194 913 1277 1002 παρά
1303 920 1423 1002 κυρίου.

258 1019 423 1102 Διαιρέσεις
440 1017 472 1082 δέ
485 1015 673 1102 χαρισμάτων
688 1020 760 1099 είσί,
782 1016 816 1084 τῦ
831 1019 864 1084 δέ
879 1016 953 1083 αῦτῦ
967 1024 1099 1100 πνεῦμα,
1121 1020 1172 1084 καί
1187 1018 1342 1104 διαιρέσεις
1356 1023 1424 1085 δια-

256 1126 367 1186 κοκιιῦν
382 1120 471 1198 είσιν,
504 1115 572 1185 άδέ
591 1118 683 1196 αῦτδς
703 1117 791 1200 θεάς,
823 1118 983 1206 άένεργῦν
1006 1118 1043 1184 τά
1060 1118 1158 1186 πάντα
1173 1123 1205 1187 έν
1226 1128 1306 1187 πᾶσι.
1358 1123 1423 1187 Καί

256 1218 316 1288 άπῦ
333 1219 422 1304 δόξης
438 1224 480 1298 είς
496 1222 603 1302 δόξαν,
626 1222 759 1299 4καθοάς
775 1221 836 1289 άπδ
854 1227 961 1309 κυρίου
977 1220 1152 1305 πνεύματος.
1198 1224 1275 1302 Καί,
1297 1221 1356 1307 Μή
1370 1231 1423 1289 λυ-

256 1333 336 1390 πεῖτε
349 1321 383 1390 τά
398 1330 515 1407 πνεῦμα
532 1323 565 1392 τῦ
582 1322 682 1410 άγιον,
713 1328 746 1391 ἐν
764 1317 789 1415 ρῖ
810 1328 1029 1412 ἐσφραγίσθητε
1051 1327 1093 1402 είς
1114 1323 1225 1412 ἡμέραν
1248 1323 1423 1411 άκολυτριέ·

255 1447 345 1506 σεως,
376 1424 480 1510 ὅμοιον
500 1433 540 1516 τῷ
556 1428 665 1507 εἰπεῖν,
697 1430 742 1493 El
755 1434 979 1512 παραζηλοῦμεν
996 1424 1049 1494 τάν
1064 1425 1184 1514 κάριον,
1214 1424 1254 1511 μή
1272 1426 1421 1515 ίσχυράττ-

256 1553 305 1609 ροι
322 1528 416 1594 αῦτοῦ
431 1530 533 1612 ἐσμενς
555 1527 589 1595 τῦ
607 1529 649 1609 δέ,
675 1536 800 1613 Πνεῦμα
818 1534 915 1616 δητῦς
929 1533 1014 1617 λέγει,
1038 1529 1145 1614 δμοιον
1158 1536 1200 1620 ¹93
1214 1532 1315 1610 εἰπεῖν,
1341 1528 1423 1598 λάθε

164 1690 177 1707 ,
254 1631 330 1718 λέγει
347 1631 453 1717 κάρτος
467 1630 690 1719 παντοκράτωρ.
736 1634 813 1712 Καί,
841 1632 881 1699 To*
900 1630 1017 1717 πνεῦμά
1039 1657 1098 1715 μου
1118 1635 1276 1716 ἐφέστηκεν
1290 1634 1323 1698 ἐν
1338 1634 1421 1723 μέσρι

133 1729 351 1824 11·σῦῑῦμὴ
365 1731 435 1799 Ἐάν
445 1760 489 1810 τις
499 1736 565 1815 ἐμοί
576 1732 681 1825 άνοέξη
694 1737 869 1816 ῡεέςελθεῖν,
887 1734 944 1821 ἐγά
955 1738 1006 1801 καί
1017 1733 1035 1802 ά
1046 1732 1143 1821 πατήρ
1157 1733 1274 1821 ομονήν
1285 1732 1355 1821 παρ’
1361 1735 1419 1802 αὖ·

255 1842 297 1924 τηῦ
306 1834 477 1919 ποιήσομεν.
505 1834 628 1914 Ἡσαΐας
643 1838 686 1916 δέ,
705 1840 765 1903 Καί
780 1835 824 1903 ἐπ’
839 1835 932 1903 αῦτῦν
942 1846 1059 1920 πνεῦμα
1068 1845 1154 1903 θεοῦ.
1182 1835 1221 1902 ‘0
1232 1838 1265 1902 δέ
1278 1836 1420 1923 Χριστδς,

259 1942 385 2020 Πνεῦμα
401 1942 507 2024 κυρίου
530 1938 598 2005 7ἐπ’
616 1940 676 2022 ἐμὲ,
699 1931 738 2006 οῦ
757 1942 866 2005 εἵνεκεν
881 1942 975 2026 ἐχρισέ
988 1966 1031 2023 με.
1066 1943 1137 2020 Kal,
1154 1941 1272 2022 Ἰησοῦν
1287 1937 1340 2005 τάν
1354 1936 1441 2007 άτεο“

257 2040 401 2124 Ναζαρέτ,
416 2040 452 2107 δν
464 2045 577 2125 ἐηρισεν
590 2039 718 2118 ιἰἷθεδς
729 2041 873 2126 πνεύματι
887 2039 977 2132 άγέρο·
1000 2042 1053 2126 οή,
1070 2042 1183 2129 Κάριος
1196 2040 1362 2110 άπέσταίκέ
1372 2068 1420 2126 με,

254 2143 307 2208 καί
323 2141 356 2209 τά
373 2151 488 2227 πνεῦμα
506 2142 608 2212 αῦτοῦ.
645 2142 765 2229 Φανερά
778 2144 811 2210 δέ
824 2146 875 2209 καί
890 2141 911 2227 ή
928 2143 1016 2229 φωνή
1032 2152 1091 2212 τῶν
1106 2147 1243 2230 Σεραφίμ
1258 2143 1418 2228 κράζουσα,

249 2242 364 2332 Ἀγιος,
387 2243 482 2332 άγιος,
505 2245 590 2333 άγιος
605 2246 710 2334 κάριος
725 2245 872 2330 Σαβαάθ.
911 2244 986 2313 Ἐάν
1002 2248 1035 2313 δί
1049 2245 1181 2338 άκοῦσης
1195 2247 1250 2327 δτι,
1278 2252 1322 2337 λῇ
1338 2250 1416 2336 δεξιᾷ

255 2355 309 2414 τοῦ
322 2355 399 2414 θεοῦ
414 2346 565 2432 ῦψωθείς,
591 2352 696 2429 ι(ἐκαὶ,
718 2349 774 2433 τήν
788 2352 961 2436 ἐπαγγελίαν
973 2357 1027 2416 τοῦ
1040 2350 1206 2434 πνεύματος
1218 2347 1319 2433 λαβοίν
1335 2344 1414 2435 κσριί

254 2457 308 2517 τοῦ
329 2450 457 2537 πατρὸς,
486 2450 686 2537 ήπτριμένειν
701 2451 756 2536 τήν
771 2455 945 2540 ἐπαγγελίαν
960 2459 1015 2519 τοῦ
1030 2452 1198 2540 πατράςῆν
1215 2451 1375 2536 ήκοάσατε,
1394 2448 1417 2536 ή

255 2553 311 2636 δτι,
339 2552 379 2621 Τά
394 2561 511 2638 πνεῦμα
523 2553 615 2620 αῦτδν
627 2553 760 2638 ἐκβάλλει
773 2558 815 2632 είς
825 2554 880 2639 τήν
890 2558 1013 2642 ἔρημον,
1036 2553 1125 2639 ήάτι,
1149 2553 1240 2632 αῦτδς
1252 2557 1337 2642 λέγει,
1358 2551 1418 2639 Μή

252 2655 448 2742 μεριμνήσητε
465 2661 493 2723 τί
509 2660 609 2740 εἴπητε
615 2708 624 2737 ,
647 2656 694 2723 δτι
707 2655 741 2723 τῦ
761 2664 876 2740 πνεῦμα
895 2656 973 2724 ιιτδ
990 2665 1098 2725 λαλοῦν
1113 2660 1145 2724 ἐν
1160 2655 1247 2740 ῦμῖν,
1269 2655 1304 2740 ή,
1326 2659 1371 2722 m
1384 2656 1419 2723 δέ

254 2757 445 2842 ένκνεάματι
469 2767 548 2825 θεοῦ
577 2755 755 2842 ι’ἐκβάλλω
776 2758 812 2824 τά
827 2759 982 2842 δαιμόνια,
1011 2759 1048 2844 ἢ,
1075 2759 1110 2825 ‘0
1123 2760 1155 2825 δέ
1171 2764 1358 2844 βλασφημεῖν
1375 2760 1419 2836 τίς

253 2862 287 2930 τά
300 2872 420 2947 πνεῦμα
436 2861 468 2928 τά
487 2859 592 2948 άγιον,
615 2859 673 2927 οῦκ
687 2859 870 2944 άφεθήσετσι
888 2861 987 2950 αὐτῷ,
1009 2865 1060 2929 καλ
1076 2861 1113 2928 τά
1128 2864 1210 2946 ἐξής,
1245 2860 1327 2944 ῑῑή,
1349 2859 1417 2926 Πά·

254 2990 313 3052 τερ,
330 2969 372 3043 είς
383 2962 484 3050 χεῖράς
497 2987 553 3030 σου
567 2961 782 3048 παραθήσομαι
796 2962 829 3029 τῦ
844 2962 962 3047 πνεῦμά
976 2990 1046 3048 μου,
1067 2963 1097 3047 ή,
1120 2963 1159 3030 Τῦ
1176 2969 1296 3031 παιδίον
1309 2960 1420 3047 ηῦξανε

255 3070 308 3136 καί
325 3071 517 3155 ἐκραταιοῦτο
532 3073 573 3156 τῷ
587 3065 742 3149 πνεύματι,
762 3066 922 3151 ι*Ἰησοῦς
939 3067 971 3132 δέ
984 3069 1128 3150 πλησθεὶς
1144 3067 1311 3151 πνεύματος
1328 3062 1419 3152 άγίου
1465 3140 1480 3161 .-

253 3168 439 3257 άπέστρεψεν
461 3167 520 3235 άπῦ
543 3176 597 3235 τοῦ
618 3166 788 3256 Ἰορδάνου,
818 3167 855 3253 ἢ,
886 3166 1083 3256 ’Τπέστρεψεν
1105 3167 1220 3252 Ἰησοῦς
1236 3176 1273 3259 τῇ
1291 3166 1420 3253 δυνάμει
1465 3164 1484 3177 ”

254 3280 308 3340 τοῦ
322 3271 501 3358 πνεύματος,
530 3270 567 3357 ἢ,
605 3271 645 3338 Τά
663 3273 872 3360 γεγεννημένον
892 3275 925 3338 ἐκ
940 3278 994 3337 τοῦ
1012 3269 1178 3354 πνεύματος
1196 3268 1313 3354 πνεῦμά
1329 3272 1418 3350 ἐστιν,

254 3374 359 3459 ὅμοιον
375 3382 417 3464 τῷ
432 3379 540 3456 εἰπεῖν,
562 3374 603 3440 Ὃ
620 3376 739 3461 γέγονεν
755 3377 787 3440 ἐν
803 3371 883 3464 αῦτῷ
899 3373 958 3456 ζωή
973 3366 1026 3458 ἦν,
1057 3373 1091 3457 ἢ,
1115 3370 1206 3459 Κάγά
1223 3374 1420 3459 παρακαλέσι

252 3476 306 3545 τάν
325 3480 498 3565 1θπατέρα,
519 3480 571 3544 καί
589 3476 677 3543 άλλον
695 3475 894 3562 Παράκλητου
910 3476 999 3543 δάσει
1013 3473 1085 3559 ῦμῖν
1098 3474 1131 3541 τά
1148 3482 1263 3557 πνεῦμα
1278 3481 1331 3557 τῆς
1345 3473 1419 3558 άλη-

252 3584 355 3661 θείας,
384 3580 420 3664 ή,
452 3579 512 3647 Διά
532 3584 560 3646 τί
575 3578 725 3665 ἐπλήρωσε
740 3577 795 3661 τήν
815 3582 941 3665 καρδίαν
956 3601 1011 3645 σου
1027 3575 1046 3645 o‘
1061 3585 1213 3657 Σατανᾶς,
1242 3584 1285 3666 τῷ
1297 3574 1420 3667 Ἀνανίρ

259 3685 408 3770 1’λέγων,
436 3684 610 3766 ψεύσασθαί
632 3703 664 3746 σε
681 3680 714 3748 τά
734 3688 852 3762 πνεῦμα
869 3680 902 3747 τῦ
921 3680 1021 3768 άγιονς
1051 3684 1102 3747 καί
1122 3678 1193 3764 μετά
1209 3687 1316 3763 ταῦτα,
1350 3676 1419 3746 Οῦκ

253 3783 431 3872 άνθροέποις
453 3787 587 3870 ἐψεάσω,
618 3780 690 3848 άλλά
715 3789 832 3872 Πθεῷ.
866 3782 944 3868 ’Ἆρα
966 3783 1040 3860 θεάς
1058 3787 1091 3849 ἐκ
1109 3789 1201 3861 θεοῦ,
1235 3784 1328 3847 ιοιιαλ
1342 3781 1420 3860 θεδς

252 3886 286 3954 τά
304 3897 421 3973 πνεῦμα
436 3887 470 3955 τῦ
487 3888 590 3975 ἅγιον,
613 3878 638 3976 ᾧ
656 3883 820 3969 ἐψεύσαντο
838 3888 936 3953 οίτοῦ
948 3885 1111 3972 τιμήματος
1124 3889 1299 3968 τοῦχωρίου
1313 3907 1420 3964 νοσφι-

252 3989 381 4074 σάμενον.
416 3989 472 4072 Ἦ,
507 3989 602 4066 ιλὋς
625 3987 803 4075 ἐφανεράθη
823 3990 855 4056 ἐν
881 3992 986 4076 σαρκί,
1016 3987 1182 4071 ἐδικαιάθη
1207 3989 1240 4052 ἐν
1261 3984 1418 4070 πνεῦματτ.

288 4130 345 4181 Gn.
366 4132 411 4181 vl.
428 4158 461 4168 -
484 4132 505 4181 1.
524 4123 601 4182 ’λλλά
616 4127 660 4181 καλ
674 4124 722 4195 τήν
733 4131 816 4181 Amor.
885 4128 909 4182 6.
927 4125 985 4213 παρ’
1003 4123 1074 4198 αῦτῷ
1093 4123 1170 4196 μονήν
1187 4129 1238 4178 cod.
1256 4128 1352 4190 λλλαλέρ.

286 4198 311 4250 2
328 4192 418 4266 Ἰησοῦ
440 4196 552 4265 Χριστοῦ
569 4198 613 4251 τοῦ
632 4195 717 4264 κυρίου
733 4192 818 4264 ήμῶν,
885 4198 909 4250 7.
928 4194 960 4249 ἐπ
985 4195 1032 4262 ἐμὲ
1049 4213 1094 4247 οτι.
1109 4199 1194 4250 Amor.

253 4265 299 4319 καλ
315 4265 341 4320 ἐν
358 4263 483 4333 πνεύματι
494 4270 580 4319 Amor.
884 4266 908 4317 ὅ.
927 4260 941 4318 δ
959 4262 1020 4324 θείς
1036 4281 1083 4316 om.
1096 4269 1179 4319 Λοεντ.

286 4333 313 4387 3.
331 4333 355 4387 τί
373 4332 409 4401 μή
423 4338 508 4387 Αποοτ.
885 4330 910 4384 9.
928 4330 951 4384 εἰ
962 4336 1047 4385 Αιιεοτ.

287 4397 312 4452 4.
329 4399 447 4469 καθάπερ
458 4405 544 4456 Αιιοοτ.
888 4400 926 4451 10.
940 4397 989 4467 τήν
1005 4417 1034 4454 τε
1046 4404 1131 4455 Αιιοοι.

287 4470 310 4520 5·
339 4469 444 4529 εἰσέλθω
469 4468 521 4539 ἐγιί
546 4468 592 4524 καί
615 4466 747 4538 άπαεήρ,
774 4467 819 4523 καλ
889 4469 926 4520 11.
943 4466 988 4522 τοῦ
1005 4467 1101 4535 πατρός
1117 4488 1164 4536 μου
1181 4466 1210 4522 τὸ
1229 4470 1317 4521 λαλοῦν
1329 4472 1420 4525 Auem
1489 4450 1501 4483 ⁸

255 4534 429 4609 lednoor.
888 4535 927 4587 12.
946 4534 1047 4608 ἐκβάλω
1065 4540 1134 4589 coda.
1152 4553 1206 4589 ιιιιι.
1225 4542 1247 4587 τί
1263 4538 1299 4587 ιιλ
1314 4541 1403 4602 ρελιιιι.μ
1446 4570 1452 4579 -
1482 4526 1504 4567 ⁴
