3096 5070
402 323 536 377 rinnau
554 320 617 374 me.
637 321 679 374 ur.
697 320 779 374 rou.
799 322 817 372 r.
835 320 934 374 uren.
953 319 1060 372 uxxir.
1270 304 1311 369 tlt

155 447 326 526 inanimam,
358 445 527 508 etbomana
552 442 645 505 solam
663 452 726 505 arte
744 450 942 505 constantem.
987 436 1124 502 Viventis
1144 450 1241 503 antem
1264 439 1311 502 dei
1419 518 1423 528 Ι

154 525 303 613 viventem
327 547 484 630 imaginem
504 564 571 607 esse
591 564 702 627 negas,
736 552 786 606 ant
801 541 960 606 essentiam
978 542 1140 619 essentiae,
1174 552 1224 605 ant
1240 562 1311 605 coo·

153 650 230 728 silii,
264 648 383 713 virtatis
398 669 432 710 ac
448 646 576 730 gloriae,
607 646 780 724 consilium,
811 644 950 708 virtutem
969 664 1003 706 ec
1020 643 1160 727 gloriam,
1191 643 1311 706 otbaec

154 754 252 836 imago
271 752 308 815 ab
329 772 365 814 eo
384 750 467 813 cuins
491 748 588 829 imago
612 757 658 809 est
677 747 754 810 nulla
771 747 799 809 iu
819 767 850 809 re
866 746 1023 830 discrepet.
1071 742 1130 808 fam
1151 766 1215 808 cum
1232 745 1311 810 nulla

155 874 187 916 re
204 854 372 936 discrepare
390 850 513 927 dicitnr,
538 869 595 911 nou
612 848 731 929 perinde
752 859 797 911 est
814 869 849 911 ac
864 847 888 910 si
904 847 1063 932 ingenitam
1080 866 1148 910 esse
1165 847 1311 910 fateremi-

154 956 202 1033 ni,
236 957 287 1016 sed
306 952 376 1015 illud
393 951 486 1014 solum
505 950 688 1029 ostenditur,
720 951 754 1012 ad
779 959 919 1035 paternae
943 948 1081 1012 bonitatis
1104 960 1134 1011 et
1151 948 1311 1014 divinitatis

154 1068 182 1118 et
202 1053 327 1119 actionis
345 1054 441 1115 omnis
463 1052 615 1136 exemplar
635 1051 826 1115 exactissime
854 1051 1128 1134 absolutissimeque
1145 1071 1212 1114 esse
1233 1049 1311 1114 illam

155 1176 341 1239 expressam.
386 1152 500 1217 Deinde
515 1154 600 1238 paulo
617 1164 698 1238 poste
723 1159 804 1216 Muta
821 1167 869 1215 tao
887 1158 938 1215 ilfa
954 1176 1015 1214 esse
1028 1156 1125 1215 dolosa
1137 1154 1213 1215 fabata
1229 1173 1312 1233 opor·
1325 1161 1411 1257 ‘3⁸¹¹ss

149 1262 250 1331 lebat,
280 1279 351 1339 qaae
374 1260 527 1338 loquantur
541 1259 676 1317 adversas
699 1260 778 1317 deam
797 1261 964 1318 inabstr'tiam
981 1278 1043 1317 cum
1058 1258 1190 1336 superbiit
1205 1266 1312 1317 eteor-
1364 1244 1372 1271 ’
1412 1242 1419 1255 ’

157 1372 270 1441 tempta.
317 1357 433 1422 Etenim
453 1358 535 1420 solas
552 1357 645 1420 solum
669 1368 752 1442 pater
766 1358 883 1421 unicum
901 1358 988 1420 liliam
1008 1358 1122 1439 genuit.
1170 1354 1313 1440 Quamvis

156 1461 272 1524 minime
289 1461 317 1524 id
337 1460 387 1523 tibi
404 1460 536 1545 placeat,
569 1461 615 1523 cni
638 1460 715 1522 aliud
739 1460 824 1524 modo
845 1460 951 1547 placet.
996 1457 1103 1544 Neque
1119 1479 1191 1522 vero
1207 1482 1223 1523 a
1241 1480 1312 1543 quo

155 1567 218 1628 dam
237 1562 508 1628 Valentinianorum
528 1563 664 1625 Aeonum
690 1561 833 1648 principio
851 1562 925 1625 lilius
950 1561 1112 1646 processit,
1145 1562 1197 1625 sed
1214 1583 1231 1626 a
1247 1561 1312 1626 solo

153 1677 236 1752 patre
249 1666 367 1750 genitus
383 1675 447 1744 estp
481 1665 550 1726 item
568 1664 718 1748 perfectus
739 1665 897 1749 perfectum
915 1663 1027 1747 genuit.
1072 1662 1155 1728 Nihil
1173 1663 1249 1728 enim
1268 1665 1313 1727 in·

152 1780 198 1832 est
215 1768 416 1853 imperfectum
431 1767 461 1830 io
479 1776 581 1853 paneg
612 1765 679 1828 ideo
700 1785 755 1827 nec
772 1765 802 1827 in
817 1765 875 1828 lilio
894 1777 989 1850 potest
1004 1766 1120 1843 inesse,
1152 1788 1217 1829 eum
1234 1767 1312 1831 illins

152 1869 344 1956 perfeetionis
370 1889 443 1952 qnae
467 1866 678 1953 perfectionem
700 1887 815 1930 omnem
844 1878 964 1952 superat
985 1888 1144 1952 germanos
1162 1870 1257 1933 foetus
1274 1871 1313 1933 sit

155 1972 204 2034 blii
229 1971 383 2053 perfectio.
430 1967 489 2033 Sed
514 1980 543 2031 et
564 1990 620 2033 rex
640 1989 740 2053 regem
767 1968 879 2052 gerunt.
926 1967 1038 2032 Pietate
1063 1971 1167 2056 quippe
1186 1992 1312 2035 conseo·

156 2084 274 2134 taneum
290 2082 337 2134 est
356 2092 481 2156 regnare
496 2072 598 2150 deum,
631 2093 696 2135 cum
715 2072 833 2135 interim
856 2071 972 2155 genitus
995 2082 1063 2134 ante
1082 2073 1200 2136 saecula
1224 2075 1310 2152 lilios,

153 2173 288 2257 idemque
305 2192 359 2236 rex
379 2194 471 2258 regno
487 2172 608 2236 alterins
625 2173 793 2250 subiectus,
818 2193 972 2258 perquem
991 2173 1082 2259 ipsius
1102 2196 1193 2258 regan
1212 2186 1312 2240 cetera

153 2276 321 2349 subiacent,
350 2275 513 2338 subiectum
535 2295 568 2337 se
584 2296 651 2339 csse
667 2287 751 2358 grato
769 2276 865 2339 animo
887 2277 1022 2338 fateatur.
1068 2275 1138 2341 Non
1156 2278 1234 2341 euim
1253 2279 1312 2363 pri·

152 2389 271 2455 vatum,
295 2377 347 2441 sed
366 2397 465 2459 regem
485 2376 564 2440 illum
583 2377 686 2460 genuit
700 2379 782 2462 regni
799 2378 844 2442 sui
861 2389 958 2463 pater,
994 2379 1069 2462 quod
1088 2399 1182 2464 neque
1201 2392 1312 2466 tempo·

157 2481 199 2544 ris
219 2480 319 2557 initio,
355 2499 449 2564 neque
468 2479 545 2541 vitae
568 2479 625 2542 bne
649 2480 899 2566 circumscriptum
917 2490 973 2544 cst.
1020 2477 1165 2563 Quoniam
1190 2484 1253 2547 eins
1270 2482 1313 2547 di·

154 2583 253 2665 gnitas
273 2603 330 2644 oon
353 2581 541 2645 extrinsecos
560 2582 688 2659 adscita,
712 2583 763 2645 sed
782 2593 811 2645 ut
828 2583 858 2645 in
876 2593 976 2667 patre,
1011 2603 1027 2645 a
1047 2604 1103 2666 quo
1120 2584 1237 2666 genitus
1253 2597 1311 2665 est,

157 2684 192 2745 ad
209 2683 368 2746 essentiam
387 2683 480 2767 ipsam
499 2683 637 2768 pertinet.
684 2681 730 2749 0b
748 2685 776 2748 id
795 2685 934 2769 seriptum
951 2684 1020 2748 illud
1038 2696 1102 2764 est,
1125 2690 1165 2748 Et
1179 2692 1312 2768 regar'r'l·
1324 2702 1451 2760 noema

157 2788 211 2847 laice
236 2807 291 2846 non
313 2788 465 2864 err'tfiarlr.
520 2783 632 2848 Eodem
663 2787 748 2850 modo
776 2799 806 2850 et
830 2777 1152 2867 dominus'domionm,
1187 2800 1218 2851 et
1241 2790 1313 2854 deus

157 2886 259 2963 deum,
284 2885 326 2949 oti
344 2907 397 2949 nos
414 2886 592 2965 asserimus,
624 2889 736 2971 genuit.
783 2887 899 2972 Atque,
932 2899 1038 2953 utnao
1057 2889 1310 2971 verbodeboiam,

157 2987 323 3067 essentiae,
347 2989 478 3066 corisilii,
503 2989 637 3069 virtutis,
662 3001 692 3053 et
705 2991 817 3075 gloriae
832 3013 889 3054 noo
905 3002 1010 3054 mutam
1029 3012 1063 3054 ac
1081 3003 1223 3056 mortuam
1239 2995 1312 3058 ima-

155 3090 271 3174 ginem,
302 3091 353 3154 sed
370 3092 499 3154 essentia
517 3092 758 3176 consultandiqne
776 3094 805 3155 vi
826 3094 1001 3178 praeditam,
1033 3106 1250 3180 aopotentem,
1282 3108 1313 3161 et

152 3193 311 3276 gloriosam
339 3213 406 3256 esse
429 3193 624 3257 defendimus.
672 3192 774 3257 Virtus
799 3196 875 3258 enim
899 3194 1126 3260 imbecillitatem
1145 3220 1203 3261 aon
1221 3220 1311 3282 gene-

152 3306 214 3374 rat,
239 3294 291 3357 sed
306 3294 399 3379 ipsam
417 3315 470 3380 per
485 3316 552 3359 sese
567 3295 717 3360 virtutem.
765 3293 807 3360 lta
822 3297 916 3382 gloria
930 3320 988 3361 non
1005 3298 1234 3382 ignobilitatem,
1259 3302 1311 3365 sed

152 3397 295 3478 gloriam
330 3398 484 3461 eonsilium
504 3419 562 3460 riou
580 3397 695 3461 consilii
712 3420 821 3483 expers
838 3399 963 3484 aliquid,
994 3402 1091 3464 sedet
1108 3402 1199 3486 ipsum
1214 3402 1311 3466 consi·

153 3497 239 3577 liom3
274 3500 404 3564 essentia
429 3500 553 3584 deniqne
578 3521 636 3563 ooo
654 3502 782 3565 essentia
801 3523 906 3565 carens
923 3502 1048 3587 aliquid,
1081 3505 1132 3568 sed
1148 3505 1310 3588 'essentiam

153 3596 256 3679 gignit.
302 3599 404 3683 Quare
422 3602 544 3665 verbum
565 3603 659 3688 ipsum
677 3603 775 3688 imago
793 3604 865 3668 deus
884 3615 946 3684 est,
980 3606 1141 3690 vivensque
1166 3605 1310 3690 sapientia

153 3699 332 3778 subsistens,
356 3703 478 3766 verbum
497 3705 617 3781 efficax,
642 3716 671 3768 et
688 3707 780 3784 lilius,
804 3707 964 3791 eademqne
982 3706 1030 3771 itta
1048 3707 1191 3792 sapientia
1207 3728 1310 3772 essen·

151 3800 219 3862 tiam
247 3800 344 3863 babet.
391 3803 473 3866 liaeo
496 3806 573 3868 euim
596 3818 641 3868 est
667 3829 722 3891 qua
747 3830 781 3871 se
799 3808 926 3892 quotidie
949 3814 1018 3871 dens
1040 3811 1212 3884 oblectabat,
1246 3833 1454 3901 cumam„

149 3903 278 3963 absoluto
293 3914 433 3965 terraram
449 3907 517 3965 orbe
528 3909 681 3983 gaudebat.
728 3907 812 3991 Quae
829 3909 943 3992 quidem
962 3913 1057 3973 omnia
1075 3933 1139 3973 cum
1158 3922 1199 3986 tn,
1224 3909 1307 3976 Mar·

150 4005 240 4080 celle,
276 4025 374 4066 coram
399 4005 563 4068 hominibus
587 4027 695 4090 neges,
727 4013 842 4089 negabit
857 4025 886 4073 et
900 4015 951 4073 r'lla
970 4024 997 4073 te
1012 4034 1106 4072 eoram
1125 4026 1224 4093 patre,
1258 4021 1417 4097 peierante

144 4106 177 4166 *in
196 4110 282 4168 coelr's
296 4119 348 4167 est.
381 4105 550 4190 Negaberis
568 4129 639 4170 vero
663 4121 818 4192 praeterea
837 4124 866 4174 et
883 4135 982 4176 coram
1000 4113 1137 4193 eeclesia,
1162 4138 1235 4201 quae
1252 4118 1306 4182 sub
1348 4084 1381 4140 ¹⁰'
1393 4085 1426 4130 Ἀ

148 4209 232 4270 coelo
249 4219 311 4286 est,
334 4230 407 4293 qnae
428 4208 534 4293 ubique
554 4220 696 4274 terrarum
714 4214 749 4275 de
769 4223 799 4274 te
817 4214 935 4291 scribit,
959 4219 1042 4278 Audi
1055 4219 1166 4280 verbnm
1182 4225 1303 4285 dombrr'r
1320 4236 1365 4282 tar.
1379 4238 1458 4293 tnta

144 4392 217 4441 neque
234 4382 259 4430 in
275 4382 352 4431 tattna
367 4383 434 4431 ittam
447 4383 588 4442 scripturam
602 4387 662 4434 tueri
675 4387 711 4435 of·
744 4387 767 4437 ft.
779 4400 799 4436 e.
819 4383 929 4451 Cormge.

146 4448 251 4497 deumne.
285 4451 458 4507 decedendum
476 4452 548 4512 tpttur
564 4457 614 4502 erat
631 4451 711 4514 (fora,
781 4453 819 4504 10.
838 4449 946 4520 ἐναργής
961 4457 1029 4506 codd
1047 4471 1102 4509 rasa.
1119 4464 1219 4523 maone.
