3096 5070
434 306 573 361 rnusnn
591 309 654 362 uta.
670 309 715 360 ιιι.
732 308 814 361 ron.
828 310 848 359 ι.
864 307 966 360 nsua.
983 307 1103 359 cxxvi.
1288 294 1350 360 209

150 400 158 413 ο
194 439 255 510 cat,
278 447 375 512 neque
394 429 546 513 quicquam
565 439 610 491 est
631 429 661 493 in
680 427 725 491 bis
743 448 818 512 quae
834 427 919 490 nobis
937 448 953 489 a
969 427 1024 490 deo
1040 447 1092 511 per
1105 426 1255 511 apostolos
1274 428 1351 491 sulu-

194 529 285 597 briter
308 530 440 594 nuntiata
461 542 531 595 sunt
555 532 725 616 discrepans
749 552 784 594 ac
809 531 968 593 diversum.
1022 527 1082 594 Sed
1110 528 1245 593 nimirum
1268 530 1352 594 Ano-

192 654 295 699 nocus
312 633 362 698 illc
375 655 441 697 cum
460 634 523 698 suis
542 634 645 699 relicta
659 634 794 697 veritatis
810 634 877 711 vie,
901 633 936 695 ed
954 652 1087 695 errorum
1104 632 1276 695 diverticula
1294 644 1353 696 tra·

191 736 297 803 dactus
313 746 377 815 cst,
411 757 621 822 perperamque
637 737 752 800 divinas
770 735 932 799 sententias
949 734 1107 798 intellexit.
1153 732 1198 798 lta
1215 736 1353 821 deinceps

190 839 227 904 sd
253 839 466 925 disputationes
496 839 725 924 venetiarumque
748 838 974 923 disceptationes
1001 836 1098 900 animo
1119 857 1153 900 uc
1176 848 1274 900 mente
1305 837 1353 901 isti

190 941 329 1007 conversi
346 963 362 1006 e
378 943 506 1005 veritate
521 941 688 1005 resilientes
712 939 889 1005 coelestibus
908 939 1094 1003 exciderunt.
1141 935 1200 1021 Qui
1218 940 1243 1003 si
1262 961 1353 1004 erare·

189 1043 315 1129 gelisam
329 1043 423 1108 lucem
441 1044 587 1108 mentibus
604 1044 667 1107 suis
681 1044 836 1107 admittere
853 1042 1012 1119 voluerint,
1037 1042 1074 1105 ab
1093 1062 1264 1127 unoquoque
1284 1064 1352 1128 pro·

190 1146 345 1232 modum
376 1146 503 1209 dictione
534 1147 717 1210 refellentur.
769 1144 925 1230 Nusquam
954 1145 1030 1209 enim
1057 1145 1160 1209 unicus
1183 1145 1229 1209 dei
1259 1146 1351 1224 lilius,

194 1248 282 1315 αἱιω
301 1260 369 1335 post
384 1259 561 1333 assumptum
581 1249 705 1312 bominis
723 1270 860 1325 carnem,
885 1248 925 1311 ita
940 1248 1055 1311 locutus
1072 1258 1134 1310 ests
1167 1245 1226 1330 Qui
1241 1250 1355 1312 creavit

193 1366 242 1417 ns
255 1362 339 1437 pater
353 1350 433 1415 misit
445 1372 510 1429 me3
542 1372 637 1436 neque
659 1363 710 1416 eut
726 1354 755 1415 in
773 1351 928 1435 evangelio
946 1350 1040 1413 autin
1059 1361 1160 1414 vetere
1177 1360 1353 1414 testamento

196 1455 552 1539 psteruuqusmodeum
576 1455 690 1517 modum
716 1454 872 1517 disseruit:
904 1449 1014 1517 Crcavi
1035 1452 1120 1516 vobis
1146 1452 1255 1531 lilium3
1287 1453 1352 1532 sed,

197 1556 446 1638 tht'tmapatcr,
477 1566 526 1636 et,
550 1561 641 1619 Exivi
654 1569 785 1638 epatre,
817 1560 941 1618 otrodo.
989 1554 1080 1619 item:
1114 1559 1272 1633 (lur'esta'n
1288 1561 1353 1618 scitu
1392 1573 1472 1619 ιοιιιι.

193 1662 302 1741 ptris,
332 1668 380 1738 et,
410 1660 523 1720 uerbum
540 1671 604 1721 erut
624 1664 701 1741 opud
721 1664 818 1733 deum,
851 1671 879 1720 et
899 1662 967 1721 deus
982 1671 1048 1720 erut
1063 1660 1186 1720 verdum.
1232 1655 1351 1722 lnbeita
1390 1628 1472 1722 litii·

195 1770 265 1825 sunl
284 1781 359 1846 quac
381 1761 417 1824 de
440 1761 543 1825 salotis
567 1773 688 1826 nostroe
707 1760 857 1848 mysteriis
881 1759 979 1823 uuimo
1002 1759 1116 1845 concipi
1142 1771 1284 1844 possunt,
1314 1781 1351 1824 ne
1365 1731 1507 1832 miilii'ru.

195 1882 251 1927 soa
265 1863 371 1928 diaboli
387 1863 472 1928 istius
487 1864 710 1949 praestigiorum
730 1863 908 1947 artiiiciique
927 1863 1013 1948 plens
1035 1863 1166 1926 doctriua
1189 1864 1351 1928 circumve·
1362 1833 1440 1878 Μ
1454 1835 1475 1891 ι’
1489 1834 1508 1877 ¹'

195 1963 270 2029 nist.
315 1963 430 2052 Quippe
453 1965 585 2031 diabolus
605 1966 744 2053 perdendi
766 1967 885 2050 generis
902 1965 1019 2028 bomani
1037 1964 1177 2050 cupidus,
1209 1967 1355 2031 eiusdem·

195 2088 254 2153 que
270 2067 379 2151 gloriae
395 2067 543 2147 invidens,
567 2069 666 2133 varias
682 2070 812 2132 admovit
827 2068 993 2146 machinas,
1018 2069 1140 2152 primurn
1158 2069 1353 2153 ignorantiae,

195 2178 257 2233 tum
272 2168 474 2248 idololatriac,
499 2182 565 2256 post
581 2172 653 2234 bees
669 2171 882 2257 improbitatis,
907 2171 961 2233 boc
980 2192 1053 2234 vero
1071 2171 1208 2256 deinceps
1224 2182 1355 2258 tempore

193 2270 362 2336 baereticae
382 2272 546 2337 calliditatis
568 2284 600 2337 et
613 2274 741 2354 erroris,
766 2284 798 2337 ut
814 2293 995 2358 quacumque
1011 2274 1124 2336 ratione
1146 2286 1247 2359 posset
1263 2275 1355 2339 bomi-

192 2393 260 2438 uam
284 2394 301 2439 e
324 2373 408 2437 coelo
431 2373 583 2440 deiiceret.

280 2474 378 2560 Quam
395 2479 484 2544 mults
500 2499 573 2542 vero
589 2488 674 2556 sunt,
698 2477 906 2558 oAnomoee,
930 2499 1005 2563 quse
1022 2479 1165 2543 adversus
1184 2490 1263 2544 tuum
1281 2481 1350 2545 illud
1372 2504 1433 2572 cap.
1451 2505 1485 2555 x,

193 2578 301 2665 &puts
324 2578 435 2664 ingenii
452 2582 545 2645 nostri
570 2580 765 2644 mediocritati
784 2581 959 2667 suppetunt!
1005 2578 1165 2644 Praeclare
1182 2601 1254 2646 vero
1273 2582 1355 2647 Ano·

195 2701 318 2760 mous,
342 2681 397 2745 boc
414 2695 460 2747 est
476 2682 654 2761 Dissimilis,
679 2683 853 2768 appellaris3
877 2684 984 2768 quippe
1000 2684 1048 2767 qui
1066 2682 1101 2747 ub
1120 2683 1287 2748 bominibus
1307 2687 1354 2750 dei

197 2784 340 2868 sapientia
368 2806 511 2870 veraque-
524 2787 580 2849 bde
600 2786 741 2870 praeditis
760 2785 890 2848 moribus
908 2806 943 2849 nc
962 2796 1060 2850 mente
1082 2786 1236 2851 dissideas.
1281 2785 1352 2852 Non

199 2886 276 2950 cuim
291 2907 332 2951 ss
350 2907 387 2952 eo
405 2890 480 2972 quod
499 2908 673 2974 progressus
694 2888 722 2950 in
749 2887 858 2950 virtute
887 2889 995 2952 leceris
1017 2898 1185 2952 ceterorum
1208 2888 1355 2953 bominum

201 2986 349 3054 dissimilis
365 2991 505 3070 evasisti,
532 2990 584 3054 sed
601 3011 667 3054 cum
683 2989 720 3051 ab
738 2990 873 3053 veritatis
889 2991 936 3055 via
956 2991 1133 3070 deflexeris,
1147 2991 1193 3071 ,ab
1211 2993 1355 3057 ecclesiae

200 3088 249 3155 toi
263 3090 330 3156 stite
345 3093 480 3158 diversus
494 3113 527 3156 es
548 3094 660 3171 loctus3
685 3113 809 3176 cumque
828 3092 874 3156 dei
890 3093 996 3170 filium,
1021 3093 1068 3177 qui
1087 3094 1159 3179 patri
1176 3116 1230 3159 suo
1247 3117 1356 3181 aeque-

200 3190 238 3256 tis
261 3203 324 3275 eat,
357 3196 447 3281 petris
462 3194 651 3259 nibilominus
669 3194 838 3259 dissimilem
858 3215 925 3259 esse
942 3194 1077 3274 soluisti,
1111 3207 1172 3260 tute
1189 3198 1253 3281 ipse
1270 3199 1355 3263 dissi·

200 3293 279 3360 milis
294 3296 383 3378 bristi,
405 3308 436 3362 ct
451 3297 507 3361 boc
522 3320 628 3362 nomen
644 3297 749 3362 merito
764 3318 796 3361 es
813 3308 1001 3378 consecutus,
1034 3319 1070 3362 eo
1087 3300 1163 3383 quod
1189 3311 1355 3365 ceterorum

201 3397 251 3482 qui
274 3398 370 3463 dirius
393 3421 448 3485 ope
471 3401 594 3465 sulutem
618 3401 752 3465 obtinent
773 3401 877 3465 similis
900 3421 969 3465 esse
991 3401 1115 3465 desiisti.

288 3497 397 3565 Verum
415 3523 452 3567 ne
466 3504 496 3567 in
513 3504 724 3588 persequendis
738 3503 815 3567 illius
827 3503 1047 3587 quaestionibus
1063 3514 1177 3588 tempus
1192 3515 1354 3585 conteram,

202 3621 259 3687 spo
274 3621 315 3665 ex
332 3602 485 3687 ipsiusmet
502 3606 620 3683 verbis,
645 3626 719 3689 quoe
735 3605 765 3668 in
783 3605 931 3669 nonnullis
948 3606 983 3668 ad
998 3607 1137 3689 quosdam
1154 3605 1357 3689 disputationi-

201 3703 256 3769 lttts
281 3703 415 3793 scripsit,
448 3708 484 3771 ad
508 3708 588 3772 illum
614 3708 821 3770 confutandum
847 3707 1064 3791 aggrediamur.
1110 3705 1230 3771 Etenim
1254 3708 1304 3771 illo
1325 3710 1356 3772 in

199 3828 309 3895 opum
341 3810 419 3874 unde
443 3811 515 3875 baec
542 3820 683 3893 excerpta
709 3820 793 3888 sunt,
825 3809 1049 3893 disputationem
1076 3812 1220 3894 quandem
1246 3811 1357 3876 erroris

199 3910 313 3997 plenam
332 3912 477 3993 instituit3
509 3932 563 3975 nec
581 3912 610 3975 in
634 3933 671 3974 eo
696 3909 770 3973 libro
788 3912 835 3974 vel
854 3911 972 3974 minime
991 3933 1053 3975 vox
1072 3921 1119 3976 est
1135 3933 1208 3996 quoe
1228 3933 1293 3976 cum
1312 3914 1357 3976 in·

200 4022 283 4099 thn
299 4014 482 4101 simplicique
498 4014 571 4093 bde,
595 4005 680 4098 quam
696 4022 816 4077 sanctus
831 4032 866 4075 ac
884 4025 1054 4078 mensuetus
1072 4013 1121 4076 illc
1140 4013 1262 4098 spiritus
1280 4015 1359 4078 ordi·

150 4132 153 4137 '
201 4117 301 4197 navit,
327 4118 489 4181 cohaerere
504 4117 649 4180 videntur.
696 4114 756 4181 Sed
777 4115 871 4200 primo
887 4115 953 4178 loco
972 4114 1250 4179 lucubratiunculam
1268 4118 1358 4195 illius,

202 4238 277 4304 quac
301 4221 338 4284 ad
358 4239 462 4284 manus
486 4229 603 4281 nostres
624 4219 775 4304 pervenit,
806 4217 1028 4281 adscribendum
1053 4218 1237 4303 putavimus,
1268 4230 1300 4283 ut
1318 4241 1359 4284 ex

201 4320 356 4408 ipsiusmet
371 4321 488 4406 scriptis
500 4321 645 4385 adversus
660 4321 740 4386 illum
757 4321 905 4408 disputare
920 4330 952 4384 ct
967 4339 1033 4384 eum
1047 4320 1185 4384 refellere
1200 4322 1357 4407 possimus.

254 4435 344 4494 corpus
355 4435 492 4482 mommo
500 4434 530 4482 11.
538 4435 559 4480 t.
1116 4445 1156 4510 14
