3096 5070
432 280 850 336 spumantemamnem.
868 278 969 331 nana.
981 279 1112 332 dxxvii.
1282 266 1344 330 349

191 402 347 467 transtulit.
394 402 592 487 Quamobrem
617 423 682 465 eum
707 401 763 465 boc
787 421 804 464 a
827 400 954 464 satellite
975 400 1143 482 vapularet,
1175 398 1258 484 quasi
1281 399 1344 484 ipse

188 516 355 592 pateretur,
380 511 528 587 (tacilone,
552 504 662 588 inquit,
694 508 812 565 ccedb?
841 523 964 586 eumque
981 504 1061 585 tangi
1079 512 1182 566 aratura
1200 523 1258 565 non
1274 523 1342 586 pos-
1384 516 1464 560 ιοιιι,

188 619 250 687 ιιι,
286 609 474 673 nihilomiuus
500 605 592 683 dixit,
625 611 748 668 Dorsum
774 628 861 667 meum
886 609 954 666 dedi
974 609 1003 666 in
1017 608 1157 688 flagella,
1191 616 1220 666 et
1239 606 1342 686 suesbm
1382 569 1457 623 m

187 733 275 773 orcum
288 735 344 774 non
356 717 479 774 anern'o
494 715 595 791 apotr's.
642 704 728 790 Quae
746 707 823 770 enim
844 706 968 770 bumana
987 707 1069 769 verbi
1088 717 1193 771 natura
1212 705 1340 791 patieba·
1353 722 1409 767 unct
1422 722 1485 780 ene

188 823 253 893 tur,
287 813 359 877 baec
376 818 534 899 ipsummet
550 810 673 874 verbum
692 810 721 873 iu
740 830 808 873 ιιιι
826 811 987 873 transferre
1010 810 1121 887 voluit,
1155 819 1187 871 nt
1202 830 1256 872 uos
1271 807 1344 873 divi-

189 915 290 979 nitatis
317 916 399 979 verbi
425 912 583 1000 participes
610 933 677 976 csse
702 933 866 995 possemus.
913 909 980 994 Qua
1003 912 1031 975 in
1052 931 1086 981 m
1102 911 1253 996 singulare
1276 910 1344 973 illud

189 1017 313 1096 eccidit,
348 1017 424 1081 idem
443 1028 477 1081 ιιι
500 1015 727 1102 patiensesset‚
763 1024 793 1077 et
811 1012 882 1077 nihil
906 1014 1039 1099 patiens,
1073 1014 1187 1099 paticus
1214 1013 1342 1098 quidem,

190 1120 266 1204 quod
284 1119 431 1204 proprium
454 1119 519 1184 eius
538 1128 690 1204 pateretur
714 1137 838 1200 corpus,
872 1127 902 1180 et
918 1117 947 1179 in
963 1117 1092 1203 patiente
1107 1115 1172 1202 ipso
1188 1115 1344 1195 resideret,

190 1221 261 1284 nihil
279 1222 394 1307 patiens
413 1242 502 1302 vero,
533 1222 609 1306 quod
626 1241 691 1285 cum
710 1218 833 1283 verbum
851 1231 954 1284 natura
971 1220 1115 1297 deussit,
1148 1218 1185 1282 ab
1199 1218 1278 1282 omni
1296 1238 1346 1301 pa·

190 1321 281 1387 tiendi
303 1324 471 1388 conditione
493 1323 532 1389 sit
553 1324 694 1387 immune.
741 1320 889 1405 Quocirca
915 1323 1037 1386 verbnm
1062 1323 1179 1407 quidem
1202 1319 1296 1405 ipsum
1315 1321 1344 1382 in

190 1425 299 1510 patibili
324 1448 447 1512 corpore
468 1428 672 1511 incorporeum
694 1423 764 1502 luit,
795 1446 901 1510 corpus
926 1435 1022 1488 autem
1046 1424 1204 1510 impatibile
1222 1421 1345 1487 verbum

191 1527 290 1592 babuit
307 1528 336 1592 in
350 1550 437 1609 sese,
462 1529 538 1614 quod
553 1528 599 1592 sui
617 1527 751 1612 corporis
767 1526 982 1591 imbecillitates
1000 1527 1201 1612 extingueret.
1246 1525 1345 1610 Atque

190 1631 245 1695 boc
263 1652 300 1696 eo
316 1632 438 1697 oonsilio
458 1631 599 1710 iaciebat,
622 1631 721 1715 itaque
736 1650 769 1693 se
786 1628 895 1692 babere
909 1630 1065 1709 voluerat,
1088 1640 1122 1694 ιιι
1136 1639 1235 1693 nostra
1252 1628 1346 1692 susci·

191 1734 291 1820 piens,
326 1745 356 1798 ιι
374 1735 404 1799 in
424 1733 600 1800 sacrificinm
626 1732 756 1796 offerens
781 1730 909 1794 [unditus
933 1733 1062 1810 deleret,
1097 1754 1132 1796 ac
1150 1733 1265 1796 demum
1284 1730 1346 1794 suis

191 1857 245 1902 nos
263 1836 476 1921 quodammodo
500 1837 632 1900 vestiens
648 1833 836 1898 occasionem
855 1835 987 1918 apostolo
1004 1835 1088 1898 daret
1103 1835 1159 1899 ista
1177 1834 1343 1898 scribendi:

191 1943 310 2020 Oportet
319 1940 503 2019 corruptibile
514 1938 568 1999 loc
583 1942 700 2000 induere
714 1941 962 2018 rbrorruptt'oncm,
986 1949 1015 1998 et
1029 1942 1147 2000 mortale
1161 1941 1214 1999 boc
1229 1941 1346 1999 induere

192 2044 440 2103 immortalitatem.

276 2139 361 2225 Quae
379 2142 476 2206 omnia
501 2162 560 2205 non
583 2141 649 2205 bete
665 2163 700 2206 ac
719 2141 855 2207 simulate
870 2153 953 2226 gesta
969 2153 1054 2221 sunt,
1088 2141 1204 2206 minime
1230 2142 1344 2227 quidem
1365 2147 1482 2215 captx.

190 2254 224 2308 ut
241 2245 373 2308 nonnulli
392 2265 544 2330 perperam
564 2244 760 2309 arbitrantur:
793 2246 844 2309 sed
863 2266 927 2308 onm
946 2245 1077 2309 salvator
1091 2266 1193 2309 verum
1211 2265 1243 2308 se
1260 2246 1346 2309 lecis-

190 2358 237 2411 ιιι
252 2346 416 2426 bominem,
448 2348 536 2411 totius
561 2357 607 2410 est
626 2347 849 2412 bominissalus
871 2358 1043 2411 consecuta.
1087 2345 1208 2412 Namsi
1227 2348 1346 2413 simula·
1456 2322 1543 2435 [Ὗ

190 2450 271 2514 tione
286 2449 350 2514 sola
376 2449 518 2529 verbum,
552 2459 585 2512 ut
603 2449 645 2513 illi
664 2451 811 2529 sentiunt,
844 2459 925 2514 esset
944 2449 973 2513 in
993 2469 1135 2532 corpore,
1160 2452 1345 2535 quodantem
1398 2436 1478 2495 Νι·
1530 2513 1536 2522 ,

191 2553 379 2618 simulatione
397 2572 464 2616 csse
488 2552 551 2617 sola
567 2552 674 2617 dicitur
696 2552 899 2637 imaginarium
920 2563 980 2631 ιιι,
1016 2573 1201 2637 consequens
1218 2564 1300 2617 esset
1315 2512 1414 2617 ιιινΐ
1443 2600 1484 2645 ,33
1500 2584 1503 2589 ·
1522 2604 1525 2609 .

190 2665 220 2718 et
237 2655 319 2718 salus
338 2655 485 2718 hominnm
506 2674 541 2718 ac
561 2652 743 2718 resurrectio
766 2654 893 2740 imagine
911 2656 974 2718 sola
993 2664 1023 2718 ιι
1039 2655 1259 2719 adumbratione
1283 2655 1346 2719 lieri
1469 2640 1523 2699 ⁴²*

190 2756 354 2835 diceretur,
379 2776 454 2841 qnae
471 2766 518 2819 ιιι
533 2756 612 2842 impii
632 2753 799 2821 Manichaei
814 2756 973 2821 sententia.
1019 2757 1183 2842 anquiren
1201 2759 1264 2822 sola
1280 2778 1346 2843 spe·

191 2858 237 2922 oie
253 2871 419 2944 comparate
437 2859 521 2923 nobis
537 2859 618 2923 salus
636 2844 718 2938 esti*
734 2864 784 2923 αι
800 2858 856 2923 soli
875 2859 982 2924 tributa
1001 2862 1137 2946 corpori,
1168 2862 1220 2925 sed
1237 2860 1290 2924 toti
1305 2860 1348 2923 vi-

192 2958 298 3024 delieet
319 2961 449 3041 bomini,
481 2961 617 3040 animae,
649 2961 785 3045 inquam,
817 2964 935 3048 corpori
958 2963 1039 3028 salus
1062 2974 1108 3028 est
1127 2963 1225 3048 reipsa
1248 2965 1347 3028 conci·

190 3060 272 3127 liata.
319 3061 425 3149 ltaque,
447 3085 553 3150 corpus
578 3064 648 3128 illud
673 3064 848 3144 salvatoris,
879 3066 973 3149 quod,
1009 3077 1040 3129 ut
1058 3087 1161 3131 sacrae
1182 3068 1283 3132 literae
1304 3077 1347 3131 te·
1391 3094 1424 3175 p,

192 3172 323 3244 utantur,
347 3163 480 3231 alliaria
497 3167 678 3250 desumptum
694 3177 758 3246 est,
783 3167 939 3231 homanum
957 3189 992 3231 ac
1007 3190 1110 3233 verum
1129 3171 1238 3234 extitit.
1285 3168 1347 3234 Ve·
1401 3178 1405 3183 '

191 3286 274 3345 rom,
305 3266 441 3352 inquam,
472 3280 629 3355 propterea
646 3270 721 3354 quod
737 3269 813 3333 idem
831 3271 1030 3335 omninocnm
1049 3284 1151 3336 nostro
1170 3274 1235 3336 luit.
1280 3269 1347 3337 tta-

191 3369 237 3432 ria
254 3368 357 3453 quippe
375 3390 462 3434 soror
477 3382 580 3435 nostra
599 3372 671 3451 luit,
703 3394 768 3436 eum
789 3372 824 3436 ab
844 3373 960 3438 Adomo
983 3374 1127 3459 originem
1143 3396 1246 3440 omnes
1261 3396 1345 3439 acee-

191 3469 333 3557 perimus.
377 3469 484 3556 Neque
501 3493 573 3538 vero
597 3474 783 3541 dubitandum
802 3496 836 3540 ca
854 3478 937 3541 dere
958 3477 1086 3562 putabit,
1118 3479 1209 3563 siquis
1230 3497 1266 3540 ea
1285 3498 1346 3541 mc-

190 3572 309 3636 mioerit
334 3593 409 3658 quac
434 3585 537 3639 sunta
558 3572 640 3639 Luce
659 3577 780 3662 scripta.
827 3575 902 3643 Cum
920 3581 999 3644 enim
1024 3591 1090 3666 post
1113 3580 1191 3644 illius
1211 3600 1345 3644 resurre-

191 3675 319 3739 ctionem
341 3675 473 3739 nonnulli
497 3677 718 3762 snspicarentur
739 3701 798 3743 non
817 3680 847 3743 in
867 3683 971 3746 eodem
987 3682 1038 3779 illp
1055 3703 1179 3768 corpore
1198 3682 1273 3767 quod
1293 3703 1347 3746 ex-

191 3798 325 3864 pressum
343 3798 360 3841 e
378 3774 475 3842 Maria
490 3779 586 3842 luerat
603 3779 749 3843 dominum
766 3803 835 3846 sese
851 3785 1003 3864 contueri,
1027 3786 1080 3849 sed
1097 3784 1160 3849 eius
1178 3784 1245 3848 loco
1258 3784 1347 3869 'spiri-

192 3890 252 3944 tum
272 3881 393 3960 ollerri,
425 3879 468 3944 sio
484 3901 537 3945 eos
558 3882 702 3945 allocutus
728 3894 790 3947 cst:
824 3890 920 3948 littetc
935 3910 1036 3950 manns
1053 3899 1083 3950 et
1090 3891 1177 3968 pedes
1195 3910 1283 3962 mcor,
1318 3899 1497 3966 ettonem

190 3988 311 4065 mtu‘giu
328 3987 488 4060 clavorum,
512 3990 642 4066 quonr'um
658 4008 711 4066 ego
727 4007 788 4047 sam
805 3992 879 4068 r'prcc,
908 3994 1023 4072 palpante
1039 4002 1068 4051 et
1081 3994 1184 4065 uidete,
1216 3995 1346 4071 quonium
1531 3966 1541 3991 Ἰ

189 4091 309 4168 cpebitus
336 4109 448 4149 curnem
471 4099 500 4149 et
517 4109 582 4150 osso
600 4111 656 4151 non
673 4091 774 4164 babet,
805 4095 882 4152 siout
902 4114 945 4153 mc
969 4097 1068 4154 ot'detr's
1092 4095 1212 4155 babere:
1245 4095 1346 4174 quobus

191 4192 274 4251 ductis
291 4194 413 4251 ostendit
427 4194 487 4252 illos
503 4213 602 4253 munuc
614 4205 643 4254 et
652 4197 749 4274 pedes.
797 4191 847 4256 Ex
865 4215 922 4278 quo
937 4194 977 4257 illi
996 4195 1213 4280 redarguuntur
1227 4197 1275 4280 qui
1294 4189 1346 4260 do·

224 4323 248 4375 t.
265 4323 367 4393 γέγοιιι
383 4329 447 4378 obest
464 4342 479 4377 o
496 4329 524 4378 Β.
786 4316 819 4394 ηἰι
833 4327 859 4381 ἐν
872 4331 909 4399 τῷ
926 4332 962 4382 ed.
977 4335 1052 4394 princ.
1076 4334 1273 4396 Praepositionem
1288 4338 1347 4386 certe

225 4392 249 4441 b.
267 4390 287 4446 ι’
305 4410 365 4447 our.
384 4410 438 4461 γιγ.
458 4393 483 4449 ἐν
498 4389 571 4466 udrqi
586 4397 624 4466 τῷ
640 4394 708 4466 λόγω
725 4400 753 4449 Β.
786 4400 895 4450 eunmttir
911 4404 1001 4450 notauit
1018 4401 1136 4453 Petuntur

225 4457 251 4511 6.
267 4451 300 4546 sip
317 4459 346 4517 'cd
368 4463 444 4530 σῶμα
461 4463 505 4519 τοῦ
522 4464 608 4532 κυρίου
624 4467 651 4517 Β.
820 4468 846 4519 8.
866 4483 913 4534 με,
930 4467 974 4521 καὶ
988 4472 1016 4519 Β.

226 4527 250 4583 7.
277 4548 309 4598 ην
325 4529 364 4601 aqi
388 4527 429 4598 (τό
455 4535 506 4585 cod
527 4535 587 4603 len)
609 4536 677 4586 codd.
698 4549 752 4587 msa.
821 4533 846 4589 9.
865 4533 989 4600 ἑιιίδιιξιι
1007 4539 1033 4589 ll.
1054 4542 1078 4585 ‘t

1059 4814 1075 4847 θ
