3096 5070
287 286 349 357 558
714 304 836 357 ειααιι
853 305 1023 357 mmm

288 421 364 488 κατά
390 421 573 488 άκολουθίαν
599 423 631 488 έν
654 422 790 511 συντόμῳ
816 421 1003 508 εῦαγγελικῆς
1030 430 1084 488 τοῦ
1109 421 1224 506 κόσμου
1249 427 1447 509 φωταγαγίας

289 524 339 590 διά
350 533 404 590 τοῦ
423 532 553 611 Χριστοῦ
569 527 618 589 καί
636 532 696 589 τῶν
711 533 857 607 μαθητῶν
872 526 966 594 αὐτοῦ
980 528 1205 610 γεγεννημέυης,
1227 523 1275 603 οίς
1290 528 1341 591 καί
1354 525 1446 608 ὅμοια

288 629 420 705 συλλέξαι
446 630 497 692 καὶ
519 630 713 710 παραθέσθαι
737 626 774 690 τά
792 626 1040 712 προθεσπίσματά
1065 653 1095 692 τε
1117 630 1168 692 καὶ
1188 627 1242 703 τάς
1263 634 1457 713 προφητείας.

287 727 348 794 τίπό
368 728 465 813 νόμου
482 731 579 794 τεκαὶ
602 736 746 811 ψαλμῶν,
776 731 826 793 καί
849 737 909 795 τοῖν
923 729 1016 795 ἄλλων
1035 730 1088 805 τάς
1105 727 1287 807 ἀκολουθίας
1304 734 1354 796 καί
1370 730 1447 816 άγω-

287 831 342 917 γάς
361 834 515 896 08έυεστιν
536 834 624 907 ίδεῑν,
653 834 705 896 καὶ
722 829 778 914 τήν
796 831 950 915 ἀκρίβειαν
965 834 1199 915 καταλαβέσθαι,
1229 830 1270 909 σός
1285 833 1321 898 οῦ
1337 832 1446 912 νόθος,

287 931 346 999 ἀλλ’
360 931 486 1016 άληθής,
509 935 560 998 καί
574 941 862 1019 προκαταγγελθεῖσα
878 932 937 999 άπό
955 934 1053 1015 πάσης
1069 942 1122 1017 τῆς
1139 942 1266 1024 παλαιᾶς
1282 934 1446 1018 διαθήκης,

286 1038 337 1103 καί
357 1034 562 1118 άναμφίβολός
583 1039 661 1101 ἔστιν
680 1033 770 1120 ήταῦ
788 1042 921 1119 Χριστοῦ
936 1042 1085 1122 παρουσία
1102 1039 1152 1102 καί
1169 1035 1339 1123 εάαγγελική
1362 1041 1446 1103 διδα-

288 1145 399 1205 σκαλία.
433 1138 500 1202 Ἵνα
515 1139 547 1202 δδ
563 1138 605 1220 μή
620 1142 662 1214 είς
678 1137 771 1223 όγκον
792 1144 969 1223 παρεκτείνει
987 1139 1042 1222 τήν
1060 1147 1113 1222 τῆς
1129 1143 1293 1217 συντάξεως
1310 1167 1447 1226 πραγμα-

288 1247 380 1323 τείαν,
403 1239 519 1316 τούτοις
539 1240 773 1325 ἀρκεσθήσομαι.

376 1342 498 1430 Προϊοίν
521 1343 552 1407 δέ
574 1344 680 1426 έφεξῐγς
704 1340 757 1418 τάς
779 1345 931 1425 μετέπειτα
953 1352 995 1433 τῷ
1021 1349 1077 1434 βίῳ
1102 1348 1275 1426 έπιφυείσας
1295 1347 1345 1410 έπλ
1368 1354 1449 1435 κακῇ

288 1449 440 1533 προφάσει
461 1444 550 1522 δόξας
572 1442 682 1527 όμοίιος
704 1445 919 1531 99διιιγράψοι.

167 1580 219 1630 μς.
232 1566 278 1613 m.
377 1551 438 1614 Καί
456 1556 548 1611 ταῦτα
563 1547 619 1632 γάρ
637 1551 746 1613 ίνεστιν
761 1551 794 1613 έν
810 1555 851 1636 τρῑ
868 1551 994 1637 δευτέρῳ
1012 1548 1094 1637 τόμρι
1109 1555 1162 1614 τοῦ
1177 1547 1298 1632 πρώτου
1315 1552 1446 1632 βιβλίου,

289 1647 526 1734 διαλαμβάνοντα
549 1651 617 1733 περὶ
641 1654 802 1734 δεκατριῶν
824 1652 982 1734 αίρέσεαν,
1012 1643 1055 1715 άν
1079 1650 1181 1734 πριάτη
1198 1648 1219 1733 ή
1234 1659 1288 1716 τοῦ
1307 1657 1448 1734 Σίμωνος

288 1762 344 1821 τοῦ
362 1751 491 1838 Μάγου,
524 1749 558 1826 δς
575 1749 670 1828 εάθός
692 1751 764 1835 μετά
786 1751 919 1835 Χριστόν
940 1756 983 1817 έτι
1005 1752 1215 1838 κηρυσσόντων
1239 1760 1299 1818 τοῖν
1318 1753 1449 1820 άπυστό-

287 1865 347 1923 λων
363 1855 476 1938 ἐφάνη,
499 1852 551 1936 εἶφ’
566 1847 604 1920 οῦ
620 1857 670 1920 καί
688 1857 870 1936 Σιμανιανοί
887 1853 1069 1937 ἐκλήθησαν,
1093 1859 1124 1920 οί
1136 1862 1172 1944 τῇ
1191 1855 1353 1920 100αῦτοῦ
1371 1859 1449 1942 αίρέ-

288 1980 334 2025 σει
359 1961 570 2043 προςκείμενοι.
617 1950 715 2032 Οότος
742 1959 775 2023 ἐκ
800 1945 970 2042 Σαμαρείας
1000 1955 1137 2042 αίρμῦτο,
1168 1956 1271 2040 κόμης
1292 1966 1447 2039 Τιτθῦν,

292 2067 422 2147 Χριστοῦ
448 2060 480 2125 δέ
507 2056 633 2124 άπέδυεν
657 2057 753 2141 ὄνομα
777 2059 878 2141 μόνον.
931 2058 1063 2137 ’Ἕδειξε
1087 2061 1119 2125 δέ
1141 2062 1362 2144 αίσχροποιΐαν,
1392 2061 1447 2143 τήν

291 2167 369 2248 μίξιν
397 2170 548 2246 μολυσμοῦ
573 2169 722 2248 γυναικῶν
752 2160 954 2246 ’άδιάφοροκ
1010 2160 1164 2245 Σωμάτοιν
1187 2163 1219 2226 δέ
1242 2162 1368 2245 άπέβαλε
1389 2163 1443 2244 τήν

291 2264 467 2350 ἀνάστασιν,
498 2267 549 2330 καί
570 2261 623 2330 τόν
639 2262 755 2345 κόσμον
777 2262 818 2346 μή
836 2261 910 2329 είυαι
932 2272 1008 2329 θεοῦ
1023 2267 1108 2349 ἔλεγε.
1153 2264 1269 2331 Είκόνα
1283 2265 1315 2329 ab
1334 2267 1439 2328 έαυτοῦ

290 2369 342 2434 καί
357 2375 410 2451 τῆς
425 2366 480 2432 σῦν
495 2368 576 2454 αὐτῷ
592 2365 706 2451 πόρνης
720 2362 851 2448 Ἑλένης,
874 2363 942 2442 οίςεὶ
957 2365 1032 2442 Διός
1047 2369 1097 2430 καί
1114 2364 1258 2449 Ἀθηνᾶς,
1279 2366 1438 2448 παρεδίδου

290 2479 353 2546 τοῖς
369 2472 477 2535 ἑαυτοῦ
494 2477 644 2551 μαθηταῖς
658 2471 700 2544 είς
714 2467 923 2551 προςκόνησιν.
958 2467 1059 2555 Ἔλεγε
1078 2470 1111 2534 δὲ
1129 2468 1234 2534 ἑαυτόν
1245 2470 1440 2550 Σαμαρείταις

294 2573 347 2655 μέν
367 2571 421 2637 τόν
440 2573 567 2656 πατέρα,
585 2571 751 2646 Ἰουδαίοις
773 2571 805 2635 δέ
825 2568 878 2635 τόν
902 2571 1039 2656 Χριστόν.
1388 2588 1391 2592 ’

377 2675 644 2758 4Μενανδριανοί,
677 2675 709 2737 ot
734 2670 793 2737 άπό
821 2671 1004 2758 Μενάνδρου
1031 2672 1128 2751 τινός,
1164 2672 1223 2750 οδς
1246 2672 1363 2756 διέφερε
1392 2670 1446 2752 μέν

290 2779 368 2845 κατά
388 2803 418 2841 τι
437 2775 513 2861 πρός
535 2773 605 2850 τοός
625 2773 847 2857 Σιμωνιανοός,
878 2774 939 2839 ἇπδ
965 2774 1095 2861 άγγέλιον
1114 2777 1148 2840 δὲ
1163 2778 1241 2862 ἔλεγε
1264 2772 1317 2840 τόν
1331 2771 1448 2854 κόσμον

293 2888 478 2970 γεγενῆσθαι.

380 2983 620 3066 Σατορυιλιανολ,
650 2983 682 3045 οί
693 2979 768 3045 κατά
785 2979 839 3062 τήν
855 2983 971 3064 Συρίαν
987 2978 1040 3062 τήν
1054 2986 1115 3045 τιῦν
1129 2983 1326 3061 Σιμυνιανῶκ
1341 2976 1449 3060 κρατό-

292 3112 393 3163 ναντες
418 3088 642 3170 αἰσχρουργίαν,
672 3085 754 3167 έτερα
779 3079 911 3164 δὲπαρά
937 3080 1007 3157 τοῦς
1024 3079 1231 3164 Σιμανιαυοῦς
1245 3083 1288 3154 εἰς
1309 3081 1449 3160 ἔκπληξιν

292 3191 497 3275 περίττοτέραν
519 3185 727 3270 κηρόττοντες,
757 3181 817 3249 άπό
843 3184 876 3248 δὲ
893 3189 1073 3268 Σατορνίλου
1094 3180 1148 3265 τήν
1169 3179 1262 3264 σἰρχήν
1286 3179 1449 3263 ἐσχηκότες,

293 3293 329 3370 δς
341 3294 393 3357 καί
411 3286 526 3365 οου’τδς
537 3286 613 3353 κατά
629 3289 810 3371 Μένανδρον
826 3282 886 3350 άπδ
906 3285 1035 3371 άγγέλιοκ
1052 3283 1105 3350 τόν
1122 3282 1236 3366 κόσμον
1254 3289 1449 3369 γεγεννῆσθαι

294 3399 419 3477 ἔφασκε,
442 3391 535 3475 μόνον
556 3393 588 3456 δὲ
609 3389 682 3456 ἑπτά
703 3387 785 3473 παρά
805 3386 859 3470 τήν
879 3396 935 3453 τοῦ
957 3386 1019 3453 άνω
1041 3384 1153 3472 πατρός
1173 3385 1300 3472 γνόμην.

379 3495 596 3572 Βασιλιδιανοὶ,
626 3500 678 3575 τῆς
694 3492 786 3573 αὐτῆς
807 3494 1014 3575 αίσχρουργίας
1037 3492 1180 3569 τελεσταί,
1211 3487 1270 3553 άπό
1289 3490 1450 3552 Βασιλίδου

295 3605 375 3666 Ὶτοῦ
393 3597 456 3678 άμα
470 3600 657 3683 Σατορνίλρι,
679 3604 742 3670 τοῖς
755 3600 953 3675 Σιμωνιανοῖς
965 3595 1015 3656 καί
1036 3597 1301 3676 8Μενανδριανοῖς
1317 3598 1453 3671 μεμαθη-

294 3702 451 3786 τευμένου,
474 3697 510 3762 τά
530 3697 620 3779 ὅμοια
641 3698 694 3779 μέν
707 3703 906 3782 φρονοῦντος,
936 3694 1011 3759 κατά
1029 3721 1057 3759 τι
1073 3696 1105 3759 δὲ
1123 3694 1348 3778 διαφερομένου.
1391 3692 1454 3754 Λέ-

294 3830 340 3891 γει
355 3805 387 3868 δὲ
400 3804 589 3886 τριακοσίους
614 3798 753 3882 ἑξήκοντα
768 3801 855 3862 πέντε
871 3795 1019 3881 οὖρανοῦς
1036 3793 1125 3875 είναι,
1156 3798 1206 3860 καί
1226 3792 1366 3868 οτούτοις
1383 3789 1455 3857 όνό-

295 3932 372 3991 ματα
390 3901 527 3991 άγγελικά
542 3904 692 3984 ἐκτίθησι,
714 3899 762 3966 διδ
777 3902 829 3966 καί
844 3899 897 3964 τόν
913 3897 1049 3964 ἐνιαυτόν
1064 3897 1212 3964 τοσσάτιον
1230 3894 1346 3979 ἡμερῶν
1361 3890 1454 3975 εἶναι,

293 4010 346 4074 καί
358 4007 391 4074 τό
411 4003 599 4091 ιο’Λβρασάξ
616 4002 712 4086 ὄνομα
724 4010 777 4085 τῆς
793 4000 885 4084 αότῆς
897 4001 1007 4085 ψήφου
1021 3999 1105 4079 εἶναι,
1121 4003 1171 4065 καὶ
1187 3997 1260 4064 εἶναι
1275 4000 1456 4079 τριακοσίων

295 4111 536 4194 έξηκονταπέντε,
558 4109 609 4172 καί
631 4104 707 4172 είναι
733 4112 864 4170 Ιῑτυῦτο
885 4102 919 4169 τό
942 4102 1027 4189 άγιον
1055 4102 1192 4186 ηίίνομοί
1215 4121 1296 4184 φησι.

326 4265 368 4320 98.
399 4269 473 4331 Vulgo
496 4235 642 4328 διέίίπςιιυιιί
666 4259 777 4330 ἀγωγάς.
819 4260 855 4314 ἔι-
888 4261 935 4311 εδίί
957 4264 1034 4324 μετ’κο.

294 4352 360 4390 εστιν
377 4334 445 4389 ἰδεῖν.
478 4337 589 4385 Ρτίαυίυε
603 4337 629 4382 ι’τι
641 4336 748 4396 πατρίαν
763 4330 856 4394 „Levi-
927 4331 982 4380 100.
1000 4325 1065 4397 αὐτῇ
1084 4329 1135 4379 cod.
1152 4331 1248 4391 Ηλιδίρ.

294 4474 526 4522 ..ι
978 4464 1340 4528 2

350 4486 364 4520 ο
410 4487 436 4521 ει
545 4485 646 4532 ιοιιιιιιις
943 4503 949 4515 .
1451 4501 1457 4513 .

295 4542 426 4589 Carnarius
443 4541 543 4587 ιαίίαυτ
557 4541 677 4600 interpres.
890 4551 914 4597 μ.
929 4534 969 4582 5¹2.

330 4607 371 4662 99.
383 4602 528 4671 διαγράψαι
543 4606 612 4655 codd.
630 4618 686 4655 τιτι.
706 4608 801 4668 uterque
807 4638 816 4667 ‚
839 4609 860 4653 εί
926 4602 950 4655 3.
969 4596 1117 4668 ἀδιαφορίαν
1135 4603 1225 4651 Ραιιατ.
