3096 5070
411 307 550 361 raanan
567 307 690 362 stoma.
706 306 790 360 ron.
805 307 825 358 ι.
843 305 944 356 uasa.
961 306 1047 359 exre
1272 296 1314 360 tt

152 429 390 514 adstringerent3
421 449 499 492 nave
523 427 646 491 dissidia
668 438 755 510 atque
781 425 950 509 opinionum
977 424 1178 489 dissensiones
1201 427 1314 491 existe-

152 543 231 595 rent.
277 532 405 596 Aodiani
423 550 496 593 varo
513 550 578 591 crum
596 529 720 612 apostoli
744 527 822 590 illius
840 525 951 589 decreti
971 544 1089 588 scrasnm
1110 527 1228 591 minime
1249 549 1315 614 per·

153 634 304 719 ciperem,
338 653 377 696 ex
402 653 438 694 eo
461 629 506 692 sic
528 631 602 711 apud
627 650 660 693 se
682 631 867 714 cogitarunt,
901 624 1013 690 Pascha
1038 623 1209 692 ludaeorum
1233 651 1314 696 more

154 736 360 799 celebrandum
384 732 491 795 videri.
538 728 633 793 Porro
657 743 723 814 post
747 729 987 793 constitutionem
1012 727 1091 790 illam
1113 729 1314 812 quindecima

154 837 381 899 circumcisione
399 830 528 917 episcopi
548 833 684 910 luerunt,
717 832 803 915 idque
820 829 1053 916 Hierosolymis,
1078 851 1200 915 qnorum
1216 843 1315 895 auaeto-

154 938 270 1000 ritatem
288 932 477 1000 Christianus
495 933 590 996 umetis
607 933 687 995 orbis
705 934 801 1017 sequi,
826 945 935 995 etcum
956 933 1012 996 illis
1032 934 1185 996 celebrare
1202 930 1314 998 Pascha

155 1039 273 1115 debuit,
306 1057 364 1099 una
387 1047 418 1098 ιιι
438 1035 564 1099 omnium
583 1036 759 1112 concordia,
791 1055 847 1097 ona
867 1035 1030 1119 protessis,
1061 1058 1119 1098 una
1136 1034 1316 1098 celebritatis

154 1140 309 1204 obeundae
326 1139 402 1201 ratio
418 1159 453 1201 ac
466 1138 647 1202 consuetudo
666 1137 845 1200 firmaretur.
895 1134 987 1220 lgitur
1002 1139 1037 1199 ad
1062 1135 1211 1200 bominum
1235 1155 1316 1198 men-

157 1253 204 1304 tes
222 1241 251 1302 in
268 1261 352 1304 unam
373 1239 516 1303 ecelesiae
533 1241 724 1318 societatem,
755 1259 832 1323 quac
855 1249 939 1302 tanto
961 1239 1101 1323 temporis
1125 1239 1220 1323 spatio
1243 1259 1318 1301 non-

158 1343 225 1405 duan
252 1342 374 1405 obtineri
391 1352 543 1426 potuerat,
576 1342 792 1419 conciliandas,
826 1351 940 1426 patrum
969 1340 1084 1403 illorum
1105 1361 1175 1404 cura
1192 1339 1316 1424 diligen-

159 1443 272 1527 tiaque,
304 1465 362 1508 non
389 1443 454 1506 sine
480 1444 526 1507 dei
553 1455 644 1522 nutu,
680 1440 869 1507 Constantini
892 1443 1072 1526 temporibus
1093 1443 1235 1506 incubuit.
1284 1440 1316 1506 lo

158 1547 366 1628 Apostolorum
391 1567 466 1609 vero
483 1541 752 1609 Constituticnibus
771 1546 807 1608 ad
826 1546 1011 1609 corrcordiam
1029 1546 1149 1628 perinde
1166 1547 1316 1609 decretum

156 1647 223 1709 illud
243 1648 382 1732 pertinet.
429 1643 460 1708 ld
477 1647 552 1728 quod
569 1646 609 1708 illi
630 1646 684 1729 ipsi
705 1656 851 1709 testantur
871 1647 915 1709 bis
932 1646 1044 1723 verbis,
1070 1646 1212 1729 Qunamvis
1231 1650 1317 1712 aber·

156 1760 222 1810 rent
237 1749 306 1833 ipsi,
332 1749 404 1811 nibil
424 1748 451 1810 it
468 1768 523 1810 vos
541 1756 738 1808 commoveat.
786 1743 924 1810 Ceterum
944 1769 982 1810 es
1002 1749 1050 1826 iis,
1075 1770 1149 1832 qnae
1168 1751 1271 1812 eodem
1288 1750 1317 1813 iu

154 1849 229 1912 libro
248 1850 356 1935 scripta
374 1860 459 1924 sunt,
485 1849 614 1912 Audiani
638 1847 774 1911 facillime
795 1852 993 1913 conlutantur.
1042 1849 1145 1913 labent
1169 1852 1246 1915 euim
1267 1873 1318 1915 eo·

155 1951 221 2012 dem
247 1951 276 2012 in
299 1952 364 2014 loco
397 1951 492 2013 medio
520 1952 702 2036 Azpmornrn
731 1961 862 2033 tempore
888 1950 1072 2035 pervigilium
1099 1951 1193 2018 obire.
1254 1952 1319 2018 lloc

156 2062 253 2114 autern
282 2051 311 2114 in
340 2051 541 2115 ecclesiactica
571 2064 734 2138 temporum
762 2052 968 2136 supputatione
994 2053 1058 2117 lieri
1088 2066 1229 2140 perpetuo
1257 2077 1316 2119 non

158 2163 266 2235 potest.

244 2253 318 2317 Tria
342 2265 412 2317 sunt
429 2255 505 2318 cuim
522 2256 677 2340 praecipue
696 2255 801 2339 quibus
817 2253 972 2318 Pascbatis
995 2257 1151 2322 celebritas
1170 2258 1316 2342 alligatur.
1333 2266 1393 2335 cap.
1405 2266 1450 2318 Xt.

162 2353 243 2420 Solis
260 2357 392 2441 inprimis
415 2378 539 2434 cursus,
568 2370 689 2442 propter
705 2359 880 2421 dominicam
896 2379 932 2421 ac
949 2379 1092 2422 mensem.
1139 2359 1217 2424 Tum
1232 2362 1319 2426 lunae

158 2459 257 2521 itidem
273 2480 396 2539 cursus,
429 2459 516 2543 idque
533 2471 653 2544 propter
671 2460 765 2544 legem
784 2480 860 2543 quae
879 2459 991 2524 decima
1010 2472 1114 2545 quarta
1132 2462 1200 2526 luna
1217 2463 1320 2527 inamo-

157 2561 211 2624 lari
234 2558 350 2625 Pascha
378 2561 530 2646 praecipit.
587 2559 689 2644 ltaque
717 2582 811 2645 neque
838 2562 982 2626 celebrari
1000 2574 1087 2626 autea
1113 2573 1210 2647 potest
1234 2586 1319 2647 quana

158 2663 373 2747 aequinoctium
390 2665 554 2726 conlectum
574 2662 624 2741 sit,
649 2664 725 2746 quod
746 2660 844 2726 ludaei
865 2686 1048 2749 nequaquam
1068 2665 1240 2743 observant,
1265 2685 1321 2737 nec

159 2775 326 2828 accuratam
349 2765 405 2827 lroc
421 2767 450 2826 in
468 2765 587 2849 raegotio
607 2766 750 2828 rationein
774 2765 848 2828 inire
867 2769 1004 2844 studeut3
1037 2768 1111 2852 apud
1127 2787 1201 2851 quos
1217 2768 1320 2852 depra-

160 2878 228 2930 vata
245 2886 279 2928 ac
294 2867 463 2951 perturbata
482 2879 551 2930 suut
570 2868 680 2929 omnia.
727 2864 839 2930 Verum
858 2869 927 2931 licet
946 2879 1045 2932 tantae
1063 2869 1245 2954 quaestionis
1264 2882 1322 2934 tam

160 2967 200 3031 sit
216 2978 322 3032 exacta
339 2969 469 3048 decisio,
502 2991 560 3032 nou
587 2981 684 3031 tamen
703 2969 740 3030 ob
755 2970 898 3032 eiusmodi
915 2971 1117 3054 quaestionem
1138 2982 1321 3036 accuratam·

160 3090 217 3153 que
239 3071 402 3146 rationem,
435 3072 487 3133 sed
512 3072 549 3133 ob
574 3092 659 3133 utram
680 3071 867 3134 concordiam
892 3072 964 3134 baec
981 3073 1017 3135 ab
1036 3074 1175 3158 apostulis
1192 3097 1321 3160 pronun-

148 3172 230 3235 ·tiato
254 3182 334 3235 sunt.
380 3170 467 3255 Quod
495 3173 520 3236 si
538 3173 584 3235 vel
602 3194 667 3236 cnm
685 3168 797 3235 Christi
814 3170 965 3252 hostibus,
997 3175 1087 3238 atilli
1108 3187 1226 3261 putant,
1251 3196 1321 3262 apo·

160 3275 228 3337 stoli
247 3274 453 3337 celebrandum
471 3296 538 3339 esse
553 3272 669 3338 Pasolta
685 3285 881 3350 censuerunt,
906 3287 1015 3358 quanto
1034 3278 1127 3360 magis
1144 3281 1180 3342 ad
1199 3281 1321 3342 eandem

160 3375 343 3440 retinendam
363 3379 589 3440 consensionem
606 3399 670 3440 cum
690 3377 817 3440 ecclesia
837 3377 988 3440 celebrare
1012 3382 1162 3458 convenit,
1187 3401 1224 3454 ne
1243 3380 1321 3444 illius

161 3477 319 3541 concordia
345 3478 513 3542 laceretur?
557 3478 685 3563 Quinam
711 3479 802 3562 igitur
823 3480 899 3542 istud
918 3479 994 3542 ellici
1012 3486 1129 3565 potest?
1173 3480 1225 3547 Sic
1243 3482 1321 3544 euim

164 3575 250 3639 iidem
275 3581 399 3662 apostoli
424 3580 623 3666 praecipiunt:
655 3579 731 3644 llum
750 3582 905 3666 epulantur
920 3580 980 3659 illi,
1012 3604 1067 3646 vos
1085 3584 1251 3647 ieiunantes
1268 3603 1321 3667 pro

163 3675 222 3739 illis
236 3677 345 3760 lugete,
382 3683 519 3765 quoniam
536 3685 612 3744 lesto
626 3682 676 3745 illo
693 3681 739 3744 die
755 3679 906 3746 Christum
930 3683 960 3745 in
986 3704 1102 3748 crucem
1125 3685 1320 3749 sustulerunt.

165 3774 300 3861 Cumque
317 3781 357 3842 illi
374 3781 506 3864 lugentes
526 3785 649 3867 Azymis
667 3794 702 3846 'et
720 3785 845 3847 lactucis
867 3786 1035 3868 agrestibus
1057 3796 1234 3863 vescentur,
1267 3808 1321 3851 ros

166 3879 336 3966 epulamini.
388 3880 529 3947 Ceterum
545 3902 753 3966 nonnunquam
769 3888 893 3964 accidit,
926 3899 957 3950 ut
972 3887 1115 3951 dominica
1131 3889 1178 3951 die
1198 3889 1323 3974 Azpmis

163 3994 295 4046 utantur.
342 3983 529 4046 Advenientc
542 3982 828 4067 quippsdominicae
845 4009 969 4072 vespera
986 3987 1099 4052 Pascha
1117 4008 1200 4053 saum
1219 3991 1323 4055 immo-

164 4083 225 4147 lare
252 4095 386 4168 possunt.
441 4082 520 4147 Nam
543 4092 613 4169 post
633 4105 786 4168 vesperam
815 4091 975 4172 praeterito
1000 4090 1122 4154 sabbato
1146 4113 1220 4176 opus
1245 4094 1322 4157 istud

163 4185 236 4270 ipsis
253 4207 398 4249 exercere
421 4209 478 4250 non
502 4186 582 4249 licet.
628 4184 822 4269 Posteaquam
847 4189 938 4273 igitur
958 4193 1205 4274 sacrificaverint,
1237 4197 1262 4258 si
1286 4197 1323 4259 ad

164 4289 264 4373 epulas
287 4298 485 4374 consurgunt,
517 4311 571 4352 nos
587 4289 762 4352 dominicatu
782 4289 858 4353 diem
881 4312 1007 4375 quonam
1027 4306 1111 4379 pacto
1130 4294 1210 4358 luctu
1227 4317 1263 4359 ac
1280 4294 1323 4360 ie-

164 4456 286 4524 perliccre
299 4457 326 4508 id
341 4459 451 4526 apostoli
467 4471 645 4526 praeceperunt
668 4465 730 4522 rell,
797 4462 821 4515 3.
841 4456 881 4514 ὅτι
896 4465 989 4514 obtato
1006 4465 1056 4516 cod.
1074 4466 1172 4529 lilledip.

165 4535 193 4576 at
208 4524 233 4579 sl
245 4524 294 4594 γὰρ
308 4525 354 4581 καὶ
370 4525 435 4594 μετὰ
450 4533 565 4594 coptam
578 4531 694 4582 videaur.
