3096 5070
411 272 547 325 annana
566 275 627 325 utu.
643 274 686 326 ιιι.
702 274 818 327 somn
835 274 934 328 naua.
954 276 1074 328 oxxvt.
1265 265 1326 330 tos
1445 299 1449 307 -

160 398 338 469 misaam,
362 405 393 457 et
407 415 487 475 quent
502 398 607 456 munti
620 398 712 457 Iesum
732 398 885 458 choram
932 393 1011 459 Nam
1029 406 1059 457 et
1075 397 1231 461 nonnullos
1247 399 1328 462 sele·

161 507 260 561 rentes
278 495 443 560 audivimus
460 498 535 580 quod
552 499 587 559 de
605 496 655 559 illo
670 519 704 561 se
720 497 814 580 palam
831 497 948 561 audisse
968 499 1207 563 testificarentur.
1248 495 1324 563 Cum

159 599 275 684 quidam
294 598 331 663 ob
346 609 477 684 stuprum
494 599 620 662 lemicae
636 599 746 662 illatum
766 611 994 676 accusarentur,
1025 610 1055 663 el
1073 600 1189 664 statiis
1205 600 1326 665 damna·
1403 624 1408 631 ’

158 712 279 779 motus,
312 700 382 765 niltil
406 701 487 764 illum
513 713 708 777 commotum,
743 702 795 764 sed
814 704 930 765 lactum
955 701 1024 766 illud
1049 702 1111 766 sisu
1139 724 1173 766 ao
1199 702 1325 768 ludibrio

159 814 390 889 prosequentem
417 803 551 881 dixisse,
587 804 694 866 nullius
721 804 775 866 hoc
800 824 868 867 esse
892 805 1051 881 momentiq
1086 804 1219 890 conponis
1246 805 1324 869 enim

157 908 232 970 hanc
257 927 327 969 esse
350 906 557 968 necessitatem
584 928 620 969 ac
639 905 837 983 instuctionem,
871 907 1109 990 quemadmodum
1130 927 1232 970 aunem
1248 928 1323 970 non·

156 1029 304 1094 nunqnam
322 1007 478 1093 scalpimus
496 1011 685 1092 (quamquam
704 1029 738 1071 ea
758 1029 915 1071 recensere
935 1030 992 1070 non
1012 1009 1076 1071 sine
1093 1008 1201 1072 rubore
1219 1029 1323 1093 possu-

156 1111 531 1197 musquaeimpnrusille
551 1110 705 1191 iactabat).
753 1106 812 1173 Sed
831 1122 879 1187 nt,
913 1111 1080 1195 inquiebat,
1114 1111 1249 1196 pinnula,
1275 1110 1324 1174 vel

158 1217 270 1279 lestoec
288 1233 388 1276 aunem
406 1213 583 1297 scalpimus,
608 1223 697 1297 atque
715 1211 770 1275 hcc
789 1214 874 1276 modo
891 1212 1020 1298 pruritus
1036 1213 1159 1293 desinit,
1183 1213 1228 1276 sic
1247 1223 1277 1276 ιι
1294 1213 1322 1277 id

158 1316 332 1381 naturaliter
354 1315 438 1379 nubis
460 1316 578 1393 evenit,
604 1335 700 1398 neque
721 1315 873 1399 quisquam
898 1336 932 1379 ea
956 1336 989 1378 se
1014 1315 1145 1378 iacienda
1169 1327 1282 1401 peccat.

245 1417 325 1482 llaec
343 1429 373 1480 et
396 1418 452 1480 alia
480 1428 538 1481 tunt
563 1417 705 1481 eiusmodi
730 1417 886 1494 ntaesabat,
919 1439 954 1480 sc
976 1418 1118 1481 dissolute
1139 1427 1169 1481 et
1188 1416 1324 1502 nequilct·
1347 1432 1410 1504 cap.
1426 1433 1458 1486 v.

160 1519 299 1598 domim,
323 1531 354 1581 ut
371 1519 417 1582 nel
439 1539 477 1582 ex
497 1519 568 1604 ipsis
588 1520 673 1582 lactis
690 1518 851 1583 catiusmcdi
873 1521 962 1583 luerit
980 1520 1029 1583 ille
1048 1530 1183 1597 constet,
1207 1539 1320 1604 nosque

161 1621 216 1705 ipsi
233 1620 341 1683 domini
361 1621 479 1700 verbis,
505 1622 585 1684 velut
604 1622 669 1684 luce
685 1622 827 1704 quadam,
852 1623 1074 1697 collustnemun,
1099 1623 1146 1705 qui
1162 1623 1206 1685 sic
1220 1623 1321 1686 admo·

161 1735 227 1788 net:
257 1728 404 1788 Attendite
423 1745 440 1784 u
458 1727 544 1804 salsas
565 1727 730 1804 prophetis,
766 1729 819 1804 pat‘
832 1729 949 1786 ueniant
966 1729 1014 1786 od·
1029 1747 1077 1786 cos
1093 1730 1123 1787 in
1146 1730 1473 1796 declamatiunculam.

159 1832 266 1905 ocium,
290 1830 460 1888 mamaccas
474 1838 566 1887 autem
583 1837 651 1887 sunt
666 1829 729 1906 lupi
741 1848 877 1906 rapaces:
911 1849 929 1887 u
937 1830 1087 1909 fructibus
1103 1850 1199 1889 eorum
1215 1850 1321 1908 cogno·

157 1933 243 1993 ιιιιίι
261 1950 324 1990 cos.-
358 1933 495 2008 numquid
515 1931 658 2008 colligunt
680 1932 714 1990 de
736 1934 825 2009 apant's
848 1950 934 2002 nevos,
968 1942 1019 1990 uut
1038 1933 1072 1991 de
1088 1932 1201 1992 tra‘bult's
1216 1933 1321 2013 ficus?

159 2028 213 2096 Sic
229 2030 319 2114 igilur
333 2028 520 2094 stolidissima
545 2030 622 2092 illius
641 2031 670 2092 in
689 2031 824 2094 omuibus
843 2030 963 2092 andacia
981 2031 1048 2093 ltinc
1070 2041 1099 2093 et
1117 2032 1195 2095 illinc
1218 2033 1321 2096 cedas·

156 2133 274 2218 guitur,
303 2142 402 2217 utpote
427 2133 474 2216 qui
498 2142 602 2195 contra
626 2133 773 2196 dominum
799 2134 891 2217 ipsum
922 2132 1095 2196 effrenatum
1120 2155 1153 2197 ns
1182 2135 1319 2198 attollere

155 2257 216 2300 nou
231 2232 389 2311 dubitauit,
414 2234 586 2318 iocumque
605 2233 669 2297 sine
687 2235 745 2296 ullo
764 2236 873 2319 pudone
892 2235 1044 2297 maledicta
1059 2236 1202 2316 cotuiecit,
1233 2247 1262 2299 ul
1279 2257 1321 2302 cx

153 2439 314 2527 periculum
333 2439 410 2502 illius
428 2438 568 2502 iacientes
585 2439 621 2501 ab
640 2440 742 2502 iisdem
763 2440 819 2502 illis
840 2440 1012 2524 colligendis
1031 2440 1210 2504 abstineant.
1254 2437 1319 2504 Ne·

152 2563 210 2628 que
226 2542 305 2604 enim
321 2561 337 2604 ι
355 2541 447 2626 spinis
465 2562 522 2604 ova
541 2541 647 2604 denseti
669 2553 783 2621 potest,
817 2553 848 2605 ιιι
864 2563 904 2605 ex
921 2543 1078 2627 deprauata
1101 2541 1232 2605 doctrina
1250 2563 1319 2606 sau-

151 2644 239 2710 ctitas
264 2641 389 2707 oriatur.
437 2642 548 2707 Verum
575 2644 648 2706 ltaec
667 2644 703 2705 de
720 2644 836 2707 hunnine
860 2645 909 2707 illo
929 2645 965 2709 ab
986 2644 1051 2708 aliis
1074 2656 1194 2730 accepta
1216 2643 1318 2708 didici·

151 2765 229 2811 mus.
279 2743 311 2808 lu
331 2746 408 2809 illins
427 2766 515 2830 porro
534 2745 717 2828 dogmatibus
742 2769 807 2810 cum
833 2748 923 2810 multa
949 2748 1008 2811 sint
1026 2746 1153 2810 latninsae
1172 2747 1317 2811 adversus

152 2847 300 2912 dominum
325 2849 389 2911 eius
413 2849 588 2911 insolentiae
614 2859 831 2928 consentanea,
867 2871 959 2934 pauca
988 2849 1041 2913 hoc
1067 2850 1132 2913 loco
1158 2850 1194 2912 de
1218 2848 1316 2915 multis

153 2953 318 3036 proferam,
351 2971 464 3035 unaque
479 2951 514 3013 od
532 2971 567 3012 eo
583 2952 738 3014 relutanda
752 2951 844 3014 dicam
860 2973 936 3036 quae
954 2952 1089 3015 dominus
1106 2951 1227 3015 diceudo
1246 2972 1317 3013 con·

153 3053 298 3118 cesserit,
336 3048 417 3117 Sane
440 3053 555 3137 quidem
582 3051 725 3116 eiusmodi
751 3063 797 3116 ιιι
819 3055 965 3117 Αιιοιιιοιὶ
987 3053 1065 3118 illius
1089 3053 1117 3117 in
1140 3052 1315 3117 stabiliendo

154 3156 291 3237 dogmate
313 3155 478 3235 calumnia,
510 3156 581 3219 nihil
608 3166 638 3219 ut
662 3156 739 3218 alittd
765 3167 883 3241 praeter
908 3156 1120 3220 sententiarum
1145 3155 1263 3219 unadeas
1280 3176 1315 3218 ac

153 3255 359 3322 similitudines
376 3270 580 3337 cnttsectctur3
604 3278 680 3341 quae
699 3258 812 3320 tametsi
832 3279 870 3321 ex
886 3259 1040 3343 seripturis
1054 3258 1125 3344 ipsis
1140 3258 1313 3335 afferantur,

153 3359 242 3442 longe
259 3370 355 3423 tamen
374 3361 461 3423 alium
486 3381 604 3424 sensum
627 3360 796 3439 continent3
827 3371 857 3423 ut
881 3381 946 3422 cum
964 3359 1049 3423 aliam
1070 3362 1189 3424 omninno
1208 3360 1265 3423 vim
1285 3370 1317 3422 et

154 3471 327 3547 potestatem
351 3463 494 3542 ltabeant,
529 3462 637 3526 abillo
664 3474 760 3525 tamen
792 3463 969 3525 contrariam
1001 3463 1035 3525 ad
1059 3474 1185 3526 mentem
1217 3463 1314 3525 dctus·

152 3575 308 3649 queantur.

238 3664 320 3750 Ergo
345 3668 384 3731 ita
404 3668 500 3733 statim
522 3666 605 3731 initio
624 3668 768 3752 disputat:
801 3666 870 3731 Non
897 3688 983 3753 posse
1009 3667 1103 3750 geniti
1125 3666 1220 3730 simile
1244 3687 1311 3730 esse
1330 3685 1391 3751 cap.
1406 3685 1450 3736 vt.

150 3771 227 3855 quod
245 3791 302 3833 non
319 3782 365 3834 est
380 3771 529 3855 genitum,
554 3791 618 3832 cnm
636 3769 682 3832 vel
699 3770 892 3854 appellatione
909 3772 970 3855 ipsa
988 3770 1160 3845 dissideant,
1185 3789 1221 3831 eo
1238 3770 1313 3853 quod

150 3893 238 3936 unum
263 3871 425 3954 ingenitum
450 3884 511 3949 est,
547 3871 670 3933 alterum
696 3871 840 3953 genitum.
895 3870 1005 3935 Verum
1030 3882 1121 3934 totum
1147 3871 1215 3935 illud
1240 3892 1313 3934 sanc

149 3995 234 4058 quam
262 3974 390 4058 ineptum
419 3985 482 4051 est,
518 3975 602 4055 idque
631 3973 723 4057 ipsum
752 3973 897 4036 hominem
925 3975 960 4036 atl
986 3974 1128 4037 insaniam
1159 3973 1309 4058 compulit.

147 4075 226 4141 Num
250 4077 275 4141 si
293 4077 321 4140 ei
339 4078 413 4160 quod
441 4075 600 4159 ingenitum
628 4084 673 4136 est
697 4074 859 4158 genitorem
882 4096 1075 4157 quaeramus,
1109 4087 1139 4139 ut
1157 4097 1194 4138 ne
1212 4097 1311 4141 veram

148 4180 184 4243 tle
198 4176 319 4243 Christo
336 4177 503 4263 opinionem
521 4179 705 4256 annillantns,
730 4197 788 4238 nou
807 4200 894 4240 ιιιιιιιιι
912 4179 1034 4262 amplius
1052 4189 1163 4264 patrem
1181 4200 1247 4243 esse
1264 4200 1311 4244 re·

149 4282 316 4366 peniemus,
351 4300 446 4365 neque
470 4279 561 4366 patris
583 4293 713 4365 patrem,
746 4281 797 4342 sed
818 4280 920 4342 inliniti
940 4302 1062 4344 atumem
1082 4293 1194 4368 patrum
1214 4295 1311 4370 patres

149 4449 375 4529 ipsius‘commiasa
389 4450 466 4501 molto
482 4459 554 4509 ιιιιιι,
572 4467 647 4518 quum
664 4449 714 4501 elu-
749 4468 797 4519 que
814 4450 847 4503 ad
863 4449 983 4504 insaniam
1000 4453 1150 4522 processerit
1165 4459 1215 4509 ιιίι.

148 4527 186 4568 tto
198 4518 273 4570 cosmi
288 4518 340 4570 eius
356 4530 444 4572 eontra
459 4517 587 4571 domiuum
602 4536 662 4570 ιιιιι
675 4536 715 4571 us·
