3096 5070
773 50 798 95 1·

420 293 560 349 raussu
576 297 639 347 urs.
658 297 702 347 m.
719 296 802 350 rou.
817 298 850 349 n.
866 294 968 348 nien.
983 296 1116 349 nxxvu.
1282 278 1342 346 ³51

191 415 300 479 minum
325 416 355 479 in
379 437 497 480 carnem
520 427 551 479 et
572 436 642 479 ossa
672 426 812 480 mutatum
845 437 912 481 esse
944 416 1088 479 affirmare
1114 436 1171 479 nou
1201 415 1343 479 dubitant.

189 513 296 602 Neque
313 518 389 583 euim
406 519 497 597 dixit,
524 522 756 597 Quemadmodum
771 542 814 581 me
830 541 943 581 curnem
962 530 991 580 et
1005 540 1069 580 osso
1084 523 1184 580 otidett's
1199 539 1269 591 esse,
1293 518 1345 579 sed

189 623 309 695 lubere,
334 642 372 684 ne
392 623 519 684 tortasse
536 621 656 701 verbnm
673 619 768 703 ipsum
788 622 817 683 iu
835 621 998 683 istiusmodi
1017 639 1192 683 conversum
1212 638 1279 682 esse
1294 640 1346 703 pn·
1430 603 1435 612 ⁸

187 733 317 800 teretur,
349 723 401 786 sed
420 732 502 787 ntea
521 723 664 785 duntaxat
686 733 714 784 et
731 733 799 784 aute
823 732 945 786 mortem
967 731 1080 806 etpost
1099 719 1344 785 resurrectionem

189 825 328 889 habuisse
352 826 501 888 credatur.

275 925 330 990 llis
348 928 383 989 ad
403 947 469 988 eum
490 926 605 989 modum
625 925 821 1009 comprobatis
839 924 875 988 de
890 924 956 988 aliis
974 926 1072 988 dicere
1091 943 1340 1009 supervacaneum
1366 925 1426 991 cap.
1438 925 1473 976 Χ·

189 1041 253 1109 cst,
279 1039 331 1092 ant
346 1029 459 1111 agitare
477 1028 662 1112 disputando.
707 1025 784 1090 Num
805 1048 870 1090 cum
892 1048 998 1112 corpus
1016 1029 1046 1090 in
1066 1049 1123 1112 qno
1144 1028 1264 1091 verbum
1285 1028 1347 1089 iue-

190 1142 236 1195 rat
260 1129 405 1194 divinitati
430 1128 679 1193 consubstantiale
696 1130 815 1193 minime
841 1130 946 1208 luerit,
979 1130 1030 1194 sed
1053 1149 1094 1192 ex
1112 1126 1209 1217 Maria
1233 1128 1347 1213 virgine

190 1251 297 1295 revera
314 1241 431 1309 natum,
455 1252 578 1315 cumque
602 1232 723 1297 verbum
745 1233 839 1317 ipsum
863 1253 921 1295 nou
944 1233 973 1294 in
997 1253 1066 1295 ossa
1087 1251 1264 1316 carnemque
1284 1251 1347 1294 mu·

191 1343 281 1397 tatum
300 1335 355 1397 sit:
388 1335 487 1398 sedin
510 1354 599 1398 earne
621 1328 779 1398 desederit.
825 1331 911 1416 Quod
935 1335 1011 1397 enirn
1038 1330 1185 1397 aloannc
1206 1332 1345 1418 scriptum

191 1448 254 1516 est,
279 1438 398 1498 Verbum
412 1439 675 1518 eorosactmuest,
710 1436 786 1499 hunc
808 1436 1048 1515 habetsensnm‚
1083 1448 1115 1507 nt
1134 1458 1173 1500 ex
1193 1437 1280 1500 simili
1302 1436 1497 1500 lc·¹⁰¹⁰¹¹·12¹l

190 1538 297 1622 quendi
311 1539 426 1604 ratione
443 1539 541 1623 colligi
557 1550 666 1624 potest.
714 1536 770 1602 Est
791 1538 869 1601 enim
886 1560 902 1600 a
920 1536 1011 1602 Paulo
1030 1540 1188 1624 scriptum,
1213 1543 1343 1602 contem
1356 1550 1409 1594 0²1·
1421 1550 1443 1602 ⁸.
1454 1551 1485 1594 1⁵·

186 1663 241 1722 pro
264 1643 344 1704 nodis
357 1645 455 1724 foetus
477 1653 522 1703 est
541 1644 730 1703 maledictum.
777 1638 817 1705 Ut
841 1641 930 1724 igitur
957 1641 1140 1706 maledictum
1161 1642 1210 1705 itte
1229 1644 1346 1726 proprio

191 1744 338 1821 nonfuit,
371 1745 423 1808 sed
440 1745 506 1806 ideo
523 1743 614 1807 luisse
629 1743 752 1822 dicitur,
787 1743 862 1826 quod
883 1743 950 1806 illud
968 1755 1070 1807 nostra
1085 1765 1189 1808 caussa
1207 1765 1345 1830 suscepe-

191 1846 245 1926 rit,
269 1845 313 1907 sie
329 1855 360 1908 et
375 1866 443 1906 erro
454 1847 562 1926 suetum
581 1857 638 1921 est,
665 1866 722 1908 uon
742 1845 818 1929 qnod
834 1845 862 1906 iu
883 1865 1002 1908 earnem
1020 1857 1226 1909 commutatum
1245 1848 1343 1926 luerit,

190 1949 243 2011 sed
262 1948 338 2031 qnod
358 1966 477 2010 carnem
503 1967 555 2030 pro
575 1946 660 2010 nobis
682 1947 894 2031 assumpserit,
923 1959 952 2008 et
972 1951 1052 2009 homo
1067 1951 1163 2027 soctan
1179 1954 1226 2009 sit.
1274 1947 1345 2012 Ete-

191 2050 251 2113 nim
277 2049 333 2112 ltoc
352 2048 464 2133 ipsum,
496 2051 614 2110 Verbum
635 2069 703 2111 omo
719 2051 833 2134 sctcmm
856 2061 917 2123 est,
943 2051 1065 2113 eandem
1083 2050 1140 2114 vim
1165 2050 1251 2113 habet
1268 2072 1302 2113 ac
1318 2052 1344 2114 si

191 2150 357 2228 diceretur,
382 2149 480 2214 Homo
500 2151 605 2214 lactum
625 2161 682 2215 est.
729 2148 901 2216 Cuiusmodi
924 2162 971 2214 est
989 2151 1057 2215 illud
1081 2174 1096 2213 a
1116 2150 1196 2241 loiJle
1218 2153 1343 2217 dictum:

189 2255 345 2338 Effundam
360 2257 395 2315 dc
408 2258 514 2334 spiritu
528 2275 588 2314 meo
603 2275 690 2334 super
706 2275 810 2316 omnem
826 2275 950 2315 curnem.
997 2251 1082 2337 Quae
1102 2253 1216 2338 quidem
1235 2257 1486 2319 tenus-1⁰0⁸&

189 2357 274 2419 tiatio
296 2377 330 2419 ec
353 2354 509 2440 promissio
532 2375 590 2417 nou
614 2355 649 2418 ad
667 2357 813 2440 pecudes,
838 2356 889 2419 sed
910 2357 945 2419 ad
964 2355 1095 2418 homines
1114 2356 1251 2441 pertinet,
1275 2379 1346 2442 quc·

188 2457 363 2544 cumgratia
385 2456 518 2521 domiuus
535 2457 682 2520 esthemo
700 2460 806 2522 luctus.
852 2455 938 2560 Quae
958 2479 1023 2520 curu
1041 2458 1080 2520 ita
1100 2457 1174 2535 sint,
1199 2478 1291 2543 eaque
1307 2460 1347 2522 sit

189 2561 348 2625 verborum
373 2557 490 2624 illorum
515 2559 680 2637 sententia,
711 2560 757 2623 vel
778 2559 892 2643 seipsos
910 2560 974 2624 inre
1003 2560 1238 2623 condemnabunt
1257 2560 1276 2622 ii
1296 2562 1346 2645 qui

188 2659 285 2725 Maria
301 2663 427 2748 priorem
444 2681 512 2725 esse
528 2682 646 2724 carnem
662 2661 741 2725 illam
759 2663 941 2739 existimant,
967 2683 1041 2745 quae
1062 2665 1098 2725 de
1115 2660 1212 2726 Maria
1231 2674 1344 2748 sumpta

188 2764 244 2843 sit,
277 2774 308 2826 et
322 2773 390 2827 antc
406 2764 486 2826 illam
503 2764 629 2855 humans
645 2763 805 2848 praeditum
828 2765 925 2828 anima
943 2764 1033 2828 luisse
1050 2764 1191 2843 verbnm,
1222 2785 1344 2848 eamque

189 2875 343 2949 antequam
368 2866 423 2928 huc
447 2858 602 2929 advenit&
627 2866 775 2930 habuisse.
822 2862 882 2930 Sed
906 2877 937 2929 et
959 2866 1000 2929 illi
1023 2867 1127 2950 nugari
1146 2868 1280 2931 desinent
1295 2869 1344 2951 qni

190 2987 308 3030 earnem
326 2968 429 3031 mortis
454 2988 522 3031 esse
539 2988 675 3052 capacem
695 2977 819 3051 negant,
845 2969 927 3032 etad
947 2968 1121 3032 immortalis
1140 2980 1262 3034 naturae
1279 2990 1345 3034 sor-

189 3078 249 3132 tem
271 3070 523 3154 conditionemque
548 3069 758 3134 transcrihunt.
804 3068 882 3134 Nam
909 3071 933 3134 si
953 3081 1086 3135 mortuus
1107 3084 1248 3152 nonest,
1272 3086 1344 3158 quo·

189 3172 277 3234 modo
294 3169 402 3236 Paulus
425 3173 542 3236 tradere
567 3171 621 3236 ltoc
638 3169 803 3238 Corinthiis
824 3173 936 3257 potnit,
971 3173 1047 3258 qnod
1064 3195 1095 3236 se
1109 3182 1250 3257 accepim
1264 3175 1343 3240 dice-

189 3273 259 3337 bat?
302 3278 437 3352 Qucum
459 3278 588 3336 Cltrr'stus
609 3287 736 3337 mortuus
759 3286 804 3336 est
819 3297 876 3355 pro
891 3281 1017 3356 peccatis
1037 3281 1158 3352 nostm's,
1191 3283 1342 3341 seeundum
1356 3291 1497 3349 tumltu.

188 3381 357 3457 empturos.
404 3375 575 3459 Resurgere
597 3398 668 3440 vero
694 3376 743 3461 qui
759 3377 854 3462 potnit
880 3377 936 3441 nisi
962 3389 1093 3441 mortuus
1112 3388 1198 3442 autea
1221 3381 1344 3444 luisset?

189 3476 326 3542 Maximo
345 3498 417 3542 vero
434 3478 543 3562 pudore
560 3478 771 3562 perfunduntur
787 3479 806 3542 ii
822 3480 870 3564 qni
894 3478 1113 3565 quaternionem
1138 3503 1190 3566 pro
1213 3482 1343 3545 trinitate

190 3580 327 3644 constitui
352 3600 524 3665 persuasum
543 3578 668 3658 habent,
700 3580 726 3645 si
743 3601 849 3665 corpus
866 3603 881 3645 e
897 3579 995 3647 Maria
1015 3594 1112 3646 uatum
1130 3603 1197 3646 esse
1217 3583 1340 3647 dicatur.

189 3681 268 3747 Nam
283 3684 308 3745 si
325 3681 574 3746 consubstantiae
600 3681 690 3744 verbo
708 3656 815 3766 &rpus
838 3684 1030 3763 arbitremur,
1064 3686 1180 3749 trinitas
1198 3684 1342 3749 nihilomi-

189 3806 245 3849 nus
264 3786 379 3848 trinitas
394 3795 558 3869 permanet,
574 3804 638 3845 cum
658 3783 843 3866 peregrinum
862 3786 970 3849 nullum
986 3787 1106 3850 verbum
1123 3786 1151 3848 iu
1167 3786 1244 3850 illam
1260 3788 1343 3852 inve-

189 3887 286 3951 hatur.
333 3888 375 3949 m
390 3888 416 3949 si
432 3906 539 3971 corpus
555 3885 622 3948 illud
642 3884 718 3946 idem
733 3904 772 3947 ex
790 3882 888 3949 Maria
905 3898 1003 3951 natmn
1020 3888 1164 3951 hominem
1183 3908 1250 3951 esse
1266 3889 1343 3953 dica·

188 4011 271 4069 mus,
303 4010 426 4052 necesse
445 3999 506 4065 est,
540 4009 604 4051 cnm
623 4006 729 4070 corpus
748 3995 851 4049 natura
869 3989 1055 4072 peregrinum
1081 3989 1266 4075 alienumque
1290 3991 1340 4070 sit,

188 4103 222 4155 nt
238 4092 267 4154 in
289 4092 352 4180 ipsp
371 4090 492 4153 verbum
513 4090 654 4167 insideat,
690 4088 911 4173 quaternionem
931 4111 983 4175 pro
1001 4090 1131 4155 trinitate
1148 4113 1341 4178 consurgere,

189 4213 314 4279 corpore
336 4193 472 4256 videlicet
495 4192 620 4255 adiecto.

222 4326 247 4380 9.
263 4323 355 4388 πάντες
371 4333 398 4380 Β.
818 4328 857 4381 13.
874 4328 993 4396 γενέσθαι
1009 4332 1037 4381 Β.

225 4397 263 4446 10.
282 4394 367 4450 rudi
400 4394 490 4463 ηκίναι
505 4399 533 4448 Β.
820 4396 856 4449 14.
876 4396 920 4464 μὶν
937 4402 1007 4449 obest.
1026 4414 1042 4448 o
1059 4400 1086 4450 Β.

226 4463 264 4513 11.
282 4414 452 4546 ὅλωςᾌΒ.
506 4526 514 4548 ‚
622 4529 629 4546 ‚
816 4467 853 4518 15.
872 4467 997 4534 strupra,
1015 4463 1137 4534 φασὶ,τό
1167 4526 1171 4531 ,

225 4529 264 4582 12.
281 4531 325 4586 καὶ
341 4532 473 4587 naddaver.
515 4531 702 4598 Ερυθριασουσι
718 4535 746 4583 Β.
815 4533 853 4587 16.
872 4530 1081 4600 cibiritensis,
1177 4549 1261 4591 mon
1276 4544 1339 4604 peto.
