3096 5070
440 310 578 364 nouauit
596 309 660 363 lull.
677 310 721 362 lll.
737 309 821 363 ΤΟΜ.
834 309 854 362 l.
867 308 971 360 naas.
988 309 1110 361 Lxxttt.
1286 298 1352 360 '11‘1

197 430 389 514 opinaremur,
414 431 585 495 necessario
603 429 740 509 subierit,
763 435 842 492 Ante
856 451 950 491 ornnes
963 431 1051 490 eolles
1065 430 1169 508 genuit
1181 451 1233 491 rna.
1281 425 1355 511 Qui·

196 530 252 595 bns
268 534 345 618 piam
361 533 447 597 nobis
461 555 496 596 ao
512 532 659 618 passionis
674 530 769 595 omnis
790 541 942 617 expertem
960 529 1052 615 ipsios
1070 550 1109 593 ex
1123 540 1205 615 patre
1220 530 1270 593 utit
1289 550 1356 615 pro-

196 634 350 718 prietatem
366 635 528 721 expressit.
574 631 602 697 V
605 654 686 697 arum
705 634 797 699 semel
815 634 959 697 duntaxat
974 643 1079 717 pater,
1100 631 1249 715 semelque
1266 632 1353 713 lilius,

196 736 332 800 odiliam
362 758 447 821 quam
470 737 601 800 diximus
631 738 706 819 piam
731 735 777 799 dei
802 735 1044 819 germanitatem,
1076 732 1168 818 geniti
1191 733 1276 798 nobis
1301 757 1355 798 no-

196 838 329 903 eabulum
352 838 519 903 ediderunt.
563 836 606 900 At
623 836 714 920 patris
740 847 770 901 et
788 836 838 900 lilii
858 835 1023 902 nominibus
1038 835 1157 922 planum
1176 847 1222 899 est
1245 857 1352 901 norum

196 960 283 1004 omne
306 950 524 1004 testamentum.

281 1038 342 1107 Sed
361 1053 395 1106 ut
412 1041 538 1126 propriis
555 1042 617 1105 suis
640 1041 718 1105 noda
734 1061 831 1106 norae
847 1040 923 1104 illius
941 1041 1072 1105 haeresis
1096 1039 1273 1105 architectos
1296 1042 1355 1107 dia-
1367 1046 1507 1117 capnt.

195 1164 320 1207 eernere
344 1143 501 1228 possimus,
528 1164 568 1207 ex
580 1143 677 1207 multis
694 1164 770 1228 quae
786 1144 821 1206 da
835 1143 886 1207 illo
901 1153 1074 1228 argumento
1088 1143 1273 1229 seripserunt
1286 1165 1356 1230 pau·

195 1266 248 1323 ea,
272 1265 310 1308 ne
331 1245 447 1329 longior
462 1247 535 1325 sim,
559 1247 723 1310 adnotanda
743 1246 854 1331 putavi.
900 1242 948 1309 Ex
968 1244 1073 1329 quibua
1089 1246 1223 1310 catholici
1242 1256 1302 1311 tuta
1319 1249 1354 1311 il-

195 1345 252 1410 lius
269 1347 401 1412 maresia
418 1360 515 1412 mente
531 1357 701 1434 peraperta,
726 1348 912 1427 neeessario,
938 1359 967 1411 ut
984 1348 1109 1433 opinor,
1134 1359 1281 1428 statuent,
1305 1351 1353 1434 qui

196 1446 267 1511 liaeo
283 1450 472 1534 scripserint,
503 1451 604 1514 eadem
624 1450 687 1535 ipsa
701 1451 872 1529 damnasse,
903 1462 934 1514 et
947 1450 1073 1536 ipsamet
1096 1451 1233 1534 dogmata
1248 1471 1303 1515 aua
1318 1453 1353 1516 alo

194 1551 373 1635 apostolieae
395 1551 460 1616 lidei
484 1552 636 1616 eousortio
655 1551 800 1631 reiioere,
832 1554 884 1616 sed
904 1563 935 1617 et
951 1574 1004 1617 eos
1026 1553 1166 1615 damnare
1184 1554 1232 1638 qui
1251 1555 1353 1618 eadem

192 1673 292 1716 seeum
316 1654 445 1717 sentiant
471 1676 506 1718 ae
529 1656 665 1719 doceant.
718 1652 868 1739 Siquidem
893 1654 924 1718 iu
948 1655 1020 1719 haee
1045 1655 1135 1718 verda
1158 1656 1353 1742 seripserunt.

184 1751 271 1825 ‚Nam
298 1757 448 1840 praeolara
473 1756 588 1820 seilicet
609 1757 708 1821 divina
729 1757 821 1821 verba
845 1758 1063 1821 commouioare
1089 1756 1239 1821 nobiseum
1267 1781 1352 1843 qoam

193 1857 369 1921 brevissimo
385 1879 522 1922 sermone
539 1859 690 1924 constitui.
737 1855 921 1943 Quicumque
936 1857 1119 1924 substantiae
1133 1858 1352 1926 similitudinem

194 1979 315 2024 servare
329 1981 394 2022 oum
412 1970 493 2044 patre
510 1961 597 2024 lilium
621 1971 741 2045 putant,
774 1962 932 2025 enaritate
953 1962 1068 2044 lougius
1092 1965 1284 2043 aberrarunt3
1317 1985 1352 2028 eo

195 2063 272 2141 quod
304 2062 498 2146 appellatione
527 2062 590 2147 ipsa
621 2062 743 2147 ingeniti
773 2063 868 2127 simile
899 2064 1058 2128 seeundum
1086 2076 1219 2130 naturam
1246 2067 1354 2130 ooude·

192 2174 306 2227 nunant.
352 2161 469 2226 Rursus
486 2163 527 2226 ita
542 2164 707 2248 disputante
740 2162 833 2229 Filius
855 2186 943 2249 porro
964 2167 1158 2249 generatione
1181 2168 1277 2232 minor
1294 2180 1351 2247 est,

191 2277 222 2328 et
237 2286 308 2329 esse
327 2265 443 2329 dieitur.
488 2263 560 2330 Nou
584 2265 675 2350 igitur
693 2277 814 2330 naturae
831 2267 1050 2332 similitudinem
1077 2290 1200 2333 servaro
1222 2292 1288 2335 oum
1308 2271 1353 2335 in-

190 2367 292 2451 genito
316 2378 424 2453 potest.
471 2365 582 2431 Verum
608 2367 654 2430 dei
676 2369 873 2447 voluntatem,
903 2391 990 2454 qoam
1013 2370 1179 2456 impropria
1202 2372 1351 2458 hypostasi

191 2469 337 2553 integram
356 2469 461 2548 habet,
492 2492 529 2534 ae
547 2470 714 2549 siuoeram,
746 2481 916 2535 conservat.
961 2468 1109 2555 Quooinea
1135 2473 1351 2539 similitudinem

193 2571 309 2654 quidem
327 2582 506 2650 eouservat,
529 2572 581 2636 sed
596 2594 654 2637 nuo
672 2573 702 2636 in
719 2583 842 2652 natura,
874 2594 977 2637 verum
993 2575 1022 2637 in
1040 2576 1192 2643 volontate
1210 2577 1350 2661 positam3

192 2692 229 2736 eo
244 2673 322 2756 quod
337 2675 451 2758 qualem
471 2674 565 2738 voluit
582 2675 645 2759 ipse
662 2675 811 2758 produxit.
857 2673 898 2738 llt
916 2697 1051 2755 mesum,
1075 2675 1231 2761 Quomodo
1249 2700 1307 2742 non
1322 2690 1352 2743 et

192 2794 306 2838 meeum
321 2775 384 2860 ipse
402 2776 504 2840 lateris
527 2776 616 2840 fllium
637 2777 712 2862 patri
735 2788 840 2841 natura
856 2799 913 2842 uun
933 2799 1000 2842 esre
1018 2778 1165 2844 similem?
1208 2779 1350 2861 Rursum,

193 2870 269 2940 Cum
286 2876 362 2941 filius
379 2878 462 2942 exitu
480 2899 583 2943 earere
606 2879 693 2943 omui
706 2879 840 2958 dicatur,
875 2879 923 2964 qui
941 2880 1031 2944 vitam
1050 2882 1165 2968 propria
1184 2902 1223 2946 ex
1248 2893 1352 2947 natura

193 2997 252 3041 oon
278 2977 381 3059 ltabet,
412 2981 527 3045 satu
545 2981 670 3066 ingeniti
695 2991 858 3066 potestate,
890 2982 1020 3066 ingenita
1046 3004 1135 3069 porro
1159 2995 1264 3049 natura
1285 2985 1350 3050 sine

191 3078 252 3143 ullo
268 3080 326 3144 llus
342 3081 422 3145 omui
438 3083 478 3146 sit
497 3093 642 3168 potestate
660 3083 814 3168 superior,
839 3104 937 3148 nonue
953 3085 1107 3150 manifeste
1120 3086 1200 3171 impii
1214 3107 1282 3152 sese
1298 3087 1351 3153 bo·

191 3181 287 3246 mines
304 3184 446 3268 produnt,
470 3185 537 3248 dum
554 3186 705 3251 essentiae
722 3186 911 3250 similitudine
929 3187 1065 3251 diversae
1083 3188 1265 3254 substantiae
1278 3191 1349 3276 dog·
1388 3245 1391 3251 .

175 3305 255 3364 sma,
279 3287 353 3369 quod
372 3287 472 3371 pietati
488 3298 718 3352 consentaneum
735 3298 798 3366 eat,
823 3292 1024 3353 eommntuntl
1067 3287 1199 3367 Deinde,
1224 3289 1349 3378 Propte-

189 3406 260 3467 rea,
284 3387 438 3472 ioquiunt,
463 3390 552 3474 patris
568 3411 674 3455 nomen
690 3390 884 3455 substantiam
901 3412 958 3454 nou
974 3391 1131 3476 signifieat,
1154 3396 1206 3457 sed
1221 3403 1348 3479 potesta-

192 3495 268 3568 tem,
302 3511 378 3574 quae
405 3491 493 3555 lilium
511 3501 578 3556 ante
600 3493 719 3557 sueoula
744 3493 843 3557 omnia
863 3495 947 3557 deum
969 3495 1091 3558 verbum
1107 3495 1265 3579 produxit,
1299 3496 1347 3580 qui

191 3587 385 3655 substantiam
409 3592 488 3657 illam
512 3614 546 3657 ao
566 3605 741 3680 potestatem
763 3593 819 3658 atui
838 3595 868 3658 iu
887 3606 1039 3660 aeternnm
1061 3597 1302 3660 communicatam
1318 3598 1348 3662 in

179 3709 262 3754 sese
284 3694 426 3756 eontinet.
475 3692 608 3780 Perqnnt
629 3697 751 3760 iterum:
786 3693 820 3760 st
844 3697 933 3783 patris
956 3696 1130 3762 vocabulum
1154 3698 1347 3763 subeuntium

190 3789 374 3875 siqnilioare,
398 3815 456 3859 uon
474 3807 647 3880 potestatem
667 3797 775 3876 velint,
807 3799 910 3863 eadem
927 3800 989 3884 ipsa
1009 3800 1101 3886 patris
1117 3821 1190 3865 noue
1207 3800 1349 3884 unigeniti

190 3914 307 3979 quoque
330 3916 484 3981 personam
508 3897 577 3961 lieet
597 3899 753 3982 appellent.

276 3994 337 4063 Sed
354 3998 499 4063 adversus
517 4020 611 4064 novos
628 4000 702 4062 istos
726 3998 889 4066 haereticos
914 4003 991 4069 huno
1005 4001 1037 4066 in
1056 4003 1172 4067 modum
1189 4004 1346 4090 disputabi·
1379 4014 1459 4138 xctlll

222 4199 247 4254 6.
266 4197 328 4267 ἵστη
346 4203 383 4255 ed„
400 4207 484 4257 Peon.
785 4209 819 4255 etl
836 4204 881 4256 aed
898 4206 1029 4274 potestatis
1048 4223 1111 4275 quae
1131 4206 1248 4275 produxit
1269 4209 1347 4262 lilium

223 4267 247 4321 7.
265 4273 355 4335 Scripsi
370 4261 403 4337 ala
417 4269 443 4325 ds
459 4267 530 4342 αὐτῷ
546 4272 694 4340 deputatos
708 4288 752 4336 pre
785 4281 844 4323 anta
860 4273 957 4326 nemla
974 4273 1049 4326 deum
1066 4275 1183 4339 rerbmn,
1213 4294 1287 4345 quam
1301 4278 1346 4330 ha·
1447 4335 1449 4339 f

188 4324 221 4403 ἦν
238 4335 264 4391 dn
280 4333 352 4408 αὐτῷ
368 4340 545 4406 aamercort,
568 4344 631 4405 quenl
646 4345 672 4392 in
686 4344 752 4393 tibris
784 4339 828 4392 bet
844 4340 941 4393 inlidito
954 4341 1002 4410 ipsi
1018 4342 1154 4407 donatam,
1170 4355 1197 4396 et
1213 4362 1287 4414 qoam
1302 4363 1346 4397 es-

187 4407 258 4468 wpo
264 4405 751 4470 leudonerattodtsttnettoneantraltrtrn-
783 4408 890 4463 rentiam
906 4427 937 4462 ae
949 4421 1103 4479 potestatem
1118 4412 1213 4466 habui
1228 4431 1345 4482 pemeus·

188 4469 366 4537 udrueporr’tu.
383 4474 658 4544 Petuntuaoentrettrda
670 4472 750 4531 dead·
783 4487 831 4531 rat.

187 4540 226 4610 τῷ
243 4542 426 4610 tuentum·
445 4547 574 4605 &mar
588 4549 752 4610 memmei
816 4547 842 4603 ἃ
859 4544 1099 4616 moveturmouetur
1114 4555 1148 4603 ert
1164 4551 1285 4607 uuum
