3096 5070
184 267 244 330 144
605 278 729 332 omer!
745 279 915 331 mnam!

180 396 232 460 καί
256 392 398 460 οῦδίποτε
419 394 542 461 διίλειπε
562 402 617 463 τοῦ
638 392 727 475 είναι,
757 392 817 461 ἄλλ’
832 397 866 462 ίκ
888 393 1001 481 πατρός
1018 395 1072 479 μίν
1094 391 1187 462 αῦτδν
1203 419 1342 483 γεγεννη-

182 497 272 581 μίνον
286 493 421 580 άνάργως
435 500 486 564 καλ
509 496 658 585 άγρύνως·
690 501 732 575 είς
745 496 780 565 τό
793 504 910 580 πνεῦμα
927 498 959 564 δί
978 494 1012 564 τό
1026 496 1112 584 άγιον
1127 494 1236 575 πάντες
1254 490 1344 567 ούεσε

180 602 388 683 βλασφημοῦσι
397 650 407 679 ,
434 597 476 685 μη
491 608 746 688 συναριθμοῦντες
763 598 837 667 αύτό
861 602 952 685 πατρί
967 604 1018 666 καλ
1038 603 1094 690 υίηῑ
1112 603 1144 668 lv
1158 608 1195 691 τῇ
1208 599 1343 684 θεότητε.

183 700 332 778 Πολλάκις
352 702 385 767 δί
409 705 474 789 περὶ
491 701 600 771 τούτου
627 702 721 771 πολλά
738 705 928 786 διελέχθημεν
935 752 944 783 ,
975 704 1026 770 καλ
1047 705 1079 770 ίν
1100 701 1209 794 ίκάστη
1231 704 1348 790 αίρίσιι

180 801 282 888 κύνει
302 801 450 889 άληθινην
469 807 536 891 περί
553 806 647 873 αὐτοῦ
666 805 807 872 σύστασιν
831 805 868 871 ού
891 809 1005 891 μικρῶς
1028 802 1269 892 ύφηγησύμεθα,
1299 802 1347 885 νίς

180 904 234 974 σύν
254 909 344 993 πατρί
365 910 417 973 καλ
443 911 501 999 υίιγῦ
519 917 754 994 κυριολεκτεῖται
809 913 934 990 Πνεῦμα
955 905 1011 993 γάρ
1036 912 1144 995 κυρίου
1165 907 1349 993 πεπλήρωκε

179 1006 236 1093 την
256 1011 452 1094 ολκουμλνην,
484 1008 518 1076 τό
545 1019 661 1094 πνεῦμα
689 1017 743 1094 τῆς
771 1006 928 1092 άληθείας,
961 1008 994 1075 τδ
1023 1018 1141 1095 πνεῦμα
1169 1019 1224 1079 τοῦ
1251 1016 1345 1079 θεοῦ.

182 1117 310 1196 Πνεῦμα
325 1110 380 1198 γάρ
403 1118 512 1198 κυρίου
528 1114 654 1199 λέγεται,
684 1114 735 1177 καλ
751 1114 784 1178 ίκ
800 1111 912 1196 πατρός
925 1111 1176 1198 ίκπορευόμινον,
1205 1115 1257 1181 καί
1280 1111 1344 1181 ἐδ

179 1217 248 1282 υίοῦ
264 1214 428 1298 λαμβάνον,
457 1214 647 1301 χαριζόμενόν
670 1239 701 1280 τε
716 1213 754 1280 τά
774 1218 938 1301 χαρίσματα
954 1214 1109 1300 διαφόρως
1133 1212 1175 1293 σάς
1192 1214 1346 1299 βούλεται,

180 1320 310 1403 ίρευνεῖν
326 1318 377 1383 καλ
392 1315 429 1384 τά
442 1316 528 1401 βάθη
541 1325 595 1384 τοῦ
611 1324 698 1395 θεοῦ,
715 1313 770 1382 σύν
781 1319 872 1402 πατρλ
887 1318 938 1382 καί
950 1320 1006 1408 υἱῷ
1020 1316 1068 1399 δν,
1081 1322 1232 1402 βαπτίζον,
1243 1340 1345 1405 σφρα-

180 1426 275 1509 γίζον,
296 1427 425 1487 τελειοῦν
440 1418 494 1487 τόν
509 1421 752 1506 ίσφραγισμίνον.
786 1417 854 1485 Ἲνα
869 1420 901 1485 δὲ
918 1417 960 1503 μὴ
980 1422 1111 1487 ίνεαῦθα
1123 1420 1257 1505 κάματον
1268 1418 1344 1489 άνα·

181 1527 323 1606 δίξωμαι,
353 1521 390 1588 τά
407 1520 468 1606 ἤδη
487 1548 538 1606 μοι
561 1523 700 1607 είρημίνα
724 1524 756 1587 δν
777 1529 819 1611 τῷ
840 1520 956 1611 μεγάλην
970 1521 1049 1612 λόγηι
1066 1529 1109 1613 τῷ
1123 1525 1192 1610 περλ
1207 1528 1348 1603 Πίστεως

181 1629 323 1714 γραφέντι
343 1628 386 1702 εδς
409 1622 447 1690 τά
470 1626 546 1711 μέρη
566 1632 620 1708 τῆς
637 1622 814 1707 Παμφύλων
839 1623 1070 1711 παραθήσομαι,
1092 1623 1169 1710 πρός
1187 1622 1347 1693 άντίθεσιν

179 1730 234 1814 μάν
248 1736 309 1794 νῦν
321 1727 576 1812 βλασφημούντων
591 1726 624 1793 τό
642 1726 729 1814 άγιον
743 1733 874 1811 πνεῦμα,
905 1730 948 1804 είς
963 1730 1155 1797 διδασκαλίαν
1170 1729 1203 1794 δί
1215 1735 1277 1795 τιδν
1293 1731 1345 1797 δν-

180 1829 383 1918 τυγχανόντων
403 1831 455 1897 καλ
468 1833 511 1908 ιίς
528 1829 694 1914 εῦφρασίαν
711 1837 772 1897 νῦν
792 1828 961 1913 πνιύμαιος
982 1827 1069 1917 άγίου
1087 1832 1337 1916 καταξιουμίνιιν.

183 1936 245 2001 Καί
266 1936 328 2001 ίστι
346 1932 422 2000 τόδε.

413 2348 500 2405 *ΕΚ
526 2348 615 2406 ΤΟΥ
641 2345 917 2405 ΔΓΚΥΡΩΤΟΥ
941 2347 1103 2403 ΛΟΓΟΣ.

45 2473 114 2544 Κῑφ·
131 2468 164 2544 β·
259 2448 415 2535 Ἐ’ῑίφᾶῑη
431 2447 550 2538 'fliete
567 2456 622 2517 τοῦ
639 2454 745 2534 κυρίου
764 2445 850 2533 ἡμῶν
869 2446 966 2533 Ἰησοῦ
983 2455 1116 2535 Χριστοῦ
1137 2447 1340 2517 ’διδάσκουσι

180 2551 275 2639 ἡμᾶς,
296 2558 348 2620 ίνα
362 2551 560 2641 ἀρνησάμενοι
573 2551 629 2635 τήν
643 2552 782 2635 ιἰσίβειαν
796 2553 848 2619 καί
866 2549 920 2629 τάς
940 2549 1086 2634 κοσμικάς
1103 2553 1271 2635 ίπιθυμίας
1283 2572 1342 2619 σι·

53 2688 105 2736 ρας.
117 2676 163 2722 n
180 2656 301 2744 φρύνως
315 2659 366 2725 καλ
381 2656 511 2740 εύσεβῦς
528 2657 602 2721 *καί
620 2658 744 2732 δικαίας
764 2653 897 2738 ζήσωμεν
913 2657 946 2721 ίν
962 2660 1005 2743 τῷ
1020 2661 1075 2719 νῦν
1092 2657 1195 2735 αίῦνι,
1217 2656 1345 2741 προςδε-

180 2760 299 2844 γόμενοι
317 2758 371 2843 τὴν
392 2762 540 2845 μακαρίαν
564 2760 667 2824 ἐλπίδα
689 2759 739 2823 καί
768 2755 945 2838 ἐπιφάνειαν
968 2762 1022 2839 τῆς
1037 2755 1126 2839 δόξης
1141 2763 1195 2822 τοῦ
1211 2754 1346 2844 μεγάλου

180 2870 256 2930 θεοῦ
279 2865 329 2929 καί
352 2869 485 2948 σωτῆρος
505 2858 592 2945 ἡμῶν
611 2858 710 2945 Ἰησοῦ
731 2866 881 2947 Χριστοῦ,
916 2858 975 2936 δός
998 2862 1109 2926 ίδοικεν
1135 2858 1243 2928 ἑαυτόν
1263 2857 1344 2947 ύπδρ

181 2961 279 3051 ἡμῶν,
301 2967 545 3052 ίναλυτριύσηται
563 2961 644 3047 ἡμᾶς
659 2960 720 3029 άπδ
735 2962 832 3046 πάσης
850 2958 984 3046 ύνομίας,
1006 2963 1058 3028 καλ
1076 2968 1229 3054 καθαρίσῃ
1244 2964 1347 3053 δαντᾷ

180 3066 253 3134 λαόν
268 3065 458 3155 περιούσιον,
479 3064 611 3150 ζηλωτόν
623 3072 722 3132 καλῦν
737 3068 847 3152 ἔργων,
869 3067 1025 3147 ίξαλείψας
1045 3063 1078 3130 τό
1095 3063 1168 3131 καθ’
1183 3062 1270 3150 ἡμῶν
1284 3089 1345 3150 ηει-

181 3169 336 3257 ρόγριιφον
355 3179 418 3246 τοῖς
440 3168 599 3256 δόγμασιν,
629 3160 907 3252 ῦῆνύπεναντίον
932 3165 1028 3251 ἡμῶν·
1061 3160 1176 3255 4ἦρκεν
1196 3170 1230 3234 ίκ
1248 3169 1346 3251 μίσου

180 3273 372 3359 προςηλόσας
398 3269 471 3339 αύτδ
497 3279 539 3361 τῷ
564 3277 696 3363 σταυρῷ·
734 3268 976 3354 άπεκδυσάμενος
1000 3267 1053 3348 τάς
1076 3267 1182 3355 ’Λργάς
1206 3271 1259 3336 καί
1283 3270 1347 3350 τάς

179 3363 331 3455 Ἐξονσίας
344 3373 576 3462 ὓἐδειγμάτισεν,
598 3378 629 3442 ίν
643 3379 794 3463 παρρησίη
807 3371 1015 3460 θριαμβεύσας
1029 3371 1159 3451 οαύτούς
1174 3375 1206 3440 ίν
1225 3370 1345 3464 ἀύτςῦ·

184 3479 306 3566 ’θύρας
318 3485 426 3563 χαλκαῖς
441 3482 622 3565 συντρίψας,
643 3479 694 3543 καλ
710 3474 836 3561 μοχλούς
854 3480 997 3561 σιδηροῦς
1012 3474 1198 3554 συνθλάσας,
1220 3472 1254 3541 τό
1270 3482 1346 3557 φιῦς

181 3575 275 3659 αῦθις
295 3579 429 3659 ύπέδειξε
450 3588 504 3665 τῆς
524 3584 616 3663 ζωῆς,
647 3588 745 3664 χεῖρας
769 3580 899 3666 δρίγων,
930 3576 1098 3658 όδοποιῦν,
1132 3575 1346 3664 ’ύποβάθραν

181 3682 319 3772 σύρανῦν
333 3681 526 3765 ύποδεικνύς,
551 3683 740 3766 Παρύδεισον
754 3674 847 3759 αύθις
865 3685 957 3749 οίκεῑν
975 3681 1075 3760 δξιιῦν.
1124 3686 1231 3746 Τοίνυν
1243 3680 1345 3772 κατρί-

181 3810 270 3871 κησεν
284 3790 315 3854 ίν
330 3784 416 3871 ἡμῖν,
447 3787 499 3851 καί
514 3782 546 3852 εδ
563 3789 711 3866 δικαίωμα
725 3791 780 3851 τοῦ
803 3783 899 3870 νόμου
915 3783 987 3861 δούς
1000 3781 1072 3867 ἡμῖν
1089 3790 1143 3850 τοῦ
1159 3780 1343 3866 πνεύματος,

181 3893 223 3967 είς
237 3889 270 3957 τό
282 3897 395 3977 γνῶναι
409 3885 512 3968 αύτύν,
539 3886 602 3971 1οἢ
615 3885 652 3954 τά
666 3889 734 3974 περί
751 3886 857 3967 αύτοῦ,
879 3886 899 3954 ό
913 3889 991 3953 ίστιν
1007 3883 1082 3971 άρχή
1095 3887 1147 3952 καλ
1157 3888 1238 3963 τίλας
1253 3892 1344 3971 ζωῆς.

183 3993 288 4077 Νόμος
303 3993 495 4074 δικαιοσύνης
511 3992 629 4077 γίγονεν
648 3987 737 4074 ἡμῖν,
772 3988 908 4073 ιινόμος
921 3995 1062 4068 πίστεως,
1092 3987 1185 4072 νόμος
1207 3990 1345 4073 πνεύμα-

179 4119 245 4175 τος,
273 4094 430 4183 ἐλεύθερος
448 4096 481 4160 ίκ
505 4091 602 4178 νόμου
620 4091 775 4177 ησαρκός
795 4090 948 4180 άμαρτίας.
992 4090 1049 4159 Διό
1069 4090 1278 4175 1’συνήδομαι
1296 4100 1344 4184 τῇ

180 4198 264 4290 νόμρι
284 4206 339 4265 τοῦ
358 4205 434 4265 θεοῦ
453 4194 528 4264 κατά
553 4194 605 4264 τδν
625 4199 683 4263 λσω
705 4193 883 4282 ἄνθρωπον·
911 4199 969 4262 δσω
991 4195 1024 4260 δί
1048 4191 1134 4278 ἡμῶν
1155 4191 1174 4260 ό
1199 4193 1343 4282 Χριστός,

213 4321 238 4373 2.
255 4325 363 4374 fortem
378 4320 422 4375 τοῦ
439 4320 503 4374 υἱοῦ.
807 4320 833 4372 2.
851 4316 896 4372 καί
912 4318 1020 4378 δικαίως
1036 4333 1081 4368 om.
1100 4320 1185 4369 Αποοτ.

213 4388 240 4458 ‘)
260 4392 316 4441 Vide
338 4394 447 4442 Διιιοτοε.
471 4405 522 4452 ιαμ.
533 4388 573 4442 65.
583 4426 592 4453 ‚
614 4387 741 4452 ςιῦῖεος.
808 4386 832 4439 3.
851 4383 888 4447 ιδς
904 4390 954 4437 ινδ
972 4389 1070 4450 Βλιδιρ.

180 4460 217 4511 εδ.
233 4461 315 4512 Ριλσν.
809 4452 964 4507 ί.1ιιίιισοτ.
980 4458 1064 4519 ίιςθιιε
1078 4447 1142 4521 ἄρας
1158 4451 1188 4507 ἐκ
1204 4452 1284 4521 μίσεα
1293 4454 1345 4511 καλ

216 4526 354 4577 euml.-
383 4526 406 4581 ί,
421 4527 467 4582 καὶ
479 4526 598 4593 σωτῆρας
610 4525 680 4577 owe
694 4528 743 4577 σε·
775 4521 942 4592 προςηλοίαας
958 4524 995 4591 τῷ
1014 4539 1051 4575 ατ.

180 4609 227 4648 σοι.
809 4592 832 4645 5.
850 4585 1077 4659 παριδειγμάτιοεν
1094 4592 1178 4642 mor.
