3096 5070
430 281 568 334 rancun
588 282 711 334 maru.
729 281 813 334 rou.
828 280 848 330 r.
867 280 968 333 naun.
984 281 1108 332 cxxvi.
1292 266 1354 331 205
1423 331 1426 342 ,

190 420 232 469 cx
257 410 360 486 patre,
396 402 544 486 periectos
575 402 788 486 cupersano,
824 402 973 486 perfectus
1005 400 1104 464 itidem
1138 398 1258 484 spiritus
1288 419 1356 463 sau-
1458 397 1463 412 '

191 514 335 569 ctu-est.

273 603 358 689 Quae
382 627 447 669 cum
469 606 509 669 ita
534 607 611 686 sint,
643 607 756 670 duobus
779 606 910 670 tribusve
932 605 1108 670 testimoniis
1129 605 1245 669 illorum
1269 605 1350 668 dete·
1369 613 1507 682 espvut.

188 708 304 795 gendos
321 730 409 774 error
425 720 482 773 est.
527 706 605 772 Nam
622 709 648 771 si
666 710 795 793 genitum
819 709 855 771 ab
872 710 923 772 itto
940 710 1028 775 titium
1055 707 1175 771 omnino
1198 708 1353 785 fateamur,

188 813 312 877 undem
336 822 366 875 et
384 811 512 896 genitori
539 810 662 874 similem
689 812 859 876 necessario
883 812 1048 874 fatebimur.
1093 808 1286 895 Perspicuum
1303 830 1355 872 au·

186 923 247 979 um
266 926 330 992 eat,
354 936 420 978 curn
445 913 641 978 verbotenus
664 913 795 998 genitum
821 934 888 976 esse
915 914 992 976 dicat
1013 912 1124 991 fitium,
1154 912 1252 996 reipsa
1270 930 1354 974 crea·

188 1028 284 1081 tm·
305 1016 480 1081 existimare
499 1039 533 1080 ao
553 1017 694 1094 credere,
720 1017 759 1078 ita
778 1026 809 1078 ut
824 1016 886 1079 sola
905 1016 950 1079 dei
968 1016 1062 1099 gratia
1080 1014 1156 1078 ttius
1174 1014 1353 1098 appeliatum

188 1140 265 1205 qno
290 1129 335 1183 est
361 1118 533 1182 coelestium
560 1119 685 1182 finitoris
707 1118 803 1197 iliius,
835 1131 865 1181 et
887 1139 988 1182 corum
1009 1139 1084 1202 quae
1105 1116 1193 1181 dividi
1210 1138 1269 1179 uon
1287 1135 1354 1200 pos·

189 1233 260 1289 unt
285 1221 443 1299 divisoris,
478 1232 509 1284 et
535 1232 654 1284 nostrae
682 1242 735 1307 per
761 1217 912 1285 Christum
937 1221 1041 1284 salutis
1067 1218 1212 1284 mensoris
1243 1217 1352 1303 opinio.

189 1320 303 1389 Verum
321 1324 450 1387 omnium
466 1324 590 1387 istorum
614 1325 710 1387 oratio
731 1325 816 1387 facile
841 1324 994 1402 concidet,
1027 1323 1075 1407 qui
1098 1345 1150 1409 pro
1168 1332 1304 1386 creatura
1319 1321 1354 1384 il·

192 1424 251 1491 lum
265 1427 351 1491 uobis
369 1426 546 1506 obtrudunt,
571 1439 657 1510 atque
676 1427 704 1489 iu
723 1427 822 1511 primis
838 1426 978 1490 haeretici
995 1425 1097 1505 huius,
1122 1446 1206 1509 quem
1227 1424 1271 1487 tris
1288 1444 1355 1487 ver-

194 1526 358 1594 biotnerito
376 1528 460 1591 affari
476 1549 563 1613 posse
582 1528 651 1591 mihi
670 1529 784 1593 videor.
829 1527 887 1594 Dic
906 1529 993 1607 mihi,
1024 1549 1153 1613 quaeso,
1186 1527 1254 1611 quid
1272 1527 1354 1589 deti·

194 1629 240 1696 tto-
251 1631 296 1695 tri
308 1631 437 1710 sentias,
462 1642 492 1694 et
508 1642 670 1694 utrumnam
685 1643 849 1695 creaturam
866 1654 902 1695 an
922 1633 1031 1694 foetum
1048 1631 1084 1694 ab
1101 1631 1203 1694 eodem
1223 1629 1354 1713 genitum

195 1731 360 1797 arbitrere?
402 1730 481 1796 Nam
500 1734 524 1796 si
541 1744 706 1798 creaturam
723 1755 790 1796 esse
805 1745 936 1811 statuas,
968 1734 1071 1797 desine
1091 1735 1172 1797 virus
1187 1733 1256 1796 illud
1275 1744 1355 1796 tuum

196 1834 301 1901 attico
320 1834 552 1899 dissimulatione
576 1847 694 1920 tegere,
730 1847 760 1899 et
777 1859 792 1898 a
811 1848 894 1922 patro
912 1837 1042 1920 genitum
1067 1835 1147 1899 idum
1170 1857 1244 1900 voce
1270 1846 1356 1899 tenus

195 1937 394 2023 pronuntiare.
441 1935 559 2001 Etenim
586 1939 720 2023 quicquid
742 1950 872 2002 creatum
892 1951 956 2018 est,
990 1941 1119 2024 genitum
1143 1959 1284 2002 essenon
1303 1959 1355 2023 po·

194 2048 273 2118 test,
305 2050 335 2103 et
351 2040 375 2104 si
395 2039 526 2123 genitum
548 2053 609 2121 est,
635 2052 765 2105 creatum
783 2064 840 2105 non
858 2052 914 2105 est.
961 2037 1159 2123 Quamobrem
1175 2043 1304 2126 genitum
1320 2042 1355 2106 it·

193 2140 254 2207 dom
270 2142 360 2207 verbo
382 2145 536 2209 nominare
558 2143 673 2207 desine.
719 2143 788 2208 Nou
807 2143 884 2206 enim
909 2144 995 2206 deoct
1017 2155 1047 2207 tc
1068 2145 1114 2207 vct
1133 2145 1197 2229 ipso
1216 2166 1354 2208 sermone

192 2242 328 2310 veritatis
347 2268 436 2310 voces
455 2247 634 2331 exprimere.
681 2244 761 2330 Quin
779 2247 875 2333 potius
900 2246 1028 2310 fraudem
1047 2258 1125 2310 tuam
1146 2269 1261 2311 omnem
1277 2249 1355 2312 edic·

190 2366 278 2426 nro,
301 2359 335 2412 ut
347 2350 396 2434 qui
414 2351 456 2413 sis
472 2369 652 2433 cognoscere
671 2351 835 2433 possimus,
859 2371 893 2411 ao
910 2349 1085 2413 malitiosum
1104 2360 1183 2412 tuum
1200 2350 1353 2413 artificium

177 2447 341 2535 Rupere,
366 2472 384 2513 o
403 2462 534 2536 captator
550 2452 731 2531 animarum,
755 2473 916 2535 eorumque
932 2473 1007 2536 quos
1021 2451 1117 2536 diligis
1132 2452 1273 2516 insidiose
1290 2473 1355 2515 cor·

190 2553 311 2638 nptorl
359 2550 419 2619 Sed
441 2556 510 2618 tttou
529 2554 581 2617 abs
599 2565 626 2617 te
648 2576 758 2638 quaero
778 2555 865 2618 titium
888 2555 933 2617 dci
956 2556 1061 2618 adores
1080 2556 1194 2617 necne?
1238 2555 1352 2633 Adoro,

190 2652 297 2741 inquit.
344 2655 410 2740 Aga
438 2657 522 2721 deum
550 2658 674 2735 adoras,
710 2679 746 2719 an
772 2660 852 2720 noni
896 2655 961 2742 Ego
984 2678 1073 2734 vero,
1106 2657 1216 2741 inquit,
1248 2659 1352 2722 adoro.

191 2750 250 2822 tibi
264 2757 355 2841 igitur
373 2759 590 2836 tueremur,
623 2780 708 2842 quem
733 2771 764 2822 tu
782 2772 913 2824 creatum
931 2760 1168 2844 adorandumque
1183 2759 1355 2844 praedicas?

193 2853 271 2924 Nam
289 2859 315 2923 si
333 2850 421 2923 utrum
438 2862 583 2925 duntaxat
602 2862 743 2925 colendus
766 2863 938 2925 adoratione
960 2863 1032 2926 deus
1051 2874 1118 2925 asc
1136 2875 1266 2926 creatum
1285 2864 1354 2927 ado·

194 2959 255 3025 nri
276 2963 389 3041 votuit,
422 2975 519 3027 cetera
545 2985 618 3028 vero
639 2965 734 3027 omnia
755 2964 803 3028 itte
826 2965 889 3049 ipsc
908 2964 955 3048 qui
973 2965 1103 3028 condidit
1122 2965 1239 3028 adorari
1260 2975 1352 3046 vetat,

195 3070 228 3127 ot
240 3083 293 3128 cos
309 3067 428 3129 damnat
448 3065 497 3150 qui
514 3077 629 3131 creatur
645 3087 693 3130 res
708 3067 880 3130 adoratione
896 3079 1093 3145 venerantur,
1125 3090 1190 3131 cum
1206 3070 1247 3132 ita
1270 3089 1354 3154 prae·

193 3165 311 3230 toribdr
342 3172 511 3249 Nonsocies
528 3172 582 3231 tr'dr‘
595 3172 681 3232 uttam
697 3173 924 3244 semilatratum,
958 3182 987 3232 et
999 3172 1133 3232 cdorudt'a
1152 3193 1232 3246 eom,
1264 3194 1354 3255 aeque
1368 3187 1438 3236 ttmu
1446 3190 1506 3246 tat.

191 3271 223 3331 dn
242 3273 336 3345 coro,
368 3293 457 3353 neque
473 3277 502 3334 in
525 3285 619 3346 terra,
652 3294 743 3353 neque
763 3277 792 3334 t'n
813 3278 905 3353 cqur'a.
952 3271 1012 3338 Sed
1036 3284 1065 3336 et
1083 3274 1250 3357 apostolus,
1281 3279 1351 3336 Ser·
1362 3293 1428 3337 Rom.
1441 3292 1461 3350 1,
1472 3292 1506 3338 rt.

191 3374 321 3446 demut,
356 3373 468 3457 inquit,
501 3387 652 3436 creaturae
668 3381 766 3455 potuita
786 3397 867 3455 quom
882 3381 1020 3450 creatum,
1050 3388 1079 3437 et
1092 3380 1352 3458 stultr‘soctr'aunt.

194 3468 316 3554 Quaero
333 3472 422 3558 igitur
439 3498 492 3540 cur
509 3477 625 3540 adorari
650 3479 746 3540 omnia
767 3477 816 3540 itta
840 3477 1011 3561 prohibeat?
1053 3476 1133 3542 Nom
1156 3481 1229 3543 deus
1252 3500 1353 3564 perso·

195 3590 298 3636 aarum
318 3579 459 3641 rationum
479 3579 584 3643 habet?
628 3577 752 3643 Minime
775 3601 860 3643 vero.
907 3577 1007 3663 Quare
1028 3581 1164 3664 hocipao
1184 3583 1259 3665 quod
1278 3603 1352 3646 uuus

194 3674 359 3743 adorandus
377 3691 440 3758 est,
464 3681 550 3744 adium
570 3682 647 3744 hunc
664 3703 681 3745 a
697 3693 864 3745 creatarum
876 3703 973 3745 rerum
991 3682 1159 3746 conditione
1176 3703 1243 3745 csse
1261 3684 1353 3767 signi·

192 3774 279 3856 doct,
305 3791 334 3843 et
347 3795 511 3846 creaturam
530 3782 677 3860 vicissim,
710 3805 785 3867 quae
800 3784 915 3847 adorari
936 3784 1121 3868 prohibetur,
1151 3786 1187 3847 ab
1204 3786 1353 3850 adorando

192 3878 311 3947 tonino
329 3883 434 3968 deique
450 3884 508 3947 [itio
525 3895 586 3947 eta
605 3895 684 3967 patre
707 3886 807 3966 genito
826 3886 985 3950 divorsum.
1031 3882 1118 3968 Quod
1141 3887 1219 3950 euim
1237 3888 1353 3974 abipso

191 3982 309 4068 ponitus
327 3998 373 4049 est
393 3987 457 4049 eius
479 3985 582 4048 similis
605 3985 791 4070 aequatisque
810 3987 904 4066 fitius,
934 3989 1001 4051 ideo
1020 3989 1056 4051 ab
1074 3988 1209 4054 omnibus
1227 3992 1353 4056 adoran·

191 4085 245 4150 dua
268 4097 325 4152 est.
370 4093 426 4150 Per
451 4091 527 4150 dunc
552 4091 644 4150 omnic
660 4091 749 4171 decit,
780 4101 810 4150 et
825 4093 887 4150 acite
911 4094 972 4170 apso
988 4093 1102 4173 farctum
1124 4103 1167 4152 est
1187 4097 1269 4155 nt‘dt‘l.
1318 4092 1351 4158 lu
1365 4113 1495 4176 tomum

190 4185 275 4274 ipso,
300 4191 435 4274 iuquam,
466 4211 594 4254 necnon
613 4202 643 4254 et
657 4202 760 4255 sancto
778 4211 833 4254 suo
850 4189 972 4275 spiritu,
1003 4193 1051 4275 qui
1069 4213 1086 4254 a
1101 4214 1134 4258 se
1150 4197 1298 4280 procedit,
1323 4211 1354 4262 et

192 4288 229 4355 de
249 4291 309 4354 utto
332 4292 455 4376 accipit,
489 4291 618 4356 condidit
639 4314 674 4356 ac
701 4294 826 4358 firmavit
841 4294 992 4358 universa.
1039 4297 1128 4357 Verbo
1148 4302 1221 4360 entia
1243 4304 1504 4382 dominicatam

191 4395 390 4474 coelifirnrutr'
403 4406 489 4473 runt,
513 4406 543 4456 et
555 4399 660 4477 spara'tu
675 4401 734 4458 oris
747 4403 808 4459 eius
824 4401 914 4459 omna'a
928 4400 1019 4458 caitus
1036 4420 1143 4462 eorum.
1189 4398 1269 4466 Nam
1285 4425 1351 4467 cum

193 4529 321 4580 &aanor
336 4529 448 4599 ipsorum
462 4535 537 4583 cerm
564 4534 592 4582 tn
606 4533 673 4584 edttts
686 4535 756 4597 calco
772 4540 804 4586 est
822 4527 907 4587 adrui·
