3096 5070
259 240 321 305 ³16
684 255 990 308 ειιιαειεειεειικη

258 374 349 436 κτίσει
363 369 586 456 λατρεοσάνταν
602 368 643 449 τίς
661 373 894 458 ίμαρᾶνθησαν,
925 379 991 448 ποῦς
1005 373 1062 439 οῦκ
1079 371 1118 438 ἀν
1134 369 1271 458 εῦρεθείη
1286 376 1336 441 έπλ
1354 377 1417 440 κτί-

259 493 347 556 σματι
364 469 440 538 θεῦν
455 472 630 556 λαμβάνειν,
659 476 710 540 καλ
727 481 834 541 τοῦτον
854 483 1031 560 προςκονεῖν
1046 500 1077 540 τε
1097 478 1151 540 καλ
1174 480 1334 562 γεραίρειν,
1362 483 1418 560 τῆς

259 578 383 651 πίστεως
399 573 487 655 φύσει
510 575 768 660 παρεκβαίλοῦσης
781 575 816 642 τῦ
832 576 1036 661 προςκννητῦν
1052 577 1181 647 ἀπὸτοῦ
1196 586 1331 656 κτιστοῦ,
1362 581 1419 646 καλ

256 676 290 742 τῦ
309 675 426 743 κτιστὸν
440 676 502 744 ἀπῦ
519 686 572 745 τοῦ
590 687 805 763 προςκννητοῦ.
849 681 910 743 Καί
927 678 984 766 γάρ
999 682 1028 744 εί
1042 680 1117 756 ὅλας
1131 687 1218 747 τοῦτο
1234 680 1323 746 οὐδέν
1342 685 1419 749 ῦιοέ-

257 801 316 858 σει,
346 778 424 864 πρὸς
444 780 516 858 τοῦς
533 789 570 872 τῇ
585 787 676 848 κτίσει
692 780 725 848 τῦ
739 784 828 866 σέβας
841 784 981 864 νέμοντος
1004 782 1093 848 οὐδέν
1109 780 1269 867 πρόκριτον
1286 786 1369 850 ἔσται
1382 787 1418 851 ίν

259 887 495 971 Χριστιανισμρῦ,
525 887 606 949 έσται
625 885 658 949 δέ
674 882 695 967 ή
710 885 831 967 τοιαύτη
846 889 943 960 πίστις
958 888 1171 968 είιλολολατρεία
1187 892 1296 967 μᾶλλον
1311 884 1419 969 ήθεο-

256 986 363 1067 σέβεια.
410 991 620 1070 Προςειννοῦσι
639 986 696 1072 γάρ
721 987 854 1053 κάκεῖνοι
878 986 977 1070 ήλιον,
1011 989 1062 1052 καλ
1086 988 1227 1070 σελήνην,
1258 989 1309 1053 καλ
1324 987 1418 1054 ὅονά-

256 1111 334 1169 μεις,
363 1087 497 1173 οὐρανόν
510 1113 541 1153 τε
554 1091 604 1154 καλ
620 1096 691 1174 γῆν,
722 1091 774 1156 καί
789 1089 826 1153 va*
839 1088 911 1154 ἀλλα
925 1095 1073 1173 κτίσματα.
1118 1091 1179 1154 Καὶ
1200 1090 1238 1155 οὐ
1256 1088 1289 1156 τῦ
1306 1090 1419 1174 6162·-
1495 1124 1500 1137 ’

255 1215 309 1274 ρον
337 1197 397 1256 τῶν
425 1190 591 1274 κτισμάτων
618 1200 746 1257 ποιεῖται
774 1191 807 1257 to*
829 1199 948 1276 θαῦμα·
982 1191 1055 1258 οάῦέ
1081 1194 1184 1257 διοίσει
1209 1190 1242 1258 τῦ
1267 1195 1419 1279 έξόρπον
1495 1228 1498 1233 ⁴

259 1293 377 1381 οέαυτγῖ
392 1291 425 1359 τῦ
442 1301 496 1377 τῆς
512 1291 667 1376 ῦμοτιμίας
681 1292 731 1359 ῦιά
746 1293 779 1360 τῦ
796 1290 973 1378 ὁμόνομον,
1002 1289 1060 1359 κάν
1074 1319 1105 1359 τε
1123 1291 1419 1379 ῦπερτεταλῦνπσταε

255 1393 289 1460 τῦ
305 1395 358 1477 μέν
372 1394 434 1461 ἀπῦ
451 1404 506 1462 τοῦ
522 1398 632 1481 έτέρον.
677 1393 735 1473 Ek
754 1397 808 1483 γάρ
826 1399 903 1463 ἐστιν
921 1394 939 1463 o‘
955 1394 991 1461 τῦ
1009 1394 1163 1480 ἀμφότερα
1185 1395 1330 1480 ποιήσας,
1360 1400 1417 1469 καλ
1497 1432 1514 1456 .¹
1540 1415 1544 1431 ⁴

128 1506 241 1562 ΝΜ
256 1494 471 1582 ἀποκληρώσας
493 1497 621 1587 έκάστρι,
652 1499 709 1565 οῦκ
733 1499 880 1583 ὀνόματος
900 1496 1103 1585 παραλλαγήν,
1132 1494 1192 1562 ἀλλ’
1208 1497 1322 1579 οὖσίας.
1363 1497 1418 1567 Ἐν
1496 1520 1507 1537 ··

256 1597 349 1664 ἀπασι
364 1599 420 1687 γὰρ
440 1610 504 1677 τοῖς
522 1603 720 1684 κεκτισμένοις
742 1601 776 1666 τῦ
794 1602 903 1668 δοῦλόν
922 1603 981 1666 έστι
998 1605 1051 1666 τοῦ
1072 1605 1231 1682 κτίσματος
1248 1596 1282 1667 τῦ
1304 1599 1414 1686 ὄνομα,

255 1699 315 1766 ἀλλ’
333 1701 369 1767 οῦ
393 1701 426 1768 τῦ
446 1701 611 1788 ἐλεύθερον.
656 1707 716 1768 Καὶ
742 1707 769 1768 εί
783 1707 816 1770 έν
838 1706 882 1770 ένλ
904 1705 986 1788 μέρει
1008 1702 1042 1768 τὸ
1066 1707 1171 1769 δοῦλον
1194 1714 1413 1788 προςειυνεῑται,

255 1803 345 1869 οῦῦέν
364 1808 469 1871 διοίσει
483 1805 559 1891 πρὸς
574 1805 607 1872 τῦ
622 1803 692 1871 ἀλλο
715 1808 803 1891 μέρος
818 1805 838 1888 ή
852 1804 1064 1890 προςκῦνησις,
1092 1803 1149 1870 κάν
1171 1830 1201 1870 τε
1215 1803 1413 1890 ὑποβέβηκεν.

246 1903 326 1972 Ἴσον
347 1907 404 1993 γάρ
428 1910 489 1974 έστι
512 1915 552 1997 τῷ
571 1907 712 1997 ἀνωτάτςο
732 1907 934 1995 συγγενειάζον
954 1916 996 1997 τῷ
1014 1913 1163 1991 κτίσματι,
1195 1911 1225 1986 έξ
1241 1908 1299 1974 οὖν
1317 1906 1414 1975 ὄντων

254 2006 335 2092 παρά
361 2017 416 2075 τοῦ
441 2009 527 2087 ὄντος
549 2013 777 2096 κεκληρωμένον.
825 2011 985 2076 Ἐντεῦθεν
1008 2009 1040 2077 τῦ
1064 2009 1224 2096 ἀγέννητον
1247 2013 1412 2096 συμπρέπτι

253 2117 334 2199 θεῷ,
361 2113 413 2176 καλ
437 2111 470 2178 τῦ
495 2111 571 2189 θεὸς
591 2119 632 2201 τῷ
654 2113 812 2202 ἀγεννήτρε.
857 2113 914 2178 Διά
930 2111 962 2179 τῦ
981 2115 1111 2199 γέννημα
1125 2113 1182 2179 οὐκ
1199 2115 1286 2199 έργον
1301 2114 1408 2196 φαμέν,

252 2213 323 2280 οῦὸλ
336 2219 465 2297 ποίημα,
495 2214 567 2281 ἀλλά
586 2217 715 2302 γέννημα
729 2215 885 2291 οὗσιοοᾶοῦς
901 2214 962 2281 ἀπῦ
980 2212 1093 2301 πατρός
1110 2213 1262 2300 ἀχράντας
1280 2239 1406 2301 γιγεινη-

252 2318 357 2399 μένον,
379 2307 539 2399 ὅμοοῦσιοῦ
553 2325 594 2406 τῷ
610 2321 699 2404 πατρί
713 2323 766 2384 καί
779 2316 1053 2403 σνμπροςκννητῦν,
1075 2320 1126 2382 καλ
1140 2316 1172 2383 τῦ
1187 2317 1272 2404 ἅγιον
1285 2322 1399 2397 πνεῦμα

252 2422 283 2496 dt
300 2419 411 2499 αὐτοῦ,
441 2423 493 2486 καί
514 2421 572 2486 οῦκ
594 2418 764 2506 ἀλλότριον,
794 2419 840 2486 ῦιό
864 2423 916 2486 καλ
936 2417 1209 2504 συμπροςκννητόν.
1248 2415 1350 2507 Ἐτέρρτ
1368 2418 1401 2483 δέ

251 2528 311 2587 νῦν
326 2525 521 2606 κεκτισμένοον
532 2521 565 2589 τῦ
582 2521 654 2599 θεῦς
665 2521 761 2606 ὄνομα
775 2524 813 2590 οῦ
830 2532 1076 2605 σννεκφανεῑται,
1099 2522 1149 2588 ῦιά
1163 2521 1196 2588 τῦ
1209 2517 1404 2605 μετηλλάηθαι

250 2631 303 2708 τῆς
317 2623 506 2710 ἀγεννησίας,
537 2625 581 2692 ῦτι
599 2629 629 2703 έξ
648 2626 706 2691 οῦκ
729 2624 824 2692 ὄντων
848 2625 1029 2710 κεκλήρωται
1049 2623 1082 2691 τῦ
1104 2623 1187 2691 εέναι.
1226 2620 1307 2690 m}
1322 2621 1406 2708 τριάς

251 2729 309 2811 ¹1¹¹
328 2726 364 2794 το“
386 2728 433 2793 ἀεί
455 2723 546 2809 είναι,
568 2730 619 2793 καλ
642 2728 696 2812 οὐχ
718 2729 817 2814 έτερόν
837 2755 866 2794 τι
887 2728 960 2804 θεὸς
988 2731 1040 2793 καλ
1062 2730 1159 2813 ἕτερον
1180 2726 1214 2793 τῦ
1237 2725 1406 2812 ἀγέννητον.

150 3318 154 3325 ¹
336 3248 552 3326 Σονομολογεῑς
569 3242 618 3320 δέ,
644 3241 755 3320 Ἀέτιε,
783 3239 837 3306 τάν
850 3239 918 3307 νίὸν
934 3242 967 3306 έκ
985 3239 1097 3323 πατρός
1113 3245 1308 3326 γεγεννῆσθαι
1324 3239 1410 3323 είροε·

147 3337 155 3351 ⁹
249 3347 332 3432 νείμ,
354 3346 406 3409 καλ
421 3343 478 3409 οὐκ
492 3344 627 3433 ἀληθείην.
674 3350 742 3408 Πᾶν
758 3341 813 3429 γάρ
828 3341 861 3408 τῦ
876 3343 1016 3428 γεννητόν
1031 3343 1069 3409 οῦ
1085 3340 1212 3421 κτιστῦν,
1234 3343 1286 3406 καὶ
1301 3338 1334 3406 τῦ
1347 3365 1410 3404 κτι·

249 3444 319 3513 στῦν
345 3447 383 3511 οῦ
404 3444 552 3536 γεννητόν.
597 3449 640 3510 Εί
662 3447 695 3511 δέ
718 3442 752 3512 τῦ
773 3444 913 3531 γεννητόν
944 3446 1076 3524 κτιστῦν,
1104 3442 1167 3510 κατ’
1187 3443 1273 3509 ἀλλον
1295 3439 1411 3528 τρόπον

250 3551 328 3616 έστλν
343 3547 476 3614 κτιστόν·
499 3544 541 3624 οίς
560 3545 626 3613 οίόν
643 3550 721 3613 έστιν
734 3551 842 3626 είπεῖν,
855 3547 1036 3631 Ἄνθρωποι
1052 3553 1191 3633 γεννοῦσιν
1208 3542 1410 3630 ἀνθρώπους,

250 3650 309 3718 ἀλλ’
324 3650 361 3716 οὗ
378 3658 538 3731 κτίζουσιν·
561 3643 645 3717 οῦτοι
659 3652 692 3716 δέ
708 3648 826 3716 ἀνωθεν
839 3652 872 3716 έκ
886 3658 963 3714 θεοῦ
977 3653 1032 3715 είσι
1046 3652 1236 3731 ιιεκτισμένοι.
1278 3643 1335 3711 Διά
1353 3644 1411 3709 αῦ·

248 3763 313 3841 τοῖς
327 3753 364 3820 τα“
382 3756 435 3838 μέν
449 3751 617 3840 γεννοίμενα
635 3755 819 3839 γεγέννηται,
851 3751 933 3837 παραὶ
947 3759 1025 3817 θεοῦ
1041 3753 1073 3817 δέ
1090 3751 1127 3818 τά
1141 3750 1238 3816 πάντα
1251 3751 1410 3816 κέκνισται

251 3855 479 3932 Θεσσαλίσκος
499 3856 656 3935 ἀκτίστον,
687 3855 878 3942 γεννήσαντος
894 3856 926 3920 δὲ
942 3857 1037 3942 ἑαυτῷ
1056 3853 1139 3935 υίῦν,
1170 3850 1273 3920 καλοῦ
1291 3855 1408 3917 κτίσαν·

249 3982 314 4039 τος,
344 3958 399 4042 οῦχ
413 3962 510 4045 ἕτερον
525 3963 615 4047 γεννᾷ
632 3957 714 4043 παρά
728 3958 782 4041 τήν
799 3958 892 4024 αὐτοῦ
909 3957 1022 4023 οῦσίαν.
1069 3963 1142 4034 Πῦς
1157 3950 1212 4023 οῦν
1228 3959 1308 4022 ἔσται
1325 3952 1358 4019 τῦ
1378 3955 1410 4030 ἐξ

250 4061 346 4128 αῦτοῦ
365 4063 500 4147 γέννημα
522 4059 655 4140 κτιστῦν,
686 4059 871 4146 τοῦπατρὸς
893 4059 1034 4126 ἀκτίστου
1058 4056 1258 4144 ῦπάρχοντοςς
1310 4059 1352 4120 Et
1375 4056 1410 4122 δέ

249 4162 365 4229 κτιστῦν
380 4161 449 4248 παρ’
471 4163 554 4250 αὐτῷ
571 4162 605 4228 τῦ
620 4156 766 4249 γέννημα,
796 4161 897 4228 οὐκέτι
913 4163 1042 4246 γέννημα
1055 4172 1194 4228 καλεῖται.
1238 4161 1300 4224 Καὶ
1315 4156 1410 4241 πολλή

249 4268 309 4333 έστι
323 4264 400 4351 πρὸς
417 4264 471 4350 τήν
488 4265 627 4348 τοιαύτην
643 4273 697 4348 τῆς
712 4265 840 4342 ἀτοπίας
853 4261 999 4329 ῦπόνοιον
1015 4263 1172 4350 ἀντιλογία.
1210 4261 1358 4347 Ἀπρεπίς
1375 4261 1410 4326 δέ

268 4437 307 4527 ⁸6.
322 4442 504 4565 Βεεριτίοὸιησργα
515 4445 651 4493 omnium
665 4412 739 4494 λαοτί
753 4440 808 4506 τῆς.
842 4440 878 4489 lta
889 4453 962 4501 εαρνο
974 4454 1031 4502 μορ.
1043 4437 1100 4491 936.
1117 4443 1179 4490 dixit
1194 4432 1223 4491 οῦ
1238 4435 1336 4495 διαίτας
1350 4432 1409 4487 έαυ-

248 4526 291 4565 τον
307 4525 375 4575 παρα
392 4525 406 4561 τ
422 4528 434 4562 ι
450 4527 465 4561 υ
491 4526 511 4562 ν.
