3096 5070
426 277 564 334 etstan
581 279 647 331 cra.
659 279 704 330 nr.
720 279 803 332 ron.
816 279 847 330 n.
864 278 965 330 assa.
977 279 1111 331 marr.
1287 269 1346 335 341

196 421 320 487 nuquam
343 399 456 464 audiit?
483 399 548 484 quis
565 398 681 477 docuit,
713 397 867 462 didioitve!
913 402 1107 462 Nemesion
1124 403 1271 480 egreditar
1284 423 1348 463 oer-
1373 413 1477 470 enea.

195 507 258 567 dora
279 508 401 577 domani,
432 514 461 565 et
480 506 529 563 lec
546 504 849 563 dea'ecldiernsalem.
896 500 938 564 At
963 500 1036 564 baec
1061 503 1138 564 uude
1161 503 1350 586 prodierunt?

195 604 320 691 Quinam
339 606 426 669 inferi
445 605 514 668 iilud
530 613 718 678 eructarunt,
751 603 1001 666 consubstantiale
1022 602 1166 666 divinitati
1185 605 1268 668 verbi
1283 627 1351 669 eor·

192 730 245 796 pos
263 708 332 772 iilud
348 729 415 773 essa
433 707 510 791 quod
531 702 663 769 aMaria
679 705 809 789 genitum
827 707 893 768 est?
916 716 966 768 aut
987 706 1108 769 verbum
1128 706 1224 791 ipsum
1237 707 1267 770 in
1285 729 1351 771 car·

192 832 277 889 uem,
300 831 387 888 ossa,
412 807 551 892 capillos,
574 827 608 870 ac
626 817 717 870 totum
735 807 860 891 denique
878 828 986 892 corpus
1007 828 1075 871 esse
1093 829 1288 887 conversum,
1322 820 1352 873 et

190 935 207 978 a
223 923 327 998 suapte
345 922 448 975 natura
465 910 627 973 mutatum?
670 906 747 992 Quis
764 909 883 973 omnino
904 909 939 972 de
955 906 1133 974 Christianis
1150 911 1243 975 audiit
1260 912 1349 976 filium

191 1016 238 1079 dei
256 1015 355 1100 specie
373 1035 408 1076 ac
426 1011 543 1075 fictione
560 1012 621 1075 soba
639 1032 764 1096 corpus,
795 1032 854 1075 oon
876 1022 980 1075 natura
1001 1013 1151 1095 gessisse?
1196 1010 1272 1097 Quis
1292 1021 1349 1078 ta'm

191 1118 297 1202 impius
318 1116 370 1179 tuit
388 1125 419 1178 ut
434 1116 587 1200 ipsammet
604 1113 734 1176 eiusdem
754 1112 936 1177 divinitatem
953 1114 1154 1179 circumcisam
1174 1136 1241 1179 esse
1262 1126 1350 1200 atque

191 1218 390 1303 imperfectam
416 1238 433 1281 e
456 1219 587 1302 perfecta
611 1216 755 1279 redditam
779 1216 869 1281 fuisse
892 1217 1016 1281 sentiret
1042 1239 1078 1281 ac
1101 1218 1232 1281 diceret?
1274 1215 1350 1281 ltem

191 1319 261 1383 ittot
286 1319 398 1405 ipsum,
423 1321 498 1401 quod
518 1319 546 1382 in
565 1319 644 1403 ligno
660 1319 796 1382 suffixum
814 1330 877 1398 est,
909 1341 968 1384 non
988 1340 1094 1405 corpus
1111 1320 1265 1399 extitisse,
1297 1322 1349 1384 sed

192 1422 384 1486 substantiam
402 1422 493 1507 ipsam
511 1433 637 1485 naturae
657 1421 748 1484 totius
767 1421 921 1506 opificem?
964 1421 1039 1506 Quis
1059 1443 1123 1486 cum
1141 1422 1219 1488 istud
1236 1423 1346 1503 audiat,

192 1546 250 1588 uon
265 1545 282 1587 e
298 1522 414 1602 Maria,
447 1525 498 1588 sed
516 1545 556 1588 ex
573 1523 689 1609 propria
708 1523 870 1587 substantia
890 1524 936 1587 dci
959 1527 1082 1588 verbum
1101 1523 1262 1589 obnoxium
1281 1547 1349 1611 pas·

191 1627 268 1692 sioni
286 1627 340 1690 sibi
356 1648 461 1711 corpus
478 1627 649 1705 effinxisse,
674 1622 876 1690 Christianum
891 1628 938 1710 qni
955 1628 1028 1690 baec
1044 1628 1153 1691 dixerit
1168 1628 1348 1692 arbitretur?

192 1727 267 1813 Quis
283 1731 467 1793 execrandae
485 1729 562 1796 iliius
581 1727 740 1813 impietatis
761 1738 865 1792 auctor
890 1740 953 1807 est,
988 1741 1019 1793 nt
1041 1731 1182 1794 eiusmodi
1205 1733 1348 1815 quaedam

191 1832 289 1897 auimo
308 1831 465 1916 concipere
492 1841 542 1894 aut
566 1831 662 1915 eloqui
683 1830 801 1893 minime
821 1831 1010 1895 formidaret?
1042 1853 1127 1909 eum,
1158 1832 1205 1917 qui
1223 1833 1348 1896 domiui·

191 1955 257 1998 oum
272 1954 289 1997 e
305 1930 403 1997 Maria
421 1954 527 2018 corpus
546 1953 612 1996 esse
630 1943 728 1996 natum
749 1944 881 2013 asserat,
917 1956 975 1996 noo
999 1934 1176 2013 trinitatem,
1206 1936 1257 1997 sod
1276 1956 1349 2020 qua·

192 2037 360 2100 ternitatem
385 2035 530 2100 divinitati
555 2034 704 2099 tribuere?
746 2037 832 2099 Adeo
854 2046 885 2099 ut
908 2036 955 2121 qui
973 2037 1012 2100 ita
1029 2037 1160 2100 sentiunt
1175 2057 1292 2100 carnem
1312 2037 1348 2100 il·

189 2139 265 2217 iam,
297 2159 382 2224 quam
408 2137 536 2202 salvator
558 2159 575 2202 e
594 2135 689 2202 Mario
712 2137 827 2221 virgine
850 2139 998 2224 suscepit,
1034 2160 1075 2202 ex
1094 2139 1156 2224 ipso
1182 2139 1347 2204 substantia

189 2241 328 2306 trinitatis
346 2261 413 2304 esse
436 2242 594 2304 iateantur.
642 2237 702 2303 iam
721 2261 794 2304 nero
814 2241 957 2304 ttridenam
976 2262 1074 2326 param
1098 2242 1164 2304 huic
1181 2263 1216 2305 ac
1233 2263 1348 2325 germa-

188 2365 253 2409 nana
270 2344 450 2428 impietatem
467 2363 607 2407 evomere
622 2343 670 2405 aiii
685 2344 799 2427 quidam
816 2344 844 2405 in
862 2346 988 2408 animum
1008 2345 1200 2423 induxerunt,
1224 2344 1265 2406 uti
1280 2366 1347 2409 eor·

188 2469 240 2534 pus
256 2447 349 2532 ipsum
367 2468 424 2510 non
444 2447 596 2511 divinitate
614 2446 696 2510 verbi
716 2446 882 2524 recentius,
917 2449 968 2511 sed
988 2459 1195 2526 coaeteruum,
1228 2468 1263 2510 ac
1281 2470 1348 2533 per·

188 2561 275 2634 petuo
291 2571 356 2613 eum
373 2550 422 2612 itto
439 2549 626 2612 coniunctum
645 2549 782 2612 extitisse
801 2549 957 2627 definiant,
981 2549 1212 2634 quandoquidem
1229 2551 1265 2614 ab
1283 2553 1347 2637 ipsa

187 2652 331 2737 sapientia
349 2653 538 2716 constitutum
555 2653 621 2714 est?
665 2648 803 2714 Potuitne
822 2647 1000 2715 Christianis
1016 2652 1051 2714 ab
1067 2653 1231 2719 iiomioibus
1249 2654 1278 2716 in
1295 2655 1347 2717 dn-

189 2753 265 2818 bium
283 2753 402 2831 vocari,
427 2765 589 2818 utrumnam
607 2753 740 2817 dominus
760 2764 862 2817 noster
880 2755 914 2816 de
931 2752 1025 2817 Maria
1042 2755 1156 2839 virgine
1174 2768 1259 2821 uatus
1278 2756 1347 2819 sub·
1376 2818 1379 2823 .

189 2857 295 2919 stantia
315 2865 477 2940 naturaque
495 2856 541 2918 dei
560 2855 635 2918 iilius
650 2855 801 2934 extiterit,
833 2858 992 2919 secundum
1020 2878 1137 2920 carnem
1163 2881 1235 2922 vero
1253 2879 1269 2921 e
1287 2856 1348 2922 Da·

189 2958 266 3021 vidis
292 2958 402 3042 stirpe,
433 2978 467 3020 ac
491 2969 700 3022 sacrosanctae
728 2957 850 3040 virginis
878 2980 965 3022 carna
993 2963 1166 3044 susceptus?
1217 2960 1345 3045 Quinam

190 3080 278 3145 porro
301 3070 380 3126 touta
402 3063 567 3125 temeritate
586 3071 615 3124 et
634 3061 755 3125 audacia
777 3062 912 3139 inerunt,
945 3072 976 3124 ut
993 3058 1143 3126 Christum
1162 3063 1240 3127 ilium
1265 3085 1346 3129 asse-

189 3173 291 3227 rerent
306 3165 353 3247 qui
370 3165 399 3227 in
415 3185 505 3229 carue
523 3185 644 3248 passus,
668 3175 698 3227 et
715 3166 744 3227 in
763 3184 879 3226 crucem
898 3175 980 3226 aetus
998 3160 1073 3242 est,
1094 3187 1152 3228 noo
1170 3187 1237 3230 esse
1255 3167 1347 3230 domi-

189 3286 258 3330 nnm
283 3285 317 3327 oc
339 3266 536 3344 salvatorem,
572 3278 600 3329 et
627 3267 730 3345 deum,
766 3265 914 3351 patrisque
939 3267 1049 3329 filium?
1100 3265 1235 3349 Quonam
1261 3280 1346 3354 paeto

190 3365 376 3433 Christianus
398 3369 537 3454 appellari
554 3389 586 3431 se
604 3368 707 3432 volunt
731 3368 778 3452 qui
799 3369 828 3431 in
845 3380 978 3432 sanctum
1004 3368 1150 3432 bominem
1177 3371 1297 3455 perinde
1315 3381 1347 3434 ut

188 3468 218 3532 iu
246 3468 370 3552 aliquem
395 3471 431 3534 de
454 3470 658 3556 prophetarum
691 3491 813 3533 numero
842 3471 990 3556 delapsum
1020 3492 1086 3535 csse
1114 3473 1252 3556 verbum,
1287 3494 1346 3535 non

188 3570 343 3654 ipsummet
366 3572 510 3635 bominem
539 3574 645 3636 iactum
669 3592 735 3635 esse
756 3572 944 3657 profitentur,
978 3597 1042 3638 curo
1062 3597 1101 3639 ex
1119 3573 1217 3639 Maria
1239 3594 1345 3659 corpus

188 3671 350 3753 induisset,
374 3675 427 3736 sed
445 3674 569 3738 aiterum
586 3695 654 3738 esse
670 3671 836 3753 Christum,
868 3676 990 3740 alterum
1010 3677 1057 3741 dei
1073 3678 1180 3755 filium,
1211 3676 1345 3761 quiante

187 3771 316 3840 Mariam
339 3786 369 3839 et
391 3786 459 3839 ante
482 3776 601 3840 saccula
624 3776 720 3840 omnin
746 3774 820 3838 filius
839 3797 878 3841 ex
901 3789 984 3862 patre
1001 3780 1161 3864 prodierit?
1205 3780 1254 3841 An
1272 3799 1344 3842 vero

189 3874 348 3942 Christiani
366 3898 433 3943 esse
452 3888 575 3964 possunt
594 3878 642 3962 qui
666 3877 753 3940 alium
771 3898 838 3941 esse
854 3881 956 3960 deum,
988 3882 1066 3945 aliud
1084 3892 1114 3945 et
1129 3882 1164 3945 ab
1181 3881 1232 3945 iilo
1248 3881 1346 3943 diver-

190 3999 253 4044 sum
278 3980 325 4043 dei
348 3982 468 4045 verbum
493 3981 681 4066 praedicant?

271 4080 356 4147 Haec
378 4084 406 4147 iu
427 4083 484 4147 iilis
512 4082 731 4147 commentariis
757 4083 982 4147 continebantur
1009 4086 1195 4169 pronuntiata
1213 4087 1342 4168 diverse,
1370 4101 1434 4174 cap.
1450 4103 1482 4158 v.

222 4193 261 4255 12
278 4202 370 4270 σοφίας
386 4205 412 4254 Β.
816 4201 854 4255 l&
874 4200 956 4268 iresca
972 4205 1000 4254 Β.

222 4270 262 4323 13.
280 4268 370 4323 ἑαυτοῦ
388 4272 415 4321 Β.
817 4269 854 4322 19.
874 4266 937 4323 sinat
954 4270 1100 4337 Χριστιανοὶ
1117 4269 1232 4328 δύνανται
1250 4273 1317 4326 ο1Β.

222 4333 262 4390 14.
280 4333 342 4392 eirca
357 4335 403 4403 τήν
420 4342 447 4389 Β.
815 4338 856 4390 20.
876 4335 939 4393 ednas
955 4338 999 4394 τόν
1014 4339 1075 4406 υἱὸν,
1093 4342 1138 4397 καὶ
1154 4336 1226 4396 ἄλλον
1241 4339 1283 4397 τόν
1298 4344 1344 4400 τοῦ

222 4405 262 4458 15.
278 4407 328 4469 τῆς
344 4399 433 4465 aticiae
448 4407 496 4473 τῆς
514 4406 605 4475 σοφίας
621 4410 648 4459 Β.
782 4409 806 4460 Β.
825 4409 846 4458 t.
864 4409 892 4458 Β.

223 4470 261 4524 16.
280 4472 309 4527 bb
326 4468 375 4540 ἄρα
392 4479 418 4525 Β.
817 4474 876 4525 car.
888 4476 920 4527 V.
938 4506 970 4515 -
997 4478 1019 4528 1.
1037 4472 1187 4550 ἀδιαφόρως
1200 4482 1270 4533 codd.
1284 4495 1341 4550 ntea.

222 4539 261 4595 17.
280 4540 324 4597 xci
339 4559 386 4598 non
403 4545 471 4596 babet
487 4545 538 4595 ood.
556 4546 653 4612 ttbedtp.
781 4550 875 4608 umque
893 4550 914 4596 et
930 4547 966 4598 ed.
983 4550 1059 4611 punc.
1312 4544 1316 4551 ’
