<?xml version="1.0" encoding="UTF-8"?>
<!DOCTYPE html PUBLIC "-//W3C//DTD XHTML 1.0 Transitional//EN"
    "http://www.w3.org/TR/xhtml1/DTD/xhtml1-transitional.dtd">
<html xmlns="http://www.w3.org/1999/xhtml" xml:lang="en" lang="en">
 <head>
  <title>
</title>
<meta http-equiv="Content-Type" content="text/html;charset=utf-8" />
  <meta name='ocr-system' content='tesseract 3.04.00' />
  <meta name='ocr-capabilities' content='ocr_page ocr_carea ocr_par ocr_line ocrx_word'/>
</head>
<body>
  <div class='ocr_page' id='page_1' title='image "./corporishaerese00unkngoog/corporishaerese00unkngoog_0481.png"; bbox 0 0 3096 5070; ppageno 0'>
   <div class='ocr_carea' id='block_1_1' title="bbox 273 252 1008 322">
    <p class='ocr_par' dir='ltr' id='par_1_1' title="bbox 273 252 1008 322">
     <span class='ocr_line' id='line_1_1' title="bbox 273 252 1008 322; baseline 0.003 -6"><span class='ocrx_word' id='word_1_1' title='bbox 273 252 336 317; x_wconf 78' lang='lat'><strong><em>47⁴</em></strong></span> <span class='ocrx_word' id='word_1_2' title='bbox 697 266 820 322; x_wconf 78' lang='grc' dir='ltr'><strong><em>οεισοιι</em></strong></span> <span class='ocrx_word' id='word_1_3' title='bbox 837 268 1008 319; x_wconf 77' lang='grc' dir='ltr'><strong><em>εοιοιιιιιιι</em></strong></span> 
     </span>
    </p>
   </div>
   <div class='ocr_carea' id='block_1_2' title="bbox 140 380 1516 3128">
    <p class='ocr_par' dir='ltr' id='par_1_2' title="bbox 140 380 1436 471">
     <span class='ocr_line' id='line_1_2' title="bbox 140 380 1436 471; baseline 0.001 -21"><span class='ocrx_word' id='word_1_4' title='bbox 140 381 208 451; x_wconf 63' lang='lat'><strong><em>¹419·</em></strong></span> <span class='ocrx_word' id='word_1_5' title='bbox 226 380 257 448; x_wconf 67' lang='lat'><strong><em>(-</em></strong></span> <span class='ocrx_word' id='word_1_6' title='bbox 366 387 425 449; x_wconf 77' lang='grc' dir='ltr'><strong><em>ΙΤί</em></strong></span> <span class='ocrx_word' id='word_1_7' title='bbox 446 382 479 448; x_wconf 71' lang='grc' dir='ltr'><strong><em>δὲ</em></strong></span> <span class='ocrx_word' id='word_1_8' title='bbox 494 391 594 468; x_wconf 75' lang='grc' dir='ltr'><strong><em>χεῖρον</em></strong></span> <span class='ocrx_word' id='word_1_9' title='bbox 615 385 664 448; x_wconf 82' lang='grc' dir='ltr'><strong><em>καλ</em></strong></span> <span class='ocrx_word' id='word_1_10' title='bbox 683 386 831 462; x_wconf 81' lang='grc' dir='ltr'><strong><em>λναντίον;</em></strong></span> <span class='ocrx_word' id='word_1_11' title='bbox 862 387 894 450; x_wconf 90' lang='grc' dir='ltr'><strong><em>οί</em></strong></span> <span class='ocrx_word' id='word_1_12' title='bbox 908 386 961 466; x_wconf 72' lang='grc' dir='ltr'><strong><em>μὲν</em></strong></span> <span class='ocrx_word' id='word_1_13' title='bbox 975 383 1008 450; x_wconf 88' lang='grc' dir='ltr'><strong><em>τό</em></strong></span> <span class='ocrx_word' id='word_1_14' title='bbox 1025 385 1135 471; x_wconf 86' lang='grc' dir='ltr'><strong><em>γένειον</em></strong></span> <span class='ocrx_word' id='word_1_15' title='bbox 1156 383 1212 468; x_wconf 91' lang='grc' dir='ltr'><strong><em>τῆν</em></strong></span> <span class='ocrx_word' id='word_1_16' title='bbox 1236 385 1357 470; x_wconf 88' lang='grc' dir='ltr'><strong><em>μορφῆν</em></strong></span> <span class='ocrx_word' id='word_1_17' title='bbox 1375 393 1436 452; x_wconf 90' lang='grc' dir='ltr'><strong><em>τοῦ</em></strong></span> 
     </span>
    </p>

    <p class='ocr_par' dir='ltr' id='par_1_3' title="bbox 206 483 1436 571">
     <span class='ocr_line' id='line_1_3' title="bbox 206 483 1436 571; baseline 0.001 -17"><span class='ocrx_word' id='word_1_18' title='bbox 206 523 208 526; x_wconf 52' lang='lat'>&gt;</span> <span class='ocrx_word' id='word_1_19' title='bbox 276 483 387 571; x_wconf 71' lang='grc' dir='ltr'><strong><em>όνδρός</em></strong></span> <span class='ocrx_word' id='word_1_20' title='bbox 407 483 624 568; x_wconf 81' lang='grc' dir='ltr'><strong><em>όιιατίμνουσι,</em></strong></span> <span class='ocrx_word' id='word_1_21' title='bbox 654 490 754 571; x_wconf 79' lang='grc' dir='ltr'><strong><em>τρίχας</em></strong></span> <span class='ocrx_word' id='word_1_22' title='bbox 775 487 807 551; x_wconf 78' lang='grc' dir='ltr'><strong><em>δὲ</em></strong></span> <span class='ocrx_word' id='word_1_23' title='bbox 825 493 877 569; x_wconf 87' lang='grc' dir='ltr'><strong><em>τῆς</em></strong></span> <span class='ocrx_word' id='word_1_24' title='bbox 893 494 1023 570; x_wconf 97' lang='grc' dir='ltr'><strong><em>κεφαλῆς</em></strong></span> <span class='ocrx_word' id='word_1_25' title='bbox 1038 486 1178 563; x_wconf 82' lang='grc' dir='ltr'><strong><em>πολλόκις</em></strong></span> <span class='ocrx_word' id='word_1_26' title='bbox 1201 495 1322 569; x_wconf 81' lang='grc' dir='ltr'><strong><em>κομῦσι.</em></strong></span> <span class='ocrx_word' id='word_1_27' title='bbox 1369 490 1436 556; x_wconf 81' lang='grc' dir='ltr'><strong><em>Καί</em></strong></span> 
     </span>
    </p>

    <p class='ocr_par' dir='ltr' id='par_1_4' title="bbox 275 580 1436 672">
     <span class='ocr_line' id='line_1_4' title="bbox 275 580 1436 672; baseline 0.002 -17"><span class='ocrx_word' id='word_1_28' title='bbox 275 590 344 670; x_wconf 79' lang='grc' dir='ltr'><strong><em>περὶ</em></strong></span> <span class='ocrx_word' id='word_1_29' title='bbox 362 588 415 671; x_wconf 76' lang='grc' dir='ltr'><strong><em>μέν</em></strong></span> <span class='ocrx_word' id='word_1_30' title='bbox 439 580 494 652; x_wconf 85' lang='grc' dir='ltr'><strong><em>οῦν</em></strong></span> <span class='ocrx_word' id='word_1_31' title='bbox 515 595 569 653; x_wconf 85' lang='grc' dir='ltr'><strong><em>τοῦ</em></strong></span> <span class='ocrx_word' id='word_1_32' title='bbox 592 593 705 672; x_wconf 89' lang='grc' dir='ltr'><strong><em>γενείου</em></strong></span> <span class='ocrx_word' id='word_1_33' title='bbox 724 591 756 654; x_wconf 83' lang='grc' dir='ltr'><strong><em>έν</em></strong></span> <span class='ocrx_word' id='word_1_34' title='bbox 770 597 835 665; x_wconf 84' lang='grc' dir='ltr'><strong><em>ταῖς</em></strong></span> <span class='ocrx_word' id='word_1_35' title='bbox 855 589 1036 667; x_wconf 74' lang='grc' dir='ltr'><strong><em>1Αιατόξεσι</em></strong></span> <span class='ocrx_word' id='word_1_36' title='bbox 1058 596 1117 654; x_wconf 79' lang='grc' dir='ltr'><strong><em>τοῦν</em></strong></span> <span class='ocrx_word' id='word_1_37' title='bbox 1133 588 1307 655; x_wconf 75' lang='grc' dir='ltr'><strong><em>ἀποστόλων</em></strong></span> <span class='ocrx_word' id='word_1_38' title='bbox 1322 589 1436 671; x_wconf 84' lang='grc' dir='ltr'><strong><em>φόσκει</em></strong></span> 
     </span>
    </p>

    <p class='ocr_par' dir='ltr' id='par_1_5' title="bbox 275 686 1435 776">
     <span class='ocr_line' id='line_1_5' title="bbox 275 686 1435 776; baseline 0 -17"><span class='ocrx_word' id='word_1_39' title='bbox 275 689 394 768; x_wconf 85' lang='grc' dir='ltr'><strong><em>δθεῑος</em></strong></span> <span class='ocrx_word' id='word_1_40' title='bbox 418 687 504 776; x_wconf 81' lang='grc' dir='ltr'><strong><em>λόγος</em></strong></span> <span class='ocrx_word' id='word_1_41' title='bbox 524 691 575 754; x_wconf 83' lang='grc' dir='ltr'><strong><em>καλ</em></strong></span> <span class='ocrx_word' id='word_1_42' title='bbox 592 686 613 771; x_wconf 84' lang='grc' dir='ltr'><strong><em>ῆ</em></strong></span> <span class='ocrx_word' id='word_1_43' title='bbox 630 692 817 770; x_wconf 85' lang='grc' dir='ltr'><strong><em>διδασκαλία,</em></strong></span> <span class='ocrx_word' id='word_1_44' title='bbox 851 689 893 774; x_wconf 87' lang='grc' dir='ltr'><strong><em>μῆ</em></strong></span> <span class='ocrx_word' id='word_1_45' title='bbox 916 696 1067 776; x_wconf 89' lang='grc' dir='ltr'><strong><em>φθείρειν,</em></strong></span> <span class='ocrx_word' id='word_1_46' title='bbox 1097 693 1229 757; x_wconf 86' lang='grc' dir='ltr'><strong><em>τουτέστι</em></strong></span> <span class='ocrx_word' id='word_1_47' title='bbox 1252 691 1293 775; x_wconf 92' lang='grc' dir='ltr'><strong><em>μῆ</em></strong></span> <span class='ocrx_word' id='word_1_48' title='bbox 1318 694 1435 776; x_wconf 89' lang='grc' dir='ltr'><strong><em>τέμνειν</em></strong></span> 
     </span>
    </p>

    <p class='ocr_par' dir='ltr' id='par_1_6' title="bbox 274 792 1435 883">
     <span class='ocr_line' id='line_1_6' title="bbox 274 792 1435 883; baseline 0.002 -24"><span class='ocrx_word' id='word_1_49' title='bbox 274 799 374 880; x_wconf 72' lang='grc' dir='ltr'><strong><em>τρίχας</em></strong></span> <span class='ocrx_word' id='word_1_50' title='bbox 396 796 524 879; x_wconf 89' lang='grc' dir='ltr'><strong><em>γενείου,</em></strong></span> <span class='ocrx_word' id='word_1_51' title='bbox 553 793 627 874; x_wconf 74' lang='grc' dir='ltr'><strong><em>μηδὲ</em></strong></span> <span class='ocrx_word' id='word_1_52' title='bbox 651 794 810 883; x_wconf 68' lang='grc' dir='ltr'><strong><em>ἑταιρισμῷ</em></strong></span> <span class='ocrx_word' id='word_1_53' title='bbox 835 802 1108 875; x_wconf 69' lang='grc' dir='ltr'><strong><em>ικατακομεῑσθαι,</em></strong></span> <span class='ocrx_word' id='word_1_54' title='bbox 1137 792 1209 876; x_wconf 80' lang='grc' dir='ltr'><strong><em>μήτε</em></strong></span> <span class='ocrx_word' id='word_1_55' title='bbox 1225 792 1435 879; x_wconf 71' lang='grc' dir='ltr'><strong><em>ὑπερηφανίας</em></strong></span> 
     </span>
    </p>

    <p class='ocr_par' dir='ltr' id='par_1_7' title="bbox 275 894 1435 982">
     <span class='ocr_line' id='line_1_7' title="bbox 275 894 1435 982; baseline 0.002 -20"><span class='ocrx_word' id='word_1_56' title='bbox 275 894 443 982; x_wconf 86' lang='grc' dir='ltr'><strong><em>ῦπόδιιγμα</em></strong></span> <span class='ocrx_word' id='word_1_57' title='bbox 464 895 653 976; x_wconf 76' lang='grc' dir='ltr'><strong><em>δικαιοσύνης</em></strong></span> <span class='ocrx_word' id='word_1_58' title='bbox 677 895 730 978; x_wconf 91' lang='grc' dir='ltr'><strong><em>τῆν</em></strong></span> <span class='ocrx_word' id='word_1_59' title='bbox 751 897 938 977; x_wconf 86' lang='grc' dir='ltr'><strong><em>προςέλευσιν</em></strong></span> <span class='ocrx_word' id='word_1_60' title='bbox 961 898 1043 979; x_wconf 76' lang='grc' dir='ltr'><strong><em>ἔχειν.</em></strong></span> <span class='ocrx_word' id='word_1_61' title='bbox 1084 894 1216 980; x_wconf 83' lang='grc' dir='ltr'><strong><em>Ἔπρεπι</em></strong></span> <span class='ocrx_word' id='word_1_62' title='bbox 1242 895 1298 982; x_wconf 82' lang='grc' dir='ltr'><strong><em>γδρ</em></strong></span> <span class='ocrx_word' id='word_1_63' title='bbox 1328 905 1435 976; x_wconf 83' lang='grc' dir='ltr'><strong><em>Ναζω-</em></strong></span> 
     </span>
    </p>

    <p class='ocr_par' dir='ltr' id='par_1_8' title="bbox 276 996 1434 1086">
     <span class='ocr_line' id='line_1_8' title="bbox 276 996 1434 1086; baseline 0.001 -23"><span class='ocrx_word' id='word_1_64' title='bbox 276 1004 372 1084; x_wconf 87' lang='grc' dir='ltr'><strong><em>ραίοις</em></strong></span> <span class='ocrx_word' id='word_1_65' title='bbox 398 1007 484 1064; x_wconf 87' lang='grc' dir='ltr'><strong><em>τοῦτο</em></strong></span> <span class='ocrx_word' id='word_1_66' title='bbox 508 998 602 1081; x_wconf 91' lang='grc' dir='ltr'><strong><em>μόνον</em></strong></span> <span class='ocrx_word' id='word_1_67' title='bbox 624 996 674 1063; x_wconf 81' lang='grc' dir='ltr'><strong><em>διδ</em></strong></span> <span class='ocrx_word' id='word_1_68' title='bbox 692 997 745 1064; x_wconf 87' lang='grc' dir='ltr'><strong><em>τόν</em></strong></span> <span class='ocrx_word' id='word_1_69' title='bbox 762 997 867 1063; x_wconf 85' lang='grc' dir='ltr'><strong><em>τόπον.</em></strong></span> <span class='ocrx_word' id='word_1_70' title='bbox 915 997 1005 1086; x_wconf 74' lang='grc' dir='ltr'><strong><em>Τόπςο</em></strong></span> <span class='ocrx_word' id='word_1_71' title='bbox 1023 997 1079 1085; x_wconf 72' lang='grc' dir='ltr'><strong><em>γαρ</em></strong></span> <span class='ocrx_word' id='word_1_72' title='bbox 1099 996 1249 1084; x_wconf 72' lang='grc' dir='ltr'><strong><em>4ῆγοῦντο</em></strong></span> <span class='ocrx_word' id='word_1_73' title='bbox 1266 1003 1297 1064; x_wconf 89' lang='grc' dir='ltr'><strong><em>οί</em></strong></span> <span class='ocrx_word' id='word_1_74' title='bbox 1309 1002 1434 1066; x_wconf 86' lang='grc' dir='ltr'><strong><em>παλαιολ</em></strong></span> 
     </span>
    </p>

    <p class='ocr_par' dir='ltr' id='par_1_9' title="bbox 197 1098 1432 1190">
     <span class='ocr_line' id='line_1_9' title="bbox 197 1098 1432 1190; baseline 0.002 -26"><span class='ocrx_word' id='word_1_75' title='bbox 197 1184 200 1190; x_wconf 22' lang='lat'><strong>⁴</strong></span> <span class='ocrx_word' id='word_1_76' title='bbox 275 1108 329 1167; x_wconf 87' lang='grc' dir='ltr'><strong><em>τοῦ</em></strong></span> <span class='ocrx_word' id='word_1_77' title='bbox 348 1102 499 1183; x_wconf 78' lang='grc' dir='ltr'><strong><em>μέλλοντος</em></strong></span> <span class='ocrx_word' id='word_1_78' title='bbox 514 1102 634 1166; x_wconf 78' lang='grc' dir='ltr'><strong><em>ἔσεσθαι</em></strong></span> <span class='ocrx_word' id='word_1_79' title='bbox 642 1151 651 1179; x_wconf 93' lang='grc'><strong><em>,</em></strong></span> <span class='ocrx_word' id='word_1_80' title='bbox 673 1103 785 1183; x_wconf 67' lang='grc' dir='ltr'><strong><em>ἔχοντες</em></strong></span> <span class='ocrx_word' id='word_1_81' title='bbox 799 1098 897 1183; x_wconf 92' lang='grc' dir='ltr'><strong><em>κόμην</em></strong></span> <span class='ocrx_word' id='word_1_82' title='bbox 913 1102 963 1166; x_wconf 78' lang='grc' dir='ltr'><strong><em>ἐπὶ</em></strong></span> <span class='ocrx_word' id='word_1_83' title='bbox 982 1108 1034 1183; x_wconf 86' lang='grc' dir='ltr'><strong><em>τῆς</em></strong></span> <span class='ocrx_word' id='word_1_84' title='bbox 1048 1109 1180 1183; x_wconf 77' lang='grc' dir='ltr'><strong><em>κεφαλῆς</em></strong></span> <span class='ocrx_word' id='word_1_85' title='bbox 1194 1099 1245 1166; x_wconf 79' lang='grc' dir='ltr'><strong><em>διδ</em></strong></span> <span class='ocrx_word' id='word_1_86' title='bbox 1260 1101 1314 1184; x_wconf 89' lang='grc' dir='ltr'><strong><em>τῆν</em></strong></span> <span class='ocrx_word' id='word_1_87' title='bbox 1329 1100 1432 1185; x_wconf 80' lang='grc' dir='ltr'><strong><em>εῦχῆν,</em></strong></span> 
     </span>
    </p>

    <p class='ocr_par' dir='ltr' id='par_1_10' title="bbox 276 1197 1433 1287">
     <span class='ocr_line' id='line_1_10' title="bbox 276 1197 1433 1287; baseline -0.003 -16"><span class='ocrx_word' id='word_1_88' title='bbox 276 1207 332 1280; x_wconf 78' lang='grc' dir='ltr'><strong><em>δας</em></strong></span> <span class='ocrx_word' id='word_1_89' title='bbox 348 1205 420 1270; x_wconf 77' lang='grc' dir='ltr'><strong><em>’διον</em></strong></span> <span class='ocrx_word' id='word_1_90' title='bbox 439 1197 533 1287; x_wconf 87' lang='grc' dir='ltr'><strong><em>ῆλθεν</em></strong></span> <span class='ocrx_word' id='word_1_91' title='bbox 552 1200 573 1285; x_wconf 90' lang='grc' dir='ltr'><strong><em>ῆ</em></strong></span> <span class='ocrx_word' id='word_1_92' title='bbox 593 1200 663 1284; x_wconf 79' lang='grc' dir='ltr'><strong><em>εῦχῆ</em></strong></span> <span class='ocrx_word' id='word_1_93' title='bbox 679 1209 733 1267; x_wconf 91' lang='grc' dir='ltr'><strong><em>τοῦ</em></strong></span> <span class='ocrx_word' id='word_1_94' title='bbox 752 1200 867 1284; x_wconf 88' lang='grc' dir='ltr'><strong><em>κόσμον</em></strong></span> <span class='ocrx_word' id='word_1_95' title='bbox 885 1203 934 1268; x_wconf 84' lang='grc' dir='ltr'><strong><em>καλ</em></strong></span> <span class='ocrx_word' id='word_1_96' title='bbox 952 1202 1124 1285; x_wconf 77' lang='grc' dir='ltr'><strong><em>ἕτελειοόθη,</em></strong></span> <span class='ocrx_word' id='word_1_97' title='bbox 1156 1201 1270 1284; x_wconf 90' lang='grc' dir='ltr'><strong><em>κεφαλῆ</em></strong></span> <span class='ocrx_word' id='word_1_98' title='bbox 1284 1204 1433 1287; x_wconf 63' lang='grc' dir='ltr'><strong><em>δίπέφη-</em></strong></span> 
     </span>
    </p>

    <p class='ocr_par' dir='ltr' id='par_1_11' title="bbox 274 1302 1434 1394">
     <span class='ocr_line' id='line_1_11' title="bbox 274 1302 1434 1394; baseline 0.002 -22"><span class='ocrx_word' id='word_1_99' title='bbox 274 1331 323 1372; x_wconf 85' lang='grc' dir='ltr'><strong><em>νεν</em></strong></span> <span class='ocrx_word' id='word_1_100' title='bbox 339 1303 358 1372; x_wconf 89' lang='grc' dir='ltr'><strong><em>ό</em></strong></span> <span class='ocrx_word' id='word_1_101' title='bbox 377 1304 505 1391; x_wconf 83' lang='grc' dir='ltr'><strong><em>Χριστός</em></strong></span> <span class='ocrx_word' id='word_1_102' title='bbox 519 1302 537 1370; x_wconf 90' lang='grc' dir='ltr'><strong><em>ό</em></strong></span> <span class='ocrx_word' id='word_1_103' title='bbox 551 1303 711 1389; x_wconf 88' lang='grc' dir='ltr'><strong><em>μονογενῆς</em></strong></span> <span class='ocrx_word' id='word_1_104' title='bbox 735 1303 802 1380; x_wconf 78' lang='grc' dir='ltr'><strong><em>υἱός</em></strong></span> <span class='ocrx_word' id='word_1_105' title='bbox 823 1313 878 1369; x_wconf 90' lang='grc' dir='ltr'><strong><em>τοῦ</em></strong></span> <span class='ocrx_word' id='word_1_106' title='bbox 894 1311 987 1381; x_wconf 89' lang='grc' dir='ltr'><strong><em>θεοῦ,</em></strong></span> <span class='ocrx_word' id='word_1_107' title='bbox 1015 1307 1066 1369; x_wconf 83' lang='grc' dir='ltr'><strong><em>καλ</em></strong></span> <span class='ocrx_word' id='word_1_108' title='bbox 1084 1305 1222 1390; x_wconf 84' lang='grc' dir='ltr'><strong><em>έγνοόσθη</em></strong></span> <span class='ocrx_word' id='word_1_109' title='bbox 1237 1313 1278 1394; x_wconf 73' lang='grc' dir='ltr'><strong><em>τῷ</em></strong></span> <span class='ocrx_word' id='word_1_110' title='bbox 1294 1305 1397 1394; x_wconf 77' lang='grc' dir='ltr'><strong><em>κόσμῳ</em></strong></span> <span class='ocrx_word' id='word_1_111' title='bbox 1414 1304 1434 1374; x_wconf 88' lang='grc' dir='ltr'><strong><em>ό</em></strong></span> 
     </span>
    </p>

    <p class='ocr_par' dir='ltr' id='par_1_12' title="bbox 276 1404 1433 1496">
     <span class='ocr_line' id='line_1_12' title="bbox 276 1404 1433 1496; baseline -0.002 -20"><span class='ocrx_word' id='word_1_112' title='bbox 276 1407 317 1476; x_wconf 76' lang='grc' dir='ltr'><strong><em>τόν</em></strong></span> <span class='ocrx_word' id='word_1_113' title='bbox 335 1409 382 1475; x_wconf 79' lang='grc' dir='ltr'><strong><em>όελ</em></strong></span> <span class='ocrx_word' id='word_1_114' title='bbox 405 1409 458 1474; x_wconf 87' lang='grc' dir='ltr'><strong><em>καί</em></strong></span> <span class='ocrx_word' id='word_1_115' title='bbox 483 1407 524 1490; x_wconf 89' lang='grc' dir='ltr'><strong><em>μῆ</em></strong></span> <span class='ocrx_word' id='word_1_116' title='bbox 551 1405 769 1493; x_wconf 84' lang='grc' dir='ltr'><strong><em>γινωσκόμενος</em></strong></span> <span class='ocrx_word' id='word_1_117' title='bbox 792 1404 874 1491; x_wconf 83' lang='grc' dir='ltr'><strong><em>παρδ</em></strong></span> <span class='ocrx_word' id='word_1_118' title='bbox 897 1414 934 1495; x_wconf 87' lang='grc' dir='ltr'><strong><em>τῆ</em></strong></span> <span class='ocrx_word' id='word_1_119' title='bbox 958 1405 1041 1496; x_wconf 84' lang='grc' dir='ltr'><strong><em>πόση</em></strong></span> <span class='ocrx_word' id='word_1_120' title='bbox 1065 1406 1276 1494; x_wconf 83' lang='grc' dir='ltr'><strong><em>όνθρωτιότητι</em></strong></span> <span class='ocrx_word' id='word_1_121' title='bbox 1298 1407 1433 1490; x_wconf 79' lang='grc' dir='ltr'><strong><em>ἢμόνον</em></strong></span> 
     </span>
    </p>

    <p class='ocr_par' dir='ltr' id='par_1_13' title="bbox 274 1506 1433 1596">
     <span class='ocr_line' id='line_1_13' title="bbox 274 1506 1433 1596; baseline -0.003 -18"><span class='ocrx_word' id='word_1_122' title='bbox 274 1513 365 1586; x_wconf 83' lang='grc' dir='ltr'><strong><em>ίνίοις</em></strong></span> <span class='ocrx_word' id='word_1_123' title='bbox 381 1520 443 1586; x_wconf 84' lang='grc' dir='ltr'><strong><em>τοῖς</em></strong></span> <span class='ocrx_word' id='word_1_124' title='bbox 459 1512 501 1586; x_wconf 91' lang='grc' dir='ltr'><strong><em>είς</em></strong></span> <span class='ocrx_word' id='word_1_125' title='bbox 521 1507 614 1574; x_wconf 77' lang='grc' dir='ltr'><strong><em>αὐτόν</em></strong></span> <span class='ocrx_word' id='word_1_126' title='bbox 628 1508 865 1576; x_wconf 76' lang='grc' dir='ltr'><strong><em>πεπιστευκόσιν·</em></strong></span> <span class='ocrx_word' id='word_1_127' title='bbox 887 1506 925 1575; x_wconf 73' lang='grc' dir='ltr'><strong><em>ἵν’</em></strong></span> <span class='ocrx_word' id='word_1_128' title='bbox 943 1507 1014 1574; x_wconf 83' lang='grc' dir='ltr'><strong><em>όταν</em></strong></span> <span class='ocrx_word' id='word_1_129' title='bbox 1027 1517 1140 1595; x_wconf 79' lang='grc' dir='ltr'><strong><em>γνῶμεν</em></strong></span> <span class='ocrx_word' id='word_1_130' title='bbox 1153 1508 1209 1593; x_wconf 88' lang='grc' dir='ltr'><strong><em>τῆν</em></strong></span> <span class='ocrx_word' id='word_1_131' title='bbox 1222 1510 1365 1594; x_wconf 88' lang='grc' dir='ltr'><strong><em>κεφαλῆν,</em></strong></span> <span class='ocrx_word' id='word_1_132' title='bbox 1389 1514 1433 1596; x_wconf 88' lang='grc' dir='ltr'><strong><em>μῆ</em></strong></span> 
     </span>
    </p>

    <p class='ocr_par' dir='ltr' id='par_1_14' title="bbox 140 1610 1516 1805">
     <span class='ocr_line' id='line_1_14' title="bbox 140 1610 1431 1699; baseline 0.006 -28"><span class='ocrx_word' id='word_1_133' title='bbox 140 1639 191 1684; x_wconf 72' lang='grc' dir='ltr'><strong><em>μς.</em></strong></span> <span class='ocrx_word' id='word_1_134' title='bbox 205 1627 261 1674; x_wconf 75' lang='lat' dir='ltr'><strong><em>lm</em></strong></span> <span class='ocrx_word' id='word_1_135' title='bbox 276 1611 513 1696; x_wconf 75' lang='grc' dir='ltr'><strong><em>καταισχύνωμεν</em></strong></span> <span class='ocrx_word' id='word_1_136' title='bbox 528 1611 583 1694; x_wconf 91' lang='grc' dir='ltr'><strong><em>τῆν</em></strong></span> <span class='ocrx_word' id='word_1_137' title='bbox 600 1610 741 1693; x_wconf 89' lang='grc' dir='ltr'><strong><em>κεφαλῆν.</em></strong></span> <span class='ocrx_word' id='word_1_138' title='bbox 788 1611 834 1676; x_wconf 62' lang='lat' dir='ltr'><strong><em>ov}</em></strong></span> <span class='ocrx_word' id='word_1_139' title='bbox 853 1610 909 1697; x_wconf 79' lang='grc' dir='ltr'><strong><em>γδρ</em></strong></span> <span class='ocrx_word' id='word_1_140' title='bbox 927 1613 1025 1677; x_wconf 70' lang='grc' dir='ltr'><strong><em>ἕνεκεν</em></strong></span> <span class='ocrx_word' id='word_1_141' title='bbox 1040 1619 1093 1693; x_wconf 85' lang='grc' dir='ltr'><strong><em>τῆς</em></strong></span> <span class='ocrx_word' id='word_1_142' title='bbox 1107 1615 1185 1689; x_wconf 88' lang='grc' dir='ltr'><strong><em>ίδίας</em></strong></span> <span class='ocrx_word' id='word_1_143' title='bbox 1200 1620 1332 1696; x_wconf 80' lang='grc' dir='ltr'><strong><em>κεφαλῆς</em></strong></span> <span class='ocrx_word' id='word_1_144' title='bbox 1344 1615 1431 1699; x_wconf 86' lang='grc' dir='ltr'><strong><em>λίγει,</em></strong></span> 
     </span>
     <span class='ocr_line' id='line_1_15' title="bbox 274 1700 1516 1805; baseline 0.001 -24"><span class='ocrx_word' id='word_1_145' title='bbox 274 1713 333 1781; x_wconf 71' lang='grc' dir='ltr'><strong><em>ἄλλ’</em></strong></span> <span class='ocrx_word' id='word_1_146' title='bbox 348 1713 408 1805; x_wconf 77' lang='grc' dir='ltr'><strong><em>ᾇπό</em></strong></span> <span class='ocrx_word' id='word_1_147' title='bbox 424 1721 477 1796; x_wconf 87' lang='grc' dir='ltr'><strong><em>τῆς</em></strong></span> <span class='ocrx_word' id='word_1_148' title='bbox 492 1717 569 1789; x_wconf 91' lang='grc' dir='ltr'><strong><em>ίδίας</em></strong></span> <span class='ocrx_word' id='word_1_149' title='bbox 582 1716 624 1789; x_wconf 89' lang='grc' dir='ltr'><strong><em>είς</em></strong></span> <span class='ocrx_word' id='word_1_150' title='bbox 642 1711 772 1797; x_wconf 83' lang='grc' dir='ltr'><strong><em>Χριστόν</em></strong></span> <span class='ocrx_word' id='word_1_151' title='bbox 791 1711 945 1795; x_wconf 77' lang='grc' dir='ltr'><strong><em>ἐνσκήπτει</em></strong></span> <span class='ocrx_word' id='word_1_152' title='bbox 960 1713 993 1779; x_wconf 90' lang='grc' dir='ltr'><strong><em>τό</em></strong></span> <span class='ocrx_word' id='word_1_153' title='bbox 1010 1721 1063 1796; x_wconf 91' lang='grc' dir='ltr'><strong><em>τῆς</em></strong></span> <span class='ocrx_word' id='word_1_154' title='bbox 1077 1712 1179 1797; x_wconf 83' lang='grc' dir='ltr'><strong><em>γλεόης</em></strong></span> <span class='ocrx_word' id='word_1_155' title='bbox 1193 1718 1295 1800; x_wconf 83' lang='grc' dir='ltr'><strong><em>έργον·</em></strong></span> <span class='ocrx_word' id='word_1_156' title='bbox 1317 1708 1339 1805; x_wconf 83' lang='grc' dir='ltr'><strong><em>ῆ</em></strong></span> <span class='ocrx_word' id='word_1_157' title='bbox 1356 1737 1433 1799; x_wconf 92' lang='grc' dir='ltr'><strong><em>φησι</em></strong></span> <span class='ocrx_word' id='word_1_158' title='bbox 1507 1700 1516 1716; x_wconf 50' lang='grc'><strong>“</strong></span> 
     </span>
    </p>

    <p class='ocr_par' dir='ltr' id='par_1_15' title="bbox 274 1813 1431 1900">
     <span class='ocr_line' id='line_1_16' title="bbox 274 1813 1431 1900; baseline 0.001 -16"><span class='ocrx_word' id='word_1_159' title='bbox 274 1815 293 1884; x_wconf 85' lang='grc' dir='ltr'><strong><em>δ</em></strong></span> <span class='ocrx_word' id='word_1_160' title='bbox 310 1817 491 1896; x_wconf 88' lang='grc' dir='ltr'><strong><em>αἰπόστολος,</em></strong></span> <span class='ocrx_word' id='word_1_161' title='bbox 525 1813 610 1898; x_wconf 83' lang='grc' dir='ltr'><strong><em>Αότῆ</em></strong></span> <span class='ocrx_word' id='word_1_162' title='bbox 630 1814 649 1899; x_wconf 88' lang='grc' dir='ltr'><strong><em>ῆ</em></strong></span> <span class='ocrx_word' id='word_1_163' title='bbox 666 1813 758 1896; x_wconf 86' lang='grc' dir='ltr'><strong><em>φῦσις</em></strong></span> <span class='ocrx_word' id='word_1_164' title='bbox 778 1815 815 1880; x_wconf 84' lang='grc' dir='ltr'><strong><em>οῦ</em></strong></span> <span class='ocrx_word' id='word_1_165' title='bbox 841 1815 974 1881; x_wconf 82' lang='grc' dir='ltr'><strong><em>δοδόσκει</em></strong></span> <span class='ocrx_word' id='word_1_166' title='bbox 991 1813 1071 1898; x_wconf 83' lang='grc' dir='ltr'><strong><em>ῆμᾶς</em></strong></span> <span class='ocrx_word' id='word_1_167' title='bbox 1086 1815 1134 1882; x_wconf 88' lang='grc' dir='ltr'><strong><em>ότι</em></strong></span> <span class='ocrx_word' id='word_1_168' title='bbox 1149 1815 1225 1899; x_wconf 81' lang='grc' dir='ltr'><strong><em>όνῆρ</em></strong></span> <span class='ocrx_word' id='word_1_169' title='bbox 1241 1818 1295 1900; x_wconf 75' lang='grc' dir='ltr'><strong><em>μέν</em></strong></span> <span class='ocrx_word' id='word_1_170' title='bbox 1312 1817 1366 1884; x_wconf 77' lang='grc' dir='ltr'><strong><em>ἐόν</em></strong></span> <span class='ocrx_word' id='word_1_171' title='bbox 1381 1846 1431 1885; x_wconf 80' lang='grc' dir='ltr'><strong><em>κο·</em></strong></span> 
     </span>
    </p>

    <p class='ocr_par' dir='ltr' id='par_1_16' title="bbox 274 1913 1431 2010">
     <span class='ocr_line' id='line_1_17' title="bbox 274 1913 1431 2010; baseline 0.002 -26"><span class='ocrx_word' id='word_1_172' title='bbox 274 1925 317 2010; x_wconf 74' lang='grc' dir='ltr'><strong><em>μῆ</em></strong></span> <span class='ocrx_word' id='word_1_173' title='bbox 333 1919 435 2002; x_wconf 76' lang='grc' dir='ltr'><strong><em>ἀτιμία</em></strong></span> <span class='ocrx_word' id='word_1_174' title='bbox 450 1915 529 2005; x_wconf 71' lang='grc' dir='ltr'><strong><em>αὐτῷ</em></strong></span> <span class='ocrx_word' id='word_1_175' title='bbox 545 1920 622 1994; x_wconf 73' lang='grc' dir='ltr'><strong><em>ἕστις</em></strong></span> <span class='ocrx_word' id='word_1_176' title='bbox 666 1915 752 2000; x_wconf 79' lang='grc' dir='ltr'><strong><em>Αῦτη</em></strong></span> <span class='ocrx_word' id='word_1_177' title='bbox 775 1918 807 1983; x_wconf 77' lang='grc' dir='ltr'><strong><em>δέ</em></strong></span> <span class='ocrx_word' id='word_1_178' title='bbox 824 1913 846 1999; x_wconf 87' lang='grc' dir='ltr'><strong><em>ῆ</em></strong></span> <span class='ocrx_word' id='word_1_179' title='bbox 861 1914 959 1998; x_wconf 81' lang='grc' dir='ltr'><strong><em>ότιμία</em></strong></span> <span class='ocrx_word' id='word_1_180' title='bbox 976 1917 1033 1982; x_wconf 81' lang='grc' dir='ltr'><strong><em>οὐκ</em></strong></span> <span class='ocrx_word' id='word_1_181' title='bbox 1054 1917 1189 2001; x_wconf 82' lang='grc' dir='ltr'><strong><em>έπαινετῆ</em></strong></span> <span class='ocrx_word' id='word_1_182' title='bbox 1207 1916 1249 1996; x_wconf 76' lang='grc' dir='ltr'><strong><em>ὥς</em></strong></span> <span class='ocrx_word' id='word_1_183' title='bbox 1271 1923 1366 2003; x_wconf 83' lang='grc' dir='ltr'><strong><em>ίκείνη</em></strong></span> <span class='ocrx_word' id='word_1_184' title='bbox 1385 1922 1431 1985; x_wconf 81' lang='grc' dir='ltr'><strong><em>λέ·</em></strong></span> 
     </span>
    </p>

    <p class='ocr_par' dir='ltr' id='par_1_17' title="bbox 277 2016 1431 2109">
     <span class='ocr_line' id='line_1_18' title="bbox 277 2016 1431 2109; baseline 0 -23"><span class='ocrx_word' id='word_1_185' title='bbox 277 2043 373 2109; x_wconf 92' lang='grc' dir='ltr'><strong><em>γουσα</em></strong></span> <span class='ocrx_word' id='word_1_186' title='bbox 389 2018 452 2098; x_wconf 85' lang='grc' dir='ltr'><strong><em>ότι,</em></strong></span> <span class='ocrx_word' id='word_1_187' title='bbox 474 2019 623 2103; x_wconf 83' lang='grc' dir='ltr'><strong><em>Αίσγιίνης</em></strong></span> <span class='ocrx_word' id='word_1_188' title='bbox 639 2017 874 2101; x_wconf 80' lang='grc' dir='ltr'><strong><em>καταφρονήσας.</em></strong></span> <span class='ocrx_word' id='word_1_189' title='bbox 921 2016 968 2083; x_wconf 84' lang='grc' dir='ltr'><strong><em>Οό</em></strong></span> <span class='ocrx_word' id='word_1_190' title='bbox 982 2017 1039 2104; x_wconf 81' lang='grc' dir='ltr'><strong><em>γδρ</em></strong></span> <span class='ocrx_word' id='word_1_191' title='bbox 1057 2018 1107 2084; x_wconf 82' lang='grc' dir='ltr'><strong><em>διδ</em></strong></span> <span class='ocrx_word' id='word_1_192' title='bbox 1122 2019 1196 2086; x_wconf 90' lang='grc' dir='ltr'><strong><em>θεόν</em></strong></span> <span class='ocrx_word' id='word_1_193' title='bbox 1210 2018 1231 2104; x_wconf 87' lang='grc' dir='ltr'><strong><em>ῆ</em></strong></span> <span class='ocrx_word' id='word_1_194' title='bbox 1246 2020 1350 2106; x_wconf 76' lang='grc' dir='ltr'><strong><em>οἶρετῆ,</em></strong></span> <span class='ocrx_word' id='word_1_195' title='bbox 1370 2020 1431 2089; x_wconf 77' lang='grc' dir='ltr'><strong><em>κόν</em></strong></span> 
     </span>
    </p>

    <p class='ocr_par' dir='ltr' id='par_1_18' title="bbox 276 2118 1428 2210">
     <span class='ocr_line' id='line_1_19' title="bbox 276 2118 1428 2210; baseline 0.001 -20"><span class='ocrx_word' id='word_1_196' title='bbox 276 2147 307 2190; x_wconf 86' lang='grc' dir='ltr'><strong><em>τε</em></strong></span> <span class='ocrx_word' id='word_1_197' title='bbox 323 2122 373 2189; x_wconf 81' lang='grc' dir='ltr'><strong><em>διδ</em></strong></span> <span class='ocrx_word' id='word_1_198' title='bbox 387 2120 463 2188; x_wconf 90' lang='grc' dir='ltr'><strong><em>θεόν</em></strong></span> <span class='ocrx_word' id='word_1_199' title='bbox 482 2118 690 2205; x_wconf 84' lang='grc' dir='ltr'><strong><em>ῦποληφθείη,</em></strong></span> <span class='ocrx_word' id='word_1_200' title='bbox 720 2119 791 2186; x_wconf 72' lang='grc' dir='ltr'><strong><em>ἀλλὰ</em></strong></span> <span class='ocrx_word' id='word_1_201' title='bbox 807 2120 857 2186; x_wconf 84' lang='grc' dir='ltr'><strong><em>διδ</em></strong></span> <span class='ocrx_word' id='word_1_202' title='bbox 872 2126 1053 2201; x_wconf 85' lang='grc' dir='ltr'><strong><em>φιλονεικίαν</em></strong></span> <span class='ocrx_word' id='word_1_203' title='bbox 1069 2119 1088 2188; x_wconf 90' lang='grc' dir='ltr'><strong><em>ό</em></strong></span> <span class='ocrx_word' id='word_1_204' title='bbox 1101 2122 1213 2207; x_wconf 84' lang='grc' dir='ltr'><strong><em>τρόπος</em></strong></span> <span class='ocrx_word' id='word_1_205' title='bbox 1227 2124 1428 2210; x_wconf 84' lang='grc' dir='ltr'><strong><em>παρελθόντος</em></strong></span> 
     </span>
    </p>

    <p class='ocr_par' dir='ltr' id='par_1_19' title="bbox 274 2221 1429 2314">
     <span class='ocr_line' id='line_1_20' title="bbox 274 2221 1429 2314; baseline -0.002 -22"><span class='ocrx_word' id='word_1_206' title='bbox 274 2233 328 2292; x_wconf 84' lang='grc' dir='ltr'><strong><em>τοῦ</em></strong></span> <span class='ocrx_word' id='word_1_207' title='bbox 343 2224 418 2291; x_wconf 83' lang='grc' dir='ltr'><strong><em>κατό</em></strong></span> <span class='ocrx_word' id='word_1_208' title='bbox 441 2224 534 2307; x_wconf 91' lang='grc' dir='ltr'><strong><em>νόμον</em></strong></span> <span class='ocrx_word' id='word_1_209' title='bbox 559 2223 672 2303; x_wconf 87' lang='grc' dir='ltr'><strong><em>τόπου,</em></strong></span> <span class='ocrx_word' id='word_1_210' title='bbox 700 2225 751 2288; x_wconf 86' lang='grc' dir='ltr'><strong><em>καλ</em></strong></span> <span class='ocrx_word' id='word_1_211' title='bbox 774 2221 920 2307; x_wconf 83' lang='grc' dir='ltr'><strong><em>έλθοῦσης</em></strong></span> <span class='ocrx_word' id='word_1_212' title='bbox 940 2231 993 2307; x_wconf 88' lang='grc' dir='ltr'><strong><em>τῆς</em></strong></span> <span class='ocrx_word' id='word_1_213' title='bbox 1011 2223 1163 2307; x_wconf 79' lang='grc' dir='ltr'><strong><em>οἷληθείας.</em></strong></span> <span class='ocrx_word' id='word_1_214' title='bbox 1206 2229 1294 2314; x_wconf 83' lang='grc' dir='ltr'><strong><em>Λέγει</em></strong></span> <span class='ocrx_word' id='word_1_215' title='bbox 1308 2228 1353 2304; x_wconf 75' lang='grc' dir='ltr'><strong><em>δέ,</em></strong></span> <span class='ocrx_word' id='word_1_216' title='bbox 1383 2230 1429 2290; x_wconf 74' lang='lat' dir='ltr'><strong><em>Et</em></strong></span> 
     </span>
    </p>

    <p class='ocr_par' dir='ltr' id='par_1_20' title="bbox 274 2323 1421 2411">
     <span class='ocr_line' id='line_1_21' title="bbox 274 2323 1421 2411; baseline -0.003 -18"><span class='ocrx_word' id='word_1_217' title='bbox 274 2355 319 2405; x_wconf 90' lang='grc' dir='ltr'><strong><em>τις</em></strong></span> <span class='ocrx_word' id='word_1_218' title='bbox 333 2331 417 2393; x_wconf 88' lang='grc' dir='ltr'><strong><em>δοκεῖ</em></strong></span> <span class='ocrx_word' id='word_1_219' title='bbox 433 2326 601 2408; x_wconf 84' lang='grc' dir='ltr'><strong><em>φιλόνεικος</em></strong></span> <span class='ocrx_word' id='word_1_220' title='bbox 615 2323 700 2405; x_wconf 89' lang='grc' dir='ltr'><strong><em>είναι,</em></strong></span> <span class='ocrx_word' id='word_1_221' title='bbox 722 2323 808 2407; x_wconf 85' lang='grc' dir='ltr'><strong><em>ῆμιῖς</em></strong></span> <span class='ocrx_word' id='word_1_222' title='bbox 821 2325 961 2408; x_wconf 87' lang='grc' dir='ltr'><strong><em>τοιαότην</em></strong></span> <span class='ocrx_word' id='word_1_223' title='bbox 975 2326 1138 2410; x_wconf 84' lang='grc' dir='ltr'><strong><em>συνῆθειαν</em></strong></span> <span class='ocrx_word' id='word_1_224' title='bbox 1151 2329 1208 2394; x_wconf 84' lang='grc' dir='ltr'><strong><em>οῦκ</em></strong></span> <span class='ocrx_word' id='word_1_225' title='bbox 1221 2331 1333 2411; x_wconf 80' lang='grc' dir='ltr'><strong><em>έγομεν,</em></strong></span> <span class='ocrx_word' id='word_1_226' title='bbox 1354 2324 1421 2391; x_wconf 84' lang='grc' dir='ltr'><strong><em>οῦτι</em></strong></span> 
     </span>
    </p>

    <p class='ocr_par' dir='ltr' id='par_1_21' title="bbox 276 2420 1421 2514">
     <span class='ocr_line' id='line_1_22' title="bbox 276 2420 1421 2514; baseline -0.002 -18"><span class='ocrx_word' id='word_1_227' title='bbox 276 2434 310 2496; x_wconf 94' lang='grc' dir='ltr'><strong><em>αί</em></strong></span> <span class='ocrx_word' id='word_1_228' title='bbox 321 2433 469 2511; x_wconf 83' lang='grc' dir='ltr'><strong><em>ίκκλησίαι</em></strong></span> <span class='ocrx_word' id='word_1_229' title='bbox 487 2437 539 2495; x_wconf 93' lang='grc' dir='ltr'><strong><em>τοῦ</em></strong></span> <span class='ocrx_word' id='word_1_230' title='bbox 559 2435 644 2494; x_wconf 86' lang='grc' dir='ltr'><strong><em>θεοῦ.</em></strong></span> <span class='ocrx_word' id='word_1_231' title='bbox 691 2430 894 2514; x_wconf 82' lang='grc' dir='ltr'><strong><em>Παρεξέβαλεν</em></strong></span> <span class='ocrx_word' id='word_1_232' title='bbox 915 2420 970 2494; x_wconf 84' lang='grc' dir='ltr'><strong><em>οῦν</em></strong></span> <span class='ocrx_word' id='word_1_233' title='bbox 986 2427 1057 2505; x_wconf 81' lang='grc' dir='ltr'><strong><em>τοῦς</em></strong></span> <span class='ocrx_word' id='word_1_234' title='bbox 1075 2428 1110 2494; x_wconf 84' lang='grc' dir='ltr'><strong><em>τό</em></strong></span> <span class='ocrx_word' id='word_1_235' title='bbox 1129 2437 1247 2496; x_wconf 86' lang='grc' dir='ltr'><strong><em>τοιαῦτα</em></strong></span> <span class='ocrx_word' id='word_1_236' title='bbox 1269 2428 1421 2513; x_wconf 80' lang='grc' dir='ltr'><strong><em>ίργαζομί-</em></strong></span> 
     </span>
    </p>

    <p class='ocr_par' dir='ltr' id='par_1_22' title="bbox 170 2522 1424 2618">
     <span class='ocr_line' id='line_1_23' title="bbox 170 2522 1424 2618; baseline -0.005 -18"><span class='ocrx_word' id='word_1_237' title='bbox 170 2564 173 2569; x_wconf 96' lang='grc'><strong><em>·</em></strong></span> <span class='ocrx_word' id='word_1_238' title='bbox 275 2558 348 2610; x_wconf 85' lang='grc' dir='ltr'><strong><em>κους</em></strong></span> <span class='ocrx_word' id='word_1_239' title='bbox 360 2522 413 2597; x_wconf 83' lang='grc' dir='ltr'><strong><em>καί</em></strong></span> <span class='ocrx_word' id='word_1_240' title='bbox 427 2539 601 2611; x_wconf 85' lang='grc' dir='ltr'><strong><em>ποιοῦντας,</em></strong></span> <span class='ocrx_word' id='word_1_241' title='bbox 631 2533 663 2596; x_wconf 85' lang='grc' dir='ltr'><strong><em>έν</em></strong></span> <span class='ocrx_word' id='word_1_242' title='bbox 680 2534 845 2618; x_wconf 76' lang='grc' dir='ltr'><strong><em>φιλονεικίᾳ</em></strong></span> <span class='ocrx_word' id='word_1_243' title='bbox 864 2555 895 2594; x_wconf 87' lang='grc' dir='ltr'><strong><em>τε</em></strong></span> <span class='ocrx_word' id='word_1_244' title='bbox 910 2527 1012 2609; x_wconf 79' lang='grc' dir='ltr'><strong><em>ὄντας,</em></strong></span> <span class='ocrx_word' id='word_1_245' title='bbox 1042 2530 1104 2597; x_wconf 86' lang='grc' dir='ltr'><strong><em>σἰπό</em></strong></span> <span class='ocrx_word' id='word_1_246' title='bbox 1119 2537 1216 2599; x_wconf 88' lang='grc' dir='ltr'><strong><em>τετοῦ</em></strong></span> <span class='ocrx_word' id='word_1_247' title='bbox 1232 2538 1348 2613; x_wconf 83' lang='grc' dir='ltr'><strong><em>θεσμοῦ</em></strong></span> <span class='ocrx_word' id='word_1_248' title='bbox 1364 2537 1424 2595; x_wconf 73' lang='grc' dir='ltr'><strong><em>ταῖν</em></strong></span> 
     </span>
    </p>

    <p class='ocr_par' dir='ltr' id='par_1_23' title="bbox 275 2629 1428 2718">
     <span class='ocr_line' id='line_1_24' title="bbox 275 2629 1428 2718; baseline -0.003 -18"><span class='ocrx_word' id='word_1_249' title='bbox 275 2633 464 2713; x_wconf 87' lang='grc' dir='ltr'><strong><em>α’ττοστόλων,</em></strong></span> <span class='ocrx_word' id='word_1_250' title='bbox 494 2637 542 2699; x_wconf 83' lang='grc' dir='ltr'><strong><em>καί</em></strong></span> <span class='ocrx_word' id='word_1_251' title='bbox 566 2633 627 2699; x_wconf 84' lang='grc' dir='ltr'><strong><em>σἰπδ</em></strong></span> <span class='ocrx_word' id='word_1_252' title='bbox 645 2641 698 2716; x_wconf 87' lang='grc' dir='ltr'><strong><em>τῆς</em></strong></span> <span class='ocrx_word' id='word_1_253' title='bbox 715 2640 769 2699; x_wconf 90' lang='grc' dir='ltr'><strong><em>τοῦ</em></strong></span> <span class='ocrx_word' id='word_1_254' title='bbox 790 2640 866 2699; x_wconf 89' lang='grc' dir='ltr'><strong><em>θεοῦ</em></strong></span> <span class='ocrx_word' id='word_1_255' title='bbox 884 2634 1045 2714; x_wconf 83' lang='grc' dir='ltr'><strong><em>ίκκλησίας.</em></strong></span> <span class='ocrx_word' id='word_1_256' title='bbox 1088 2630 1171 2699; x_wconf 82' lang='grc' dir='ltr'><strong><em>Ἀλλό</em></strong></span> <span class='ocrx_word' id='word_1_257' title='bbox 1188 2639 1279 2698; x_wconf 82' lang='grc' dir='ltr'><strong><em>ταῦτα</em></strong></span> <span class='ocrx_word' id='word_1_258' title='bbox 1297 2629 1428 2718; x_wconf 83' lang='grc' dir='ltr'><strong><em>ῆναγκό·</em></strong></span> 
     </span>
    </p>

    <p class='ocr_par' dir='ltr' id='par_1_24' title="bbox 274 2734 1429 2823">
     <span class='ocr_line' id='line_1_25' title="bbox 274 2734 1429 2823; baseline -0.003 -20"><span class='ocrx_word' id='word_1_259' title='bbox 274 2747 391 2820; x_wconf 89' lang='grc' dir='ltr'><strong><em>σθημεν</em></strong></span> <span class='ocrx_word' id='word_1_260' title='bbox 407 2738 499 2823; x_wconf 86' lang='grc' dir='ltr'><strong><em>λέγειν</em></strong></span> <span class='ocrx_word' id='word_1_261' title='bbox 513 2735 563 2802; x_wconf 81' lang='grc' dir='ltr'><strong><em>διό</em></strong></span> <span class='ocrx_word' id='word_1_262' title='bbox 579 2734 635 2818; x_wconf 87' lang='grc' dir='ltr'><strong><em>τῆν</em></strong></span> <span class='ocrx_word' id='word_1_263' title='bbox 649 2735 802 2822; x_wconf 89' lang='grc' dir='ltr'><strong><em>πρόφασιν</em></strong></span> <span class='ocrx_word' id='word_1_264' title='bbox 816 2742 876 2801; x_wconf 81' lang='grc' dir='ltr'><strong><em>τῶν</em></strong></span> <span class='ocrx_word' id='word_1_265' title='bbox 889 2737 1110 2820; x_wconf 72' lang='grc' dir='ltr'><strong><em>προειρημένων</em></strong></span> <span class='ocrx_word' id='word_1_266' title='bbox 1126 2741 1362 2813; x_wconf 82' lang='grc' dir='ltr'><strong><em>Μασσαλιανῦν,</em></strong></span> <span class='ocrx_word' id='word_1_267' title='bbox 1383 2735 1429 2800; x_wconf 82' lang='grc' dir='ltr'><strong><em>δτι</em></strong></span> 
     </span>
    </p>

    <p class='ocr_par' dir='ltr' id='par_1_25' title="bbox 274 2836 1430 2921">
     <span class='ocr_line' id='line_1_26' title="bbox 274 2836 1430 2921; baseline -0.004 -16"><span class='ocrx_word' id='word_1_268' title='bbox 274 2841 326 2906; x_wconf 88' lang='grc' dir='ltr'><strong><em>καί</em></strong></span> <span class='ocrx_word' id='word_1_269' title='bbox 342 2839 429 2904; x_wconf 78' lang='grc' dir='ltr'><strong><em>αὐτοὶ</em></strong></span> <span class='ocrx_word' id='word_1_270' title='bbox 453 2837 592 2921; x_wconf 81' lang='grc' dir='ltr'><strong><em>λαβόντες</em></strong></span> <span class='ocrx_word' id='word_1_271' title='bbox 615 2841 732 2904; x_wconf 80' lang='grc' dir='ltr'><strong><em>έκεῖθιν</em></strong></span> <span class='ocrx_word' id='word_1_272' title='bbox 758 2844 813 2902; x_wconf 85' lang='grc' dir='ltr'><strong><em>τοῦ</em></strong></span> <span class='ocrx_word' id='word_1_273' title='bbox 827 2837 1018 2921; x_wconf 78' lang='grc' dir='ltr'><strong><em>φρονήματος</em></strong></span> <span class='ocrx_word' id='word_1_274' title='bbox 1042 2836 1096 2921; x_wconf 91' lang='grc' dir='ltr'><strong><em>τῆν</em></strong></span> <span class='ocrx_word' id='word_1_275' title='bbox 1114 2838 1220 2917; x_wconf 92' lang='grc' dir='ltr'><strong><em>νόσον,</em></strong></span> <span class='ocrx_word' id='word_1_276' title='bbox 1251 2840 1303 2903; x_wconf 82' lang='grc' dir='ltr'><strong><em>καὶ</em></strong></span> <span class='ocrx_word' id='word_1_277' title='bbox 1328 2839 1430 2921; x_wconf 80' lang='grc' dir='ltr'><strong><em>ἐκτρα-</em></strong></span> 
     </span>
    </p>

    <p class='ocr_par' dir='ltr' id='par_1_26' title="bbox 274 2938 1432 3029">
     <span class='ocr_line' id='line_1_27' title="bbox 274 2938 1432 3029; baseline -0.004 -21"><span class='ocrx_word' id='word_1_278' title='bbox 274 2945 376 3018; x_wconf 85' lang='grc' dir='ltr'><strong><em>πέντες</em></strong></span> <span class='ocrx_word' id='word_1_279' title='bbox 392 2939 447 3023; x_wconf 89' lang='grc' dir='ltr'><strong><em>τῆν</em></strong></span> <span class='ocrx_word' id='word_1_280' title='bbox 466 2939 620 3020; x_wconf 78' lang='grc' dir='ltr'><strong><em>διάνοιαν,</em></strong></span> <span class='ocrx_word' id='word_1_281' title='bbox 651 2938 807 3018; x_wconf 79' lang='grc' dir='ltr'><strong><em>ίξοίκειλαν</em></strong></span> <span class='ocrx_word' id='word_1_282' title='bbox 820 2946 857 3028; x_wconf 85' lang='grc' dir='ltr'><strong><em>τῆ</em></strong></span> <span class='ocrx_word' id='word_1_283' title='bbox 876 2939 1009 3029; x_wconf 75' lang='grc' dir='ltr'><strong><em>αἰληθείφ.</em></strong></span> <span class='ocrx_word' id='word_1_284' title='bbox 1055 2942 1117 3005; x_wconf 79' lang='grc' dir='ltr'><strong><em>Καὶ</em></strong></span> <span class='ocrx_word' id='word_1_285' title='bbox 1133 2942 1256 3023; x_wconf 88' lang='grc' dir='ltr'><strong><em>κατέστη</em></strong></span> <span class='ocrx_word' id='word_1_286' title='bbox 1272 2943 1384 3026; x_wconf 79' lang='grc' dir='ltr'><strong><em>αἵρεσις</em></strong></span> <span class='ocrx_word' id='word_1_287' title='bbox 1398 2941 1432 3005; x_wconf 82' lang='grc' dir='ltr'><strong><em>έν</em></strong></span> 
     </span>
    </p>

    <p class='ocr_par' dir='ltr' id='par_1_27' title="bbox 274 3024 945 3128">
     <span class='ocr_line' id='line_1_28' title="bbox 274 3024 945 3128; baseline -0.004 -19"><span class='ocrx_word' id='word_1_288' title='bbox 274 3024 417 3126; x_wconf 78' lang='grc' dir='ltr'><strong><em>δεινότητι</em></strong></span> <span class='ocrx_word' id='word_1_289' title='bbox 439 3043 547 3128; x_wconf 83' lang='grc' dir='ltr'><strong><em>ἆργίας</em></strong></span> <span class='ocrx_word' id='word_1_290' title='bbox 567 3046 617 3109; x_wconf 91' lang='grc' dir='ltr'><strong><em>καλ</em></strong></span> <span class='ocrx_word' id='word_1_291' title='bbox 640 3049 699 3109; x_wconf 80' lang='grc' dir='ltr'><strong><em>τῶν</em></strong></span> <span class='ocrx_word' id='word_1_292' title='bbox 720 3039 816 3108; x_wconf 77' lang='grc' dir='ltr'><strong><em>α”λλων</em></strong></span> <span class='ocrx_word' id='word_1_293' title='bbox 836 3049 945 3107; x_wconf 79' lang='grc' dir='ltr'><strong><em>κακῶν.</em></strong></span> 
     </span>
    </p>
   </div>
   <div class='ocr_carea' id='block_1_3' title="bbox 145 3548 1434 4051">
    <p class='ocr_par' dir='ltr' id='par_1_28' title="bbox 145 3548 1434 4051">
     <span class='ocr_line' id='line_1_29' title="bbox 145 3548 1433 3641; baseline -0.008 -15"><span class='ocrx_word' id='word_1_294' title='bbox 145 3571 213 3641; x_wconf 80' lang='grc' dir='ltr'><strong><em>Κεφ.</em></strong></span> <span class='ocrx_word' id='word_1_295' title='bbox 226 3568 261 3640; x_wconf 83' lang='grc' dir='ltr'><strong><em>η’.</em></strong></span> <span class='ocrx_word' id='word_1_296' title='bbox 368 3553 467 3621; x_wconf 81' lang='grc' dir='ltr'><strong><em>Ταῦτοί</em></strong></span> <span class='ocrx_word' id='word_1_297' title='bbox 482 3556 559 3619; x_wconf 84' lang='grc' dir='ltr'><strong><em>έστιν</em></strong></span> <span class='ocrx_word' id='word_1_298' title='bbox 575 3551 596 3620; x_wconf 73' lang='grc' dir='ltr'><strong><em>δι’</em></strong></span> <span class='ocrx_word' id='word_1_299' title='bbox 612 3555 680 3638; x_wconf 78' lang='grc' dir='ltr'><strong><em>περὶ</em></strong></span> <span class='ocrx_word' id='word_1_300' title='bbox 696 3551 810 3619; x_wconf 77' lang='grc' dir='ltr'><strong><em>τούτων</em></strong></span> <span class='ocrx_word' id='word_1_301' title='bbox 822 3555 871 3617; x_wconf 86' lang='grc' dir='ltr'><strong><em>καλ</em></strong></span> <span class='ocrx_word' id='word_1_302' title='bbox 886 3550 985 3618; x_wconf 81' lang='grc' dir='ltr'><strong><em>αόττῦν</em></strong></span> <span class='ocrx_word' id='word_1_303' title='bbox 1000 3551 1181 3635; x_wconf 76' lang='grc' dir='ltr'><strong><em>ἀκηκόαμεν,</em></strong></span> <span class='ocrx_word' id='word_1_304' title='bbox 1203 3557 1262 3617; x_wconf 74' lang='grc' dir='ltr'><strong><em>τοῖν</em></strong></span> <span class='ocrx_word' id='word_1_305' title='bbox 1276 3552 1319 3626; x_wconf 90' lang='grc' dir='ltr'><strong><em>είς</em></strong></span> <span class='ocrx_word' id='word_1_306' title='bbox 1328 3548 1433 3634; x_wconf 81' lang='grc' dir='ltr'><strong><em>γλεῦην</em></strong></span> 
     </span>
     <span class='ocr_line' id='line_1_30' title="bbox 273 3651 1433 3746; baseline -0.007 -21"><span class='ocrx_word' id='word_1_307' title='bbox 273 3667 315 3746; x_wconf 72' lang='grc' dir='ltr'><strong><em>τῷ</em></strong></span> <span class='ocrx_word' id='word_1_308' title='bbox 330 3659 435 3746; x_wconf 72' lang='grc' dir='ltr'><strong><em>κόσμῳ</em></strong></span> <span class='ocrx_word' id='word_1_309' title='bbox 452 3656 676 3732; x_wconf 78' lang='grc' dir='ltr'><strong><em>καταστάντων,</em></strong></span> <span class='ocrx_word' id='word_1_310' title='bbox 697 3658 750 3720; x_wconf 80' lang='grc' dir='ltr'><strong><em>καὶ</em></strong></span> <span class='ocrx_word' id='word_1_311' title='bbox 770 3657 946 3739; x_wconf 79' lang='grc' dir='ltr'><strong><em>συρφετοίδη</em></strong></span> <span class='ocrx_word' id='word_1_312' title='bbox 962 3661 1034 3720; x_wconf 91' lang='grc' dir='ltr'><strong><em>νοῦν</em></strong></span> <span class='ocrx_word' id='word_1_313' title='bbox 1049 3656 1102 3720; x_wconf 87' lang='grc' dir='ltr'><strong><em>καί</em></strong></span> <span class='ocrx_word' id='word_1_314' title='bbox 1120 3653 1227 3740; x_wconf 87' lang='grc' dir='ltr'><strong><em>λόγους</em></strong></span> <span class='ocrx_word' id='word_1_315' title='bbox 1241 3651 1433 3733; x_wconf 78' lang='grc' dir='ltr'><strong><em>έξεμοόντων,</em></strong></span> 
     </span>
     <span class='ocr_line' id='line_1_31' title="bbox 274 3755 1434 3841; baseline -0.006 -14"><span class='ocrx_word' id='word_1_316' title='bbox 274 3758 447 3827; x_wconf 77' lang='grc' dir='ltr'><strong><em>δσυστότων</em></strong></span> <span class='ocrx_word' id='word_1_317' title='bbox 465 3761 498 3826; x_wconf 78' lang='grc' dir='ltr'><strong><em>δέ</em></strong></span> <span class='ocrx_word' id='word_1_318' title='bbox 521 3759 632 3837; x_wconf 88' lang='grc' dir='ltr'><strong><em>όντων,</em></strong></span> <span class='ocrx_word' id='word_1_319' title='bbox 661 3761 713 3824; x_wconf 82' lang='grc' dir='ltr'><strong><em>καλ</em></strong></span> <span class='ocrx_word' id='word_1_320' title='bbox 737 3755 932 3841; x_wconf 81' lang='grc' dir='ltr'><strong><em>όνελπίστων,</em></strong></span> <span class='ocrx_word' id='word_1_321' title='bbox 963 3759 1015 3822; x_wconf 76' lang='grc' dir='ltr'><strong><em>καὶ</em></strong></span> <span class='ocrx_word' id='word_1_322' title='bbox 1036 3763 1089 3839; x_wconf 87' lang='grc' dir='ltr'><strong><em>τῆς</em></strong></span> <span class='ocrx_word' id='word_1_323' title='bbox 1104 3763 1158 3822; x_wconf 89' lang='grc' dir='ltr'><strong><em>τοῦ</em></strong></span> <span class='ocrx_word' id='word_1_324' title='bbox 1177 3763 1255 3821; x_wconf 87' lang='grc' dir='ltr'><strong><em>θεοῦ</em></strong></span> <span class='ocrx_word' id='word_1_325' title='bbox 1272 3758 1434 3838; x_wconf 87' lang='grc' dir='ltr'><strong><em>οίκοδομῆς</em></strong></span> 
     </span>
     <span class='ocr_line' id='line_1_32' title="bbox 274 3849 1434 3946; baseline -0.008 -16"><span class='ocrx_word' id='word_1_326' title='bbox 274 3867 330 3942; x_wconf 62' lang='lat' dir='ltr'><strong><em>nm</em></strong></span> <span class='ocrx_word' id='word_1_327' title='bbox 345 3863 528 3946; x_wconf 72' lang='grc' dir='ltr'><strong><em>βεβηκότων.</em></strong></span> <span class='ocrx_word' id='word_1_328' title='bbox 562 3861 658 3928; x_wconf 83' lang='grc' dir='ltr'><strong><em>Ὅθεν</em></strong></span> <span class='ocrx_word' id='word_1_329' title='bbox 680 3862 731 3925; x_wconf 84' lang='grc' dir='ltr'><strong><em>καί</em></strong></span> <span class='ocrx_word' id='word_1_330' title='bbox 748 3860 815 3943; x_wconf 85' lang='grc' dir='ltr'><strong><em>πιρλ</em></strong></span> <span class='ocrx_word' id='word_1_331' title='bbox 836 3857 951 3925; x_wconf 88' lang='grc' dir='ltr'><strong><em>τοότων</em></strong></span> <span class='ocrx_word' id='word_1_332' title='bbox 976 3857 1060 3944; x_wconf 84' lang='grc' dir='ltr'><strong><em>όλίγα</em></strong></span> <span class='ocrx_word' id='word_1_333' title='bbox 1079 3858 1266 3940; x_wconf 81' lang='grc' dir='ltr'><strong><em>διαλαβόντες</em></strong></span> <span class='ocrx_word' id='word_1_334' title='bbox 1282 3849 1374 3934; x_wconf 78' lang='grc' dir='ltr'><strong><em>αὖθις</em></strong></span> <span class='ocrx_word' id='word_1_335' title='bbox 1390 3859 1434 3933; x_wconf 88' lang='grc' dir='ltr'><strong><em>είς</em></strong></span> 
     </span>
     <span class='ocr_line' id='line_1_33' title="bbox 274 3959 1434 4051; baseline -0.007 -19"><span class='ocrx_word' id='word_1_336' title='bbox 274 3964 446 4051; x_wconf 81' lang='grc' dir='ltr'><strong><em>δνατροπῆν</em></strong></span> <span class='ocrx_word' id='word_1_337' title='bbox 469 3963 568 4030; x_wconf 73' lang='grc' dir='ltr'><strong><em>αότοῖν</em></strong></span> <span class='ocrx_word' id='word_1_338' title='bbox 583 3963 777 4050; x_wconf 84' lang='grc' dir='ltr'><strong><em>ίργασόμεθα.</em></strong></span> <span class='ocrx_word' id='word_1_339' title='bbox 823 3963 884 4026; x_wconf 83' lang='grc' dir='ltr'><strong><em>Καί</em></strong></span> <span class='ocrx_word' id='word_1_340' title='bbox 899 3968 1018 4047; x_wconf 79' lang='grc' dir='ltr'><strong><em>πρῶτον</em></strong></span> <span class='ocrx_word' id='word_1_341' title='bbox 1039 3960 1093 4042; x_wconf 76' lang='grc' dir='ltr'><strong><em>μέν</em></strong></span> <span class='ocrx_word' id='word_1_342' title='bbox 1111 3959 1157 4026; x_wconf 87' lang='grc' dir='ltr'><strong><em>ότι</em></strong></span> <span class='ocrx_word' id='word_1_343' title='bbox 1179 3968 1342 4045; x_wconf 79' lang='grc' dir='ltr'><strong><em>Ιγυναῖκας</em></strong></span> <span class='ocrx_word' id='word_1_344' title='bbox 1360 3959 1434 4042; x_wconf 81' lang='grc' dir='ltr'><strong><em>μεταλ</em></strong></span> 
     </span>
    </p>
   </div>
   <div class='ocr_carea' id='block_1_4' title="bbox 273 4167 1436 4575">
    <p class='ocr_par' dir='ltr' id='par_1_29' title="bbox 273 4167 1436 4575">
     <span class='ocr_line' id='line_1_34' title="bbox 307 4167 1435 4233; baseline -0.004 -10"><span class='ocrx_word' id='word_1_345' title='bbox 307 4173 368 4223; x_wconf 76' lang='grc' dir='ltr'><strong><em>διο.</em></strong></span> <span class='ocrx_word' id='word_1_346' title='bbox 384 4174 439 4223; x_wconf 83' lang='lat' dir='ltr'><strong><em>vn.</em></strong></span> <span class='ocrx_word' id='word_1_347' title='bbox 458 4200 491 4211; x_wconf 98' lang='lat'>-</span> <span class='ocrx_word' id='word_1_348' title='bbox 528 4173 549 4222; x_wconf 89' lang='grc'><strong><em>1.</em></strong></span> <span class='ocrx_word' id='word_1_349' title='bbox 573 4175 685 4223; x_wconf 80' lang='grc' dir='ltr'><strong><em>Ριλουίιιε</em></strong></span> <span class='ocrx_word' id='word_1_350' title='bbox 705 4173 838 4233; x_wconf 67' lang='lat' dir='ltr'><strong><em>suspicatus</em></strong></span> <span class='ocrx_word' id='word_1_351' title='bbox 870 4167 997 4221; x_wconf 82' lang='grc' dir='ltr'><strong><em>τίνστυτσ</em></strong></span> <span class='ocrx_word' id='word_1_352' title='bbox 1021 4171 1126 4220; x_wconf 76' lang='lat' dir='ltr'><strong><em>duarum</em></strong></span> <span class='ocrx_word' id='word_1_353' title='bbox 1148 4171 1185 4220; x_wconf 85' lang='grc' dir='ltr'><strong><em>υελ</em></strong></span> <span class='ocrx_word' id='word_1_354' title='bbox 1209 4171 1281 4218; x_wconf 78' lang='grc' dir='ltr'><strong><em>θιίιυι</em></strong></span> <span class='ocrx_word' id='word_1_355' title='bbox 1303 4169 1435 4218; x_wconf 75' lang='lat' dir='ltr'><strong><em>litterarum</em></strong></span> 
     </span>
     <span class='ocr_line' id='line_1_35' title="bbox 273 4233 1436 4308; baseline -0.005 -16"><span class='ocrx_word' id='word_1_356' title='bbox 273 4247 307 4292; x_wconf 82' lang='grc' dir='ltr'><strong><em>ιιί</em></strong></span> <span class='ocrx_word' id='word_1_357' title='bbox 315 4233 354 4292; x_wconf 82' lang='grc' dir='ltr'>Ὃ</span> <span class='ocrx_word' id='word_1_358' title='bbox 371 4238 401 4294; x_wconf 74' lang='grc' dir='ltr'><strong><em>δὲ</em></strong></span> <span class='ocrx_word' id='word_1_359' title='bbox 414 4246 496 4308; x_wconf 76' lang='grc' dir='ltr'><strong><em>χεῖρον</em></strong></span> <span class='ocrx_word' id='word_1_360' title='bbox 508 4243 544 4292; x_wconf 83' lang='grc' dir='ltr'><strong><em>ντί</em></strong></span> <span class='ocrx_word' id='word_1_361' title='bbox 553 4233 616 4291; x_wconf 82' lang='grc' dir='ltr'><strong><em>Ἔτι</em></strong></span> <span class='ocrx_word' id='word_1_362' title='bbox 632 4237 661 4293; x_wconf 78' lang='grc' dir='ltr'><strong><em>δὲ</em></strong></span> <span class='ocrx_word' id='word_1_363' title='bbox 692 4244 763 4304; x_wconf 84' lang='grc' dir='ltr'><strong><em>εῖρον.</em></strong></span> <span class='ocrx_word' id='word_1_364' title='bbox 782 4239 836 4286; x_wconf 81' lang='lat' dir='ltr'><strong><em>Ma·</em></strong></span> <span class='ocrx_word' id='word_1_365' title='bbox 872 4241 996 4300; x_wconf 81' lang='grc' dir='ltr'><strong><em>οοιιηιίονο</em></strong></span> <span class='ocrx_word' id='word_1_366' title='bbox 1016 4243 1065 4298; x_wconf 79' lang='grc' dir='ltr'><strong><em>τοι,</em></strong></span> <span class='ocrx_word' id='word_1_367' title='bbox 1090 4243 1112 4286; x_wconf 81' lang='grc' dir='ltr'><strong><em>ελ</em></strong></span> <span class='ocrx_word' id='word_1_368' title='bbox 1134 4241 1206 4287; x_wconf 71' lang='lat' dir='ltr'><strong><em>restat</em></strong></span> <span class='ocrx_word' id='word_1_369' title='bbox 1228 4238 1305 4286; x_wconf 79' lang='grc' dir='ltr'><strong><em>οδλυο</em></strong></span> <span class='ocrx_word' id='word_1_370' title='bbox 1326 4242 1436 4286; x_wconf 75' lang='lat' dir='ltr'><strong><em>accentus</em></strong></span> 
     </span>
     <span class='ocr_line' id='line_1_36' title="bbox 274 4257 1435 4376; baseline -0.002 -18"><span class='ocrx_word' id='word_1_371' title='bbox 274 4309 310 4376; x_wconf 75' lang='lat' dir='ltr'><strong><em>gis</em></strong></span> <span class='ocrx_word' id='word_1_372' title='bbox 333 4308 444 4376; x_wconf 82' lang='lat' dir='ltr'>placeret</span> <span class='ocrx_word' id='word_1_373' title='bbox 459 4302 522 4360; x_wconf 82' lang='grc' dir='ltr'><strong><em>Ὅτι</em></strong></span> <span class='ocrx_word' id='word_1_374' title='bbox 539 4305 568 4361; x_wconf 73' lang='grc' dir='ltr'><strong><em>δὲ</em></strong></span> <span class='ocrx_word' id='word_1_375' title='bbox 585 4324 609 4374; x_wconf 77' lang='grc' dir='ltr'><strong><em>χ.</em></strong></span> <span class='ocrx_word' id='word_1_376' title='bbox 626 4326 650 4359; x_wconf 86' lang='grc' dir='ltr'><strong><em>κ.</em></strong></span> <span class='ocrx_word' id='word_1_377' title='bbox 666 4257 788 4366; x_wconf 67' lang='grc' dir='ltr'><strong><em>διαντίον,</em></strong></span> <span class='ocrx_word' id='word_1_378' title='bbox 813 4305 837 4358; x_wconf 85' lang='grc' dir='ltr'><strong><em>ολ</em></strong></span> <span class='ocrx_word' id='word_1_379' title='bbox 871 4299 913 4370; x_wconf 52' lang='grc' dir='ltr'><strong><em>(δ)</em></strong></span> <span class='ocrx_word' id='word_1_380' title='bbox 936 4308 1044 4355; x_wconf 77' lang='lat' dir='ltr'><strong><em>vocabuli</em></strong></span> <span class='ocrx_word' id='word_1_381' title='bbox 1065 4309 1134 4355; x_wconf 79' lang='grc' dir='ltr'><strong><em>ινοεί.</em></strong></span> <span class='ocrx_word' id='word_1_382' title='bbox 1170 4307 1245 4354; x_wconf 73' lang='lat' dir='ltr'><strong><em>Verba</em></strong></span> <span class='ocrx_word' id='word_1_383' title='bbox 1259 4302 1284 4355; x_wconf 87' lang='grc' dir='ltr'><strong><em>τί</em></strong></span> <span class='ocrx_word' id='word_1_384' title='bbox 1305 4299 1335 4356; x_wconf 70' lang='grc' dir='ltr'><strong><em>δέ</em></strong></span> <span class='ocrx_word' id='word_1_385' title='bbox 1352 4308 1435 4370; x_wconf 77' lang='grc' dir='ltr'><strong><em>χεῖρον</em></strong></span> 
     </span>
     <span class='ocr_line' id='line_1_37' title="bbox 275 4374 1436 4442; baseline -0.006 -13"><span class='ocrx_word' id='word_1_386' title='bbox 275 4375 319 4442; x_wconf 70' lang='grc' dir='ltr'><strong><em>μὲν</em></strong></span> <span class='ocrx_word' id='word_1_387' title='bbox 334 4379 387 4428; x_wconf 79' lang='grc' dir='ltr'><strong><em>κτλ.</em></strong></span> <span class='ocrx_word' id='word_1_388' title='bbox 424 4378 551 4426; x_wconf 74' lang='grc' dir='ltr'><strong><em>σονοοήυι</em></strong></span> <span class='ocrx_word' id='word_1_389' title='bbox 572 4378 714 4438; x_wconf 73' lang='lat' dir='ltr'><strong><em>scripturam</em></strong></span> <span class='ocrx_word' id='word_1_390' title='bbox 730 4377 783 4423; x_wconf 77' lang='grc' dir='ltr'><strong><em>λίθοι’</em></strong></span> <span class='ocrx_word' id='word_1_391' title='bbox 799 4377 836 4425; x_wconf 81' lang='grc' dir='ltr'><strong><em>ενι·</em></strong></span> <span class='ocrx_word' id='word_1_392' title='bbox 870 4379 924 4425; x_wconf 75' lang='lat' dir='ltr'><strong><em>sunt</em></strong></span> <span class='ocrx_word' id='word_1_393' title='bbox 939 4388 955 4422; x_wconf 92' lang='grc' dir='ltr'><strong><em>σ</em></strong></span> <span class='ocrx_word' id='word_1_394' title='bbox 969 4388 1042 4423; x_wconf 79' lang='lat' dir='ltr'><strong><em>manu</em></strong></span> <span class='ocrx_word' id='word_1_395' title='bbox 1057 4377 1169 4436; x_wconf 73' lang='lat' dir='ltr'><strong><em>secunda,</em></strong></span> <span class='ocrx_word' id='word_1_396' title='bbox 1186 4377 1336 4435; x_wconf 79' lang='grc' dir='ltr'><strong><em>φυοοίοοιεκ</em></strong></span> <span class='ocrx_word' id='word_1_397' title='bbox 1352 4374 1436 4422; x_wconf 74' lang='lat' dir='ltr'><strong><em>eadem</em></strong></span> 
     </span>
     <span class='ocr_line' id='line_1_38' title="bbox 274 4441 1051 4509; baseline -0.009 -14"><span class='ocrx_word' id='word_1_398' title='bbox 274 4451 365 4495; x_wconf 72' lang='grc' dir='ltr'><strong><em>κουίιιε</em></strong></span> <span class='ocrx_word' id='word_1_399' title='bbox 390 4448 457 4494; x_wconf 76' lang='lat' dir='ltr'><strong><em>vemt</em></strong></span> <span class='ocrx_word' id='word_1_400' title='bbox 486 4443 552 4504; x_wconf 84' lang='lat' dir='ltr'>Quid</span> <span class='ocrx_word' id='word_1_401' title='bbox 578 4459 638 4492; x_wconf 82' lang='lat' dir='ltr'><strong>vero</strong></span> <span class='ocrx_word' id='word_1_402' title='bbox 663 4442 691 4492; x_wconf 81' lang='lat' dir='ltr'><strong><em>fit</em></strong></span> <span class='ocrx_word' id='word_1_403' title='bbox 715 4441 784 4509; x_wconf 72' lang='lat' dir='ltr'>peius</span> <span class='ocrx_word' id='word_1_404' title='bbox 810 4451 837 4491; x_wconf 81' lang='lat' dir='ltr'><strong><em>et</em></strong></span> <span class='ocrx_word' id='word_1_405' title='bbox 870 4449 934 4504; x_wconf 72' lang='lat' dir='ltr'><strong><em>erat,</em></strong></span> <span class='ocrx_word' id='word_1_406' title='bbox 951 4443 1051 4492; x_wconf 83' lang='grc' dir='ltr'><strong><em>σδίσοίσ.</em></strong></span> 
     </span>
     <span class='ocr_line' id='line_1_39' title="bbox 275 4507 1436 4575; baseline -0.004 -12"><span class='ocrx_word' id='word_1_407' title='bbox 275 4510 444 4563; x_wconf 78' lang='lat' dir='ltr'>contrarium?</span> <span class='ocrx_word' id='word_1_408' title='bbox 480 4513 507 4563; x_wconf 83' lang='grc' dir='ltr'><strong><em>1ο</em></strong></span> <span class='ocrx_word' id='word_1_409' title='bbox 529 4513 579 4562; x_wconf 84' lang='grc' dir='ltr'><strong><em>οοσ.</em></strong></span> <span class='ocrx_word' id='word_1_410' title='bbox 600 4511 697 4575; x_wconf 69' lang='grc' dir='ltr'><strong><em>Βλεδλς.</em></strong></span> <span class='ocrx_word' id='word_1_411' title='bbox 716 4514 770 4561; x_wconf 71' lang='lat' dir='ltr'><strong><em>ante</em></strong></span> <span class='ocrx_word' id='word_1_412' title='bbox 785 4524 835 4560; x_wconf 89' lang='grc' dir='ltr'><strong><em>νοο.</em></strong></span> <span class='ocrx_word' id='word_1_413' title='bbox 903 4511 927 4562; x_wconf 80' lang='grc'><strong><em>’2.</em></strong></span> <span class='ocrx_word' id='word_1_414' title='bbox 953 4512 991 4573; x_wconf 67' lang='lat'><strong><em>0!-</em></strong></span> <span class='ocrx_word' id='word_1_415' title='bbox 1015 4512 1092 4562; x_wconf 70' lang='grc' dir='ltr'><strong><em>(θοίνα</em></strong></span> <span class='ocrx_word' id='word_1_416' title='bbox 1115 4507 1383 4572; x_wconf 70' lang='lat' dir='ltr'><strong><em>Spicilea.1,paa.50</em></strong></span> <span class='ocrx_word' id='word_1_417' title='bbox 1399 4521 1436 4572; x_wconf 83' lang='grc' dir='ltr'><strong><em>ιη.</em></strong></span> 
     </span>
    </p>
   </div>
   <div class='ocr_carea' id='block_1_5' title="bbox 0 0 1552 5070">
    <p class='ocr_par' dir='ltr' id='par_1_30' title="bbox 0 0 1552 5070">
     <span class='ocr_line' id='line_1_40' title="bbox 0 0 1552 5070; baseline 0 0"><span class='ocrx_word' id='word_1_418' title='bbox 0 0 1552 5070; x_wconf 95' lang='lat' dir='ltr'><strong><em> </em></strong></span> 
     </span>
    </p>
   </div>
  </div>
 </body>
</html>
