3096 5070
427 270 564 323 raanan
581 272 646 324 nra.
658 275 701 324 nr.
719 273 802 324 rou.
815 275 846 325 ιι.
862 273 961 325 enan.
978 274 1121 324 curun.
1291 264 1354 328 439

194 405 274 468 rent,
298 374 476 457 convenisse
496 393 678 476 postmodum
698 392 875 471 arbitretur,
900 392 971 455 nihil
989 393 1132 457 eiusmodi
1150 395 1353 459 demonstrare

196 495 242 559 vel
257 496 410 559 declarare
428 495 569 580 quispiam
588 505 704 579 potest,
727 496 778 558 sed
798 505 830 557 nt
846 496 918 558 labis
935 495 1029 558 omnis
1048 506 1222 581 expertem,
1246 505 1277 557 et
1293 518 1354 560 ma·

195 598 278 661 culae
302 598 459 661 salvatoris
485 598 578 660 nostri
598 609 710 681 partum
738 598 909 661 ostenderet
926 596 1087 682 scriptura,
1119 597 1188 660 illud
1212 599 1351 661 assernit.

195 697 393 784 Quamobrem
422 700 497 762 istae
515 719 622 775 voces,
656 703 721 762 Non
737 705 959 779 cognom’tenm,
991 700 1025 761 ad
1049 700 1126 762 illius
1148 699 1270 784 gloriam
1287 721 1354 785 spe·

194 812 285 866 etant.
328 800 560 885 Primogenitum
578 821 652 864 vero
667 800 809 878 nominat,
827 822 863 864 eo
877 802 952 885 quod
969 812 1037 864 ante
1052 811 1168 864 creatas
1185 823 1235 866 res
1251 823 1354 866 omnes

192 906 383 989 genitusest,
409 915 456 981 et,
489 914 520 966 nt
537 904 578 965 ait
595 904 764 987 apostolus,
795 909 1002 984 primogenitus
1028 909 1057 965 in
1080 908 1176 966 multis
1191 907 1505 986 fratribomttnnam.

194 1029 253 1071 nou
279 1017 415 1091 respectu
438 1006 473 1068 ad
494 1003 609 1068 Mariae
636 1005 745 1069 liberos
767 1006 883 1082 habito,
920 1007 1002 1089 qnasi
1028 1006 1101 1070 alios
1124 1007 1171 1069 illa
1192 1006 1351 1091 pepererit,

193 1111 244 1173 sed
261 1108 296 1170 ad
314 1128 366 1171 eos
381 1127 484 1170 omnes
499 1108 546 1192 qui
565 1108 749 1193 adoptionem
766 1107 844 1170 illius
857 1107 1002 1171 beneficio
1019 1109 1169 1171 consecuti
1183 1119 1264 1184 sunt,
1287 1130 1352 1171 cum

193 1207 310 1274 Mariae
333 1209 407 1274 lilius
431 1211 592 1273 secundum
621 1231 739 1273 caruem
768 1231 873 1272 revera
901 1212 971 1286 luit,
1004 1231 1040 1272 nc
1064 1211 1234 1274 adumbrato
1257 1210 1352 1272 solum

193 1312 308 1395 speeies
325 1333 393 1374 esse
414 1312 574 1376 videretur.
623 1309 715 1396 lgitur
732 1311 944 1395 primogenitus
971 1332 1005 1375 ac
1025 1312 1147 1395 uirginis
1165 1312 1256 1397 ipsius
1278 1312 1352 1375 lilius

193 1414 365 1498 appellatur,
390 1436 447 1476 non
465 1414 540 1499 quod
557 1414 644 1491 alios,
669 1414 710 1478 uti
726 1414 808 1492 dixi,
832 1415 941 1478 liberos
964 1413 1124 1499 pepererit.
1170 1414 1289 1478 Etenim
1308 1424 1354 1478 est

193 1517 327 1599 quiddam
343 1517 372 1579 in
386 1538 421 1579 eo
435 1538 546 1601 genere
561 1517 589 1580 ei
603 1517 699 1580 simile
715 1517 790 1601 quod
805 1516 1037 1580 incarnationem
1053 1517 1226 1580 antecessit.
1271 1514 1350 1580 Nam

193 1629 224 1683 ut
240 1619 450 1704 primogenitus
469 1640 574 1682 revera
600 1621 691 1704 patris
714 1630 782 1681 ante
805 1631 969 1682 creaturam
993 1640 1109 1681 omnem
1127 1619 1264 1683 extitisse
1281 1618 1352 1682 diei-

193 1732 259 1798 tur,
294 1741 387 1805 oeque
405 1731 503 1789 tantan
525 1721 592 1784 ideo
607 1722 684 1803 quod
704 1720 753 1784 alii
773 1731 838 1805 post
855 1722 948 1805 ipsum
967 1743 984 1784 a
1001 1733 1083 1806 patre
1099 1722 1190 1805 geniti
1211 1721 1271 1784 sint
1293 1721 1351 1804 pri·

192 1824 359 1908 mogenitus
381 1835 518 1901 vocatnr3
549 1845 608 1886 non
632 1823 709 1886 euim
733 1825 852 1885 tratrem
880 1823 1003 1885 alterum
1029 1823 1145 1900 babuit,
1176 1824 1281 1909 quippe
1302 1823 1350 1907 qui

192 1927 232 1991 ait
249 1926 428 2009 unigenitus.
475 1921 519 1986 lta
536 1935 566 1986 et
582 1935 719 2009 suscepto
738 1946 863 2009 corpore
880 1922 996 1988 Mariae
1021 1926 1231 2009 primogenitus
1255 1926 1353 2010 appel·

191 2030 286 2105 latur3
311 2027 427 2090 tametsi
445 2027 530 2089 unica
547 2026 611 2088 eius
629 2027 726 2111 proles
741 2025 894 2104 extiterit,
928 2046 1022 2110 neque
1036 2029 1183 2089 secundus
1201 2047 1241 2090 ex
1259 2047 1295 2090 ea
1314 2027 1353 2092 sit

192 2131 232 2194 illi
257 2132 349 2193 irater
373 2129 402 2191 in
420 2129 512 2192 lucem
536 2129 642 2190 editus.
688 2125 804 2192 Silcaut
826 2130 924 2212 itaque
951 2127 1083 2191 homines
1103 2128 1150 2190 isti
1169 2130 1216 2212 qui
1240 2150 1275 2192 ea
1295 2129 1349 2191 sibi

191 2234 304 2316 lingunt
331 2252 406 2315 quae
432 2230 590 2315 pernicicm
620 2230 711 2314 magis
739 2253 823 2315 quam
848 2232 1001 2294 utilitatem
1025 2230 1097 2314 ipsis
1119 2231 1265 2308 afferunt,
1298 2232 1370 2294 sed·

190 2335 251 2413 illc,
269 2354 392 2418 quaeso,
411 2334 538 2396 lacessat
553 2353 649 2395 error.
697 2329 881 2417 Quicumque
897 2334 1044 2396 dominum
1064 2333 1200 2409 honorat,
1225 2332 1351 2396 honorat

189 2447 220 2500 et
236 2447 390 2512 sanctum,
422 2436 470 2520 qui
496 2435 656 2519 ignominie
677 2447 809 2499 sanctum
834 2436 939 2512 afficit,
973 2435 1094 2497 eandem
1111 2439 1143 2496 'et
1160 2434 1278 2497 domino
1295 2457 1349 2498 sno

189 2537 378 2622 ignominiam
396 2538 529 2622 imponit.
577 2534 623 2600 Sit
651 2537 680 2599 in
697 2559 765 2601 sese
781 2535 878 2601 Maria
896 2537 1080 2600 sanctissima
1108 2537 1156 2599 illa
1174 2536 1259 2620 virgo
1283 2558 1350 2600 vas·

189 2663 245 2726 que
260 2641 328 2704 illud
346 2649 580 2702 sacrosanctum.
628 2637 780 2702 Eiusmodi
796 2661 868 2703 vero
887 2640 1025 2723 pestilera
1042 2648 1129 2723 atque
1147 2639 1280 2701 exitialia
1299 2639 1350 2702 do·

189 2754 287 2827 gmata
312 2740 420 2804 uallum
446 2742 530 2804 nobis
554 2742 680 2805 fructum
705 2742 849 2818 afferun13
882 2763 993 2825 nosque
1010 2742 1084 2804 adeo
1111 2740 1350 2805 honorificentius

190 2845 225 2908 de
243 2845 290 2907 illa
306 2843 418 2906 sentire
432 2865 485 2928 par
500 2855 562 2920 est,
597 2865 633 2906 ne
656 2845 685 2906 in
712 2844 801 2906 animi
822 2845 1008 2908 insolentiam
1030 2853 1080 2905 aut
1099 2843 1275 2906 discordiam
1300 2854 1350 2907 aut

189 2966 438 3031 supervacaneam
457 2945 662 3030 loquacitatem
681 2946 855 3010 incidamus.
897 2943 1012 3031 Quippe
1027 2950 1062 3006 de
1075 2951 1250 3007 ornationem
1264 2948 1347 3009 verde
1383 2962 1469 3008 Mena

189 3055 342 3122 rationem,
368 3057 400 3111 nt
419 3049 558 3133 scriptum
578 3061 640 3127 est,
664 3054 809 3111 reddituri
828 3072 934 3111 suanus.
985 3047 1066 3132 Ergo
1091 3049 1240 3133 nosipsos
1263 3069 1349 3111 cure·
1384 3016 1462 3070 lm

190 3171 271 3229 mus,
303 3171 400 3213 rerum
426 3160 590 3213 nostrarum
608 3163 796 3235 satagamus3
830 3173 905 3214 neve
928 3172 1002 3235 quae
1024 3149 1116 3213 nostri
1141 3152 1257 3236 propria
1280 3162 1350 3215 sunt

189 3252 219 3316 in
240 3263 359 3315 sanctos
375 3253 569 3336 proferamus,
594 3265 644 3317 aut
660 3275 699 3318 ex
717 3253 802 3317 nobis
818 3252 890 3339 ipsis
906 3275 980 3338 quae
995 3255 1030 3316 ad
1045 3253 1110 3316 illos
1125 3254 1271 3337 pertinent
1288 3274 1348 3316 mc·

191 3355 239 3417 tiri
263 3354 399 3416 velimus.

275 3451 390 3540 Quippe
407 3456 537 3519 nonnulli
553 3467 621 3519 sunt
642 3457 688 3540 qui
709 3480 774 3521 curn
797 3458 832 3520 ad
852 3459 954 3521 luxum
972 3480 1007 3521 ac
1026 3456 1144 3521 delicias
1164 3457 1247 3520 effusi
1271 3457 1342 3534 sint,
1395 3460 1454 3526 esp.

190 3568 221 3619 et
236 3557 431 3640 perniciosam
451 3568 576 3619 mentem
601 3559 809 3643 conceperint,
839 3560 957 3624 iurean
977 3560 1084 3623 iniuria
1107 3569 1226 3623 sanctos
1244 3559 1346 3622 iisdem
1381 3528 1466 3580 xm

191 3659 338 3723 foeditatis
356 3659 477 3723 maculis
495 3679 653 3742 aspergere
672 3672 832 3741 conantur,
856 3684 914 3745 qno
933 3683 1024 3747 pravo
1042 3674 1072 3725 et
1085 3661 1234 3725 imbecillo
1251 3661 1348 3724 auimo

190 3782 245 3825 suo
259 3762 413 3824 honestum
429 3761 555 3846 aliquem
571 3761 699 3823 colorem
716 3763 901 3846 speciemque
915 3752 1099 3849 conquirant.
1147 3761 1260 3827 Contra
1275 3785 1347 3846 quos

189 3866 340 3950 apostolus
355 3864 393 3926 ita
412 3864 556 3947 loquitur,
584 3866 669 3924 tetam
687 3886 780 3925 omnes
796 3869 968 3927 mer'sr‘miles
982 3889 1052 3929 esse.
1098 3865 1154 3931 Ubi
1172 3867 1219 3928 illa
1240 3866 1342 3944 verba,
1359 3887 1378 3932 1.
1388 3885 1470 3943 caet,
1478 3888 1499 3934 ι.

188 3971 252 4031 Mei
271 3971 377 4029 similes
394 3989 471 4039 esce,
507 3965 542 4028 de
562 3987 620 4050 quo
640 3966 698 4029 alio
721 3987 806 4050 quarn
831 3969 867 4030 de
884 3967 1056 4031 castimonia
1074 3968 1262 4052 interpretari
1281 3990 1347 4053 pos·

189 4071 310 4134 sumus?
354 4075 455 4131 Verum
473 4081 592 4149 propter
606 4072 816 4152 fornicationes
845 4075 1036 4151 uniusquisque
1055 4094 1171 4132 onorem
1196 4093 1275 4132 suum
1294 4074 1344 4132 da·
1393 4093 1451 4142 nra,

190 4173 262 4234 deut.
310 4168 370 4235 Sed
386 4174 414 4234 in
431 4169 520 4255 priori
537 4182 620 4256 parte
640 4192 800 4256 pronomen
816 4172 958 4247 detraxit,
983 4173 1058 4255 quod
1073 4172 1254 4235 acerbiorem
1273 4174 1346 4237 alio·

192 4274 238 4356 qui
267 4273 527 4359 reprehensionem
554 4284 583 4335 et
609 4273 832 4358 castigationem
861 4274 991 4338 baberet.
1045 4273 1123 4338 Nam
1153 4297 1217 4338 cum
1249 4275 1346 4339 dicere

191 4385 307 4458 posset,
339 4381 459 4456 Propter
468 4378 676 4458 fornicationes
698 4389 823 4451 oestrus,
856 4398 960 4440 vocem
980 4377 1057 4440 illam
1081 4390 1189 4440 oestrus
1211 4381 1344 4443 consulto

226 4509 286 4560 Car.
300 4511 385 4560 xxu.
406 4540 438 4550 -
459 4512 496 4562 -l.
514 4500 565 4580 alpe
581 4513 648 4563 codd
664 4527 719 4565 mss.
