3096 5070
421 277 556 332 tumtun
573 278 636 328 utu.
654 277 699 328 tu.
716 276 797 329 ΤΟΜ.
813 277 845 326 11.
864 274 963 326 utun.
979 273 1124 326 Lxxvttt.
1284 262 1345 322 445

190 399 348 486 scriptione
374 399 638 484 complecteremur
661 398 708 482 qui
735 416 886 461 sacrarum
912 394 1061 458 literarum
1081 391 1236 457 veritatem
1253 395 1347 475 perei-

191 525 260 591 pere
290 504 427 581 student,
460 522 555 585 neque
582 511 693 563 temere
715 498 901 563 sermonibus
925 496 1084 571 insultare,
1114 506 1165 558 aut
1196 505 1346 557 contume-

191 605 293 671 liosum
318 604 469 689 sibiipsis
495 604 624 686 linguam
648 602 822 686 producere.
877 585 1010 681 Quodsi
1042 597 1089 681 qni
1117 597 1259 681 refragari
1285 617 1346 659 ma·

190 707 261 785 lint,
292 729 326 770 ac
342 707 450 792 spretis
467 705 586 769 utilibus
611 725 686 788 quae
708 703 753 767 bis
769 702 917 765 contraria
935 712 1005 763 sunt
1021 697 1187 784 amplectis
1204 698 1311 762 nobis
1303 720 1347 760 ro·

189 809 264 876 limis
286 809 483 894 usurpandum
509 807 673 884 illuderit,
704 809 873 884 (tnr'ondit,
907 807 1022 877 auduom
1053 808 1272 884 qnn'oontnnnn
1289 813 1342 874 est,
1382 812 1464 858 meet.

189 922 426 984 contemnerem,
450 898 761 994 aenequeapostolis,
785 904 1343 990 nequenobisampliusmolestussit.
1383 867 1404 920 ⁸
1416 866 1450 910 π’

129 1046 131 1050 v
191 1012 277 1098 Quae
294 1013 372 1075 enim
386 1012 606 1095 religiosissima
623 1023 653 1073 et
668 1010 812 1074 ecclesiae
830 1013 977 1072 tructuosa
993 1028 1061 1070 esse
1077 1008 1259 1093 putabamus,
1276 1007 1347 1070 baec

191 1118 227 1180 de
248 1115 435 1178 sanctissima
456 1114 570 1198 uirgine
591 1134 692 1177 suenus
717 1113 861 1198 protessi3
897 1121 928 1174 ut
954 1110 1018 1174 eius
1038 1110 1228 1196 patrocinium
1255 1110 1349 1173 susci·

192 1237 328 1303 peremus
354 1218 428 1301 quae
448 1223 547 1297 gratio
568 1220 732 1297 plennn'nro
754 1227 814 1277 est:
848 1223 879 1276 ut
906 1211 1027 1276 Gabriel
1050 1213 1165 1276 loeutus
1188 1223 1252 1291 est,
1284 1218 1485 1285 Anemonem.

189 1323 288 1400 gronio
298 1323 400 1399 pleno,
424 1325 551 1382 dominns
574 1332 673 1381 terum.
721 1316 807 1401 Quod
827 1316 851 1380 si
871 1315 1018 1400 cumipse
1036 1317 1169 1378 dominus
1190 1326 1253 1393 est,
1277 1338 1348 1400 quo·

192 1422 278 1484 modo
295 1421 419 1485 alterum
438 1421 605 1506 coniugium
626 1421 781 1485 admisisse
798 1419 914 1504 potest?
958 1416 1113 1501 Quonam,
1135 1405 1273 1502 inquam,
1299 1440 1348 1502 pa-

192 1536 240 1588 cto
260 1546 334 1608 quiae
351 1525 448 1588 narniis
474 1525 715 1588 consuetudinem
735 1522 875 1600 baberet,
907 1522 1062 1584 adomino
1087 1523 1200 1584 servari
1224 1520 1349 1601 dicitur?

192 1625 356 1691 Enimvero
372 1627 467 1690 sancti
482 1647 584 1690 omnes
600 1647 706 1707 magno
723 1625 753 1687 in
771 1624 882 1687 bonore
899 1633 978 1687 sunt.
1016 1612 1137 1686 'Horum
1156 1634 1203 1686 est
1217 1621 1347 1706 gloriosa

191 1722 327 1814 requies3
351 1729 454 1792 bonnm
476 1750 515 1792 ex
536 1729 589 1793 bno
608 1728 668 1791 vita
683 1727 831 1790 discessus
848 1727 882 1789 ad
902 1725 1111 1811 perlectionem
1128 1727 1269 1789 transitus
1288 1736 1345 1803 est,

193 1833 361 1896 eorumdem
378 1824 409 1895 ib
430 1831 569 1895 felicitate
590 1832 677 1907 sors,
708 1830 737 1892 in
753 1828 945 1891 sanctissimis
964 1828 1119 1891 domiciliis
1135 1829 1214 1892 inter
1227 1828 1345 1911 angelo·

192 1957 256 1999 rum
274 1933 381 1997 choros
399 1943 573 2011 versantur,
598 1932 739 1996 diribitorio
757 1932 786 1995 in
802 1930 903 2010 coelo,
928 1931 1081 2015 occupatio
1097 1930 1126 1993 io
1143 1929 1238 1994 sacris
1256 1932 1348 1994 literis

193 2047 256 2116 est,
287 2021 376 2099 decus
401 2056 435 2098 ac
452 2035 590 2118 splendor
606 2033 785 2119 sempiterno
799 2033 830 2096 iu
849 2034 961 2096 honoro
981 2032 1133 2109 consistit,
1167 2053 1252 2116 quem
1270 2033 1348 2096 nulla

192 2140 361 2204 coniectura
385 2147 482 2223 potest
504 2138 638 2220 assequi3
669 2136 797 2222 praemio
816 2137 939 2219 denique
957 2134 987 2197 in
1004 2132 1125 2199 Christo
1145 2132 1213 2198 lesu
1231 2134 1348 2199 domino

191 2254 295 2306 nostro
317 2241 410 2327 posita
440 2250 527 2317 suot,
563 2258 720 2325 perquem
743 2250 773 2302 et
800 2260 924 2323 quonum
948 2237 1041 2322 gloria
1064 2237 1222 2321 patricum
1243 2248 1346 2302 sancto

192 2344 297 2430 spiritu
319 2342 349 2406 in
372 2344 508 2418 saecula,
533 2342 642 2405 Amen.

277 2442 390 2511 Omnes
414 2466 469 2508 vos
490 2445 597 2507 tratres
621 2443 774 2529 plurimum
798 2443 937 2506 salutant.
984 2440 1048 2506 Vos
1070 2442 1201 2506 vicissim
1223 2442 1346 2505 salutem

192 2549 328 2612 omnibus
344 2550 392 2634 qni
412 2549 488 2634 apud
508 2567 562 2610 vos
578 2557 647 2610 sunt
664 2545 802 2609 iratribus
823 2546 929 2625 dicite,
962 2545 1018 2608 boe
1036 2555 1083 2607 est
1096 2544 1230 2608 'fidelibus
1250 2544 1347 2608 sinee-

192 2670 243 2712 roe
260 2650 324 2713 bdei
344 2651 523 2728 cultoribus,
549 2650 596 2733 qui
612 2648 777 2734 snperbiam
792 2658 984 2725 aversantur,
1009 2647 1057 2731 qui
1073 2647 1253 2710 Arianorum
1269 2668 1348 2709 com·

193 2750 378 2829 munionem,
411 2762 442 2815 et
460 2750 696 2817 Sabellianorum
713 2751 889 2836 proterviam
909 2752 1054 2826 oderunt,
1086 2751 1134 2834 qui
1155 2751 1348 2813 consubstan-

193 2851 291 2915 tialem
309 2853 467 2917 trinitatem
484 2855 654 2938 prolitentes
671 2854 794 2916 adorant
808 2864 918 2938 patrem
938 2864 967 2916 et
982 2852 1070 2915 tilium
1086 2864 1117 2915 et
1131 2852 1263 2938 spiritum
1280 2874 1349 2916 san·

194 2963 289 3032 otum,
323 2967 383 3019 tres
409 2977 551 3040 personas
568 2968 598 3019 et
622 2978 706 3020 unam
729 2956 921 3020 substantiam
946 2976 981 3017 ac
1000 2956 1181 3019 divinitatem
1205 2977 1349 3039 unamque

193 3055 329 3139 gloriam,
354 3056 459 3142 quique
476 3060 510 3122 de
526 3059 647 3123 salutari
663 3059 878 3123 incarnationis
896 3058 1004 3121 domini
1019 3059 1161 3143 mysterio
1179 3058 1295 3122 sineere
1313 3079 1347 3122 ae

194 3157 266 3220 citra
292 3178 423 3223 errorem
447 3161 593 3242 sentiunt,
627 3184 662 3225 ao
692 3157 843 3227 Christum
870 3160 953 3246 plane
977 3161 1122 3223 bominem
1152 3181 1219 3224 esso
1242 3162 1347 3225 lautum

194 3262 413 3346 perlectumque
428 3264 511 3326 deum
527 3285 562 3328 oc
575 3266 736 3351 perlectum
751 3265 895 3328 bominem
911 3263 1101 3341 arbitrantur,
1127 3264 1237 3348 peccati
1252 3263 1348 3326 omnis

194 3374 363 3449 expertem,
395 3366 443 3447 qni
460 3387 566 3450 corpus
583 3367 619 3429 de
636 3364 732 3430 Maria
749 3365 914 3451 susceperit
930 3388 988 3429 una
1006 3389 1070 3429 com
1088 3367 1183 3429 anima
1202 3377 1232 3429 et
1250 3375 1348 3429 urente

194 3467 360 3550 ceterisque
385 3465 490 3549 quibus
519 3467 665 3531 bominum
689 3480 794 3532 natura
812 3477 944 3546 constat,
975 3470 1050 3532 adeo
1073 3479 1180 3532 utnon
1200 3467 1345 3546 duosint,

193 3567 505 3648 sedunnsdominus,
539 3571 777 3653 unusqoodeus,
810 3591 976 3649 uuusrex,
1008 3593 1083 3635 uous
1099 3572 1252 3658 pontifex,
1276 3571 1348 3633 deus

194 3680 225 3733 et
249 3669 354 3748 bomo,
380 3669 466 3732 bomo
485 3692 519 3733 ae
536 3671 625 3748 deus,
650 3693 708 3734 non
725 3673 802 3750 dno,
824 3673 875 3736 sed
894 3695 986 3752 nous,
1011 3674 1146 3758 inquam,
1171 3695 1209 3737 ex
1226 3673 1348 3758 duplicis

193 3782 317 3836 naturae
334 3773 541 3837 coniunctione
559 3773 719 3850 conflatus,
743 3795 801 3838 ooo
820 3785 854 3836 ut
871 3774 976 3859 aliquid
995 3778 1165 3853 contusum,
1190 3787 1241 3839 aut
1257 3777 1286 3838 in
1304 3777 1348 3839 ni·

193 3872 282 3938 bilum
299 3876 448 3940 redactum
463 3877 513 3956 sit,
538 3876 634 3939 sedin
650 3896 687 3939 eo
703 3874 800 3938 omnia
816 3876 876 3939 sint
889 3879 925 3940 ad
943 3898 1084 3942 summam
1102 3879 1216 3942 divinae
1233 3880 1347 3963 gratiae

154 3972 159 3979 ’
193 3978 475 4044 administrationem
498 3981 641 4065 perlecto.
688 3975 806 4041 Valete.

279 4080 345 4146 lloe
363 4083 504 4168 epistolae
521 4081 658 4167 exemplo
675 4080 822 4158 contenti,
854 4082 930 4164 qood
956 4083 991 4145 od
1018 4081 1132 4144 illomm
1157 4082 1348 4146 retellendnm

194 4203 326 4248 errorem
349 4187 484 4250 idoneum
511 4197 574 4265 est,
607 4183 734 4248 assatis
760 4202 906 4267 superque
930 4184 1028 4268 egisse
1053 4205 1107 4248 nos
1128 4184 1278 4264 arbitrati,
1311 4187 1347 4250 sb

194 4282 248 4349 boo
271 4287 386 4353 haeresi
412 4287 613 4366 discedemus,
646 4307 729 4372 quom
753 4287 900 4372 serpentis
918 4308 934 4352 e
953 4286 1097 4351 toramine
1114 4287 1282 4372 prodeuntis
1304 4287 1348 4352 in-

227 4453 252 4508 3.
270 4458 335 4508 stom
351 4455 457 4522 ontpo
438 4458 517 4525 ημᾶς.
822 4459 846 4509 5
863 4454 996 4526 ὄμιούσιοι
1013 4459 1063 4510 cod.
1082 4460 1178 4524 ltbedip.

227 4520 284 4575 l.
269 4530 327 4592 υμῖν
342 4528 410 4581 codd.
426 4542 482 4580 mss
515 4523 578 4596 ιίμίι
594 4529 648 4580 ttbrt
664 4529 727 4580 editt.
