3096 5070
265 268 329 337 208
690 284 999 338 ιιασιιτειειιιιιιι

263 407 324 467 τιῦν
344 402 386 478 τίς
404 397 484 484 ημᾶς
501 402 532 467 έν
549 400 677 490 ἀληθεία
698 407 896 489 σιιτηριωδῦς
911 404 944 468 ίιτ
958 409 1035 468 θεοῦ
1048 398 1099 468 διό
1114 409 1174 469 τῶν
1191 401 1364 469 ἀποστόλων
1379 429 1426 470 ιιι·

137 521 251 579 mm
264 505 466 590 αηρυγμέναν.
512 510 703 587 Καταλείψας
717 505 751 571 δέ
769 502 788 570 ό
805 503 896 582 αὐτός
910 503 1081 587 Ἀνόμοιος,
1110 507 1161 570 καί
1179 509 1210 570 οί
1225 508 1255 583 έξ
1269 504 1362 571 αὐτοῦ
1379 531 1427 592 γε·

263 605 396 693 γονότες,
427 604 483 690 την
499 604 573 673 όδόν
595 613 650 689 τῆς
671 604 813 689 ἀληθείας
833 606 1017 694 έτράπησαν,
1050 615 1151 684 κακῶς
1163 606 1216 683 τός
1229 616 1306 674 θεοῦ
1324 607 1427 693 ῥήσεις

264 708 501 792 έπινενοηκότες,
533 712 583 776 καί
611 708 716 775 λοιπόν
738 713 780 789 είς
801 708 1011 796 διαλογισμοῦς
1031 712 1083 775 καί
1100 713 1142 786 είς
1159 709 1299 795 διαλογάς
1321 712 1427 797 λέξεων

262 814 518 898 παρατρέψαντες
543 811 595 878 τόν
621 818 694 877 νοῦν
724 809 922 896 ἀπεπήδησαν
945 821 999 896 τῆς
1021 811 1181 896 ἀληθείας,
1212 815 1264 879 καί
1291 816 1428 891 έξέπεσον

263 921 321 981 τιῦν
339 917 531 1001 έπουρανίων.
578 920 668 979 Πᾶσα
690 912 747 1001 γάρ
771 916 847 992 λέξις
867 916 973 1000 έλέγξει
994 914 1120 995 αότοδς,
1154 915 1230 981 ’έάν
1246 916 1356 981 θέλωσι
1373 914 1428 982 τόν

263 1019 376 1084 ίαυτιῦν
401 1025 476 1085 νοῦν
499 1021 607 1083 δοῦναι
630 1021 671 1094 είς
693 1015 847 1100 φωτισμόν
868 1024 923 1083 τοῦ
947 1015 1123 1104 εὐαγγελίου.
1170 1015 1316 1102 Οόδαμοῦ
1332 1015 1427 1104 γάρό

263 1118 426 1207 μονογενὴς
439 1122 531 1206 λίγει,
554 1124 604 1185 καί
618 1125 664 1186 τοί
678 1144 709 1206 γε
727 1122 759 1186 ίν
773 1122 859 1205 σαρκί
879 1121 1129 1206 παραγινόμενος,
1152 1121 1208 1202 ότι,
1229 1118 1264 1186 ‘0
1275 1126 1377 1197 κτίσας
1388 1145 1427 1204 με

263 1222 362 1308 πατὴρ
386 1219 547 1289 ἀπέσταλκί
569 1247 620 1306 με,
651 1220 722 1289 οάδί
740 1220 757 1288 ό
775 1221 899 1309 4πατήρ
915 1249 976 1289 που
994 1226 1026 1290 έν
1043 1231 1085 1312 τρῦ
1101 1221 1258 1312 εὐαγγελίῳ
1279 1226 1424 1308 διιλέγθη,

262 1325 335 1392 om
349 1329 381 1392 έν
395 1331 508 1414 παλαιᾷ
526 1324 677 1415 διαθήκη,
700 1324 763 1403 ὅτι,
777 1323 900 1391 ”Eum
918 1322 991 1408 ῦμῖν
1004 1325 1057 1390 τόν
1073 1325 1156 1405 υίδν,
1178 1324 1256 1405 ἀλλ’,
1277 1322 1311 1390 Ὅ
1325 1325 1424 1412 πατήρ

261 1453 298 1512 με
313 1427 476 1508 ἀπέστειλε,
507 1431 575 1508 καί,
603 1425 654 1493 Ἐκ
672 1435 725 1493 τοῦ
746 1426 857 1513 πατρός
873 1430 1016 1512 ἐξῆλθον,
1048 1431 1099 1493 καί
1121 1427 1202 1511 ἥκω,
1231 1430 1299 1506 καί,
1328 1426 1363 1494 ‘0
1380 1427 1425 1495 τόν

262 1533 307 1608 είς
320 1530 373 1597 τόν
387 1529 500 1597 κόλπον
516 1539 571 1597 τοῦ
587 1529 707 1615 πατρός.
752 1532 828 1609 Καί,
857 1527 891 1595 Ὁ
914 1529 1003 1616 λόγος
1018 1522 1056 1613 ἦν
1079 1529 1156 1616 πρός
1181 1529 1234 1597 τόν
1250 1529 1342 1611 θεόν,
1371 1533 1424 1597 καί
1481 1552 1492 1607 f

260 1632 335 1710 θεός
348 1626 387 1717 ἦν
402 1631 419 1699 ό
433 1633 529 1719 λόγος.
574 1635 635 1699 Καί
656 1630 748 1697 πολλά
774 1635 832 1698 ἔστι
858 1635 925 1717 περί
946 1640 1000 1716 τῆς
1017 1630 1103 1715 ἡμῶν
1117 1639 1263 1720 σωτηρίας
1277 1640 1424 1717 κατανοῆ-

263 1757 329 1815 σαι,
351 1738 401 1802 ιισί
424 1734 466 1819 μη
482 1736 721 1821 συναρπάξεσθαι
738 1732 799 1800 ἀπό
816 1742 868 1819 τῆς
888 1743 943 1800 τοῦ
962 1736 1105 1818 διαβόλου
1123 1737 1231 1802 τοῦτου
1246 1741 1424 1820 κυβιυτικῆς

262 1842 459 1915 διδασκαλίας.
503 1837 536 1904 ‘0
557 1837 613 1925 γάρ
640 1836 778 1921 διάβολος
800 1836 982 1921 βουλόμενος
1005 1835 1149 1905 ἀπολέσαι
1172 1837 1205 1904 τό
1221 1845 1282 1904 τῶν
1300 1836 1423 1925 ἀνθριό·

261 1967 328 2009 πων
342 1944 441 2028 γένος,
472 1941 581 2032 φθόνῳ
608 1940 801 2025 κατεχόμενος
819 1939 896 2027 πρός
909 1940 964 2024 τὴν
980 1948 1033 2007 τοῦ
1049 1940 1217 2027 ἀνθροέπου
1231 1940 1338 2020 δόξαν,
1368 1968 1422 2026 μη·

261 2043 353 2131 ηανάς
369 2033 509 2128 έπενόησε
526 2045 706 2131 διαφόρους,
727 2043 761 2110 τό
774 2050 893 2128 πρῶτον
908 2045 962 2127 μέν
979 2043 1029 2110 διά
1046 2051 1098 2127 τῆς
1112 2043 1247 2131 ἀγνοίας,
1270 2043 1304 2110 τό
1319 2042 1421 2109 διότι-

134 2206 136 2211 .
263 2173 318 2232 ρον
340 2147 373 2212 δέ
390 2145 439 2213 διά
462 2155 516 2231 τῆς
537 2151 791 2232 είδωλολατρείας,
826 2145 926 2212 ἀλλοτε
942 2147 974 2212 δέ
990 2145 1040 2212 διά
1055 2152 1273 2232 κακοτροπίας,
1303 2148 1371 2212 νυνί
1386 2147 1419 2212 δέ

262 2247 428 2335 είςόστιρον
444 2249 494 2316 διά
515 2258 568 2334 τῆς
584 2249 698 2334 πλάιης
716 2253 767 2316 καί
780 2247 897 2375 ἀπάτης
912 2256 971 2313 τῶν
987 2250 1139 2334 αίρέσεων
1169 2253 1220 2315 ἵνα
1234 2247 1416 2334 πανταχόθεν

262 2351 505 2443 καταστρέψῃ
473 2378 525 2418 τον
546 2351 753 2438 ἀνθρωπον’
734 2350 793 2418 από
816 2358 877 2416 τῶν
899 2353 1095 2436 ίπουρανίων.

194 2528 200 2541 ¹
226 2479 245 2539 ι,
351 2456 438 2522 Πόσα
460 2448 516 2521 οῦν
532 2453 683 2538 ίσγόσει’
664 2462 770 2531 ονοῦς
787 2480 840 2538 της
863 2480 948 2538 ημων
970 2452 1155 2538 μετριότητος
1174 2457 1266 2519 ιλπεῖν
1284 2450 1357 2540 πρός
1371 2452 1413 2532 σέ,

263 2549 288 2626 (έ
297 2555 451 2641 Ἀνόμοιες
497 2564 604 2634 Καλῶς
619 2555 674 2643 γάρ
690 2556 847 2641 Ἀνόμοιος
863 2555 1024 2644 τυγχάνεις,
1046 2553 1065 2622 ό
1081 2554 1168 2621 ταδ’
1149 2582 1209 2622 απο
1201 2555 1283 2622 τῶν
1300 2553 1417 2640 ἀνθριέ·

262 2686 328 2728 πων
353 2659 424 2737 τοῦς
444 2659 590 2745 τρόπους,
622 2662 673 2725 καί
692 2659 747 2744 τνξν
765 2658 901 2725 διόνοιαν
918 2661 1124 2744 παρεκτρέψας
1144 2666 1203 2724 τῶν
1222 2657 1276 2741 τὴν
1300 2656 1418 2725 σόνεσιν

261 2772 316 2832 τοῦ
328 2771 406 2830 θεοῦ
422 2765 624 2846 κεκτημένων,
646 2765 697 2829 καί
711 2760 766 2846 την
781 2767 880 2827 πίστιν
895 2760 1021 2844 έχόντων
1035 2769 1089 2843 τῆς
1104 2761 1254 2844 ἀληθείας.
1300 2757 1348 2825 Οό
1360 2757 1418 2846 γάρ

260 2869 305 2944 τίς
321 2865 441 2953 ἀγαθόν
459 2866 621 2950 προκόψας
638 2862 780 2950 ἀνόμοιος
794 2866 916 2951 γέγονας
931 2861 1122 2948 ἀνθρώποις,
1145 2860 1206 2929 ἀλλ’
1225 2866 1257 2929 έκ
1274 2869 1328 2946 τῆς
1343 2858 1418 2928 όδοῦ

260 2976 314 3053 τῆς
336 2965 480 3052 ἀληθείας
501 2971 723 3054 παρεκκλίνιις,
741 2964 882 3050 ἀνόμοιος
904 2968 1005 3052 ίγένου
1028 2973 1088 3031 τῶν
1108 2970 1181 3031 υίοῦν
1195 2973 1249 3049 τῆς
1265 2967 1325 3031 τοῦ
1340 2970 1419 3031 θεοῦ

260 3073 428 3155 έκκλησίας,
457 3069 610 3157 πρόφασιν
632 3069 731 3153 λαβιόν
753 3067 806 3135 τόν
829 3067 898 3135 υίόν
919 3076 973 3134 τοῦ
995 3075 1070 3134 θεοῦ
1087 3066 1139 3133 τόν
1157 3066 1232 3134 κατά
1250 3067 1303 3134 τόν
1321 3068 1418 3133 αῦτοῦ

261 3177 373 3257 πατέρα
389 3172 477 3254 ὄντα,
505 3176 557 3240 καί
570 3173 716 3258 ἀνόμοιον
730 3173 824 3270 πατρί
833 3173 940 3257 λέγων,
969 3169 1007 3236 σό
1021 3169 1164 3255 ἀνόμοιος
1181 3172 1318 3256 γέγονας,
1349 3179 1419 3254 κλη-

261 3279 373 3365 ραθελς
393 3284 480 3343 τοῦτο
503 3275 536 3342 τό
559 3275 667 3360 ὄνομα,
696 3276 801 3359 μηκέτι
822 3273 926 3358 όμοισς
947 3271 1088 3358 όπάρχαν
1108 3281 1168 3340 τῶν
1190 3276 1221 3340 έν
1241 3280 1306 3363 θεῷ
1327 3280 1419 3353 σαξο·

262 3382 367 3466 μένων.

336 3481 403 3548 Ἴνα
426 3482 457 3547 δέ
483 3479 524 3565 μὴ
549 3482 617 3564 περί
644 3479 697 3555 τάς
722 3477 815 3546 αότοῦ
841 3480 972 3564 ζητήσεις
996 3477 1243 3565 κατατριβόμενος
1267 3474 1418 3544 ἀναλίσκει

264 3585 411 3670 ιχρόνον,
434 3581 484 3666 ἀφ’
505 3578 547 3651 ἀν
562 3587 667 3662 λέξεων
685 3582 776 3659 αῦτός
791 3580 983 3668 ἀφηγήσατο,
1007 3585 1193 3657 διαλεκτικῶς
1207 3579 1331 3666 γράφων
1348 3583 1420 3661 τισί,

261 3692 334 3775 φέρε
357 3687 394 3754 τά
417 3685 479 3753 κατ’
499 3683 590 3753 αότόν
610 3686 805 3771 διελέγξομεν.
841 3683 949 3762 Ἔδοξε
935 3681 1030 3770 εγάρ
1050 3683 1236 3765 διαλεκτικην
1256 3710 1322 3748 τινα
1341 3680 1418 3749 όπα·

138 3921 191 3970 μς
202 3909 248 3954 m
263 3896 358 3979 έγοντι
376 3897 551 3970 πίστεως
514 3919 568 3976 της
590 3889 806 3973 2ἀφελωτότης
822 3892 873 3957 καί
893 3887 1119 3974 ἀκεραιοτάτης,
1149 3915 1200 3953 και
1190 3889 1252 3954 έν
1276 3886 1421 3970 πνεύματι

261 3992 335 4087 ἀγίφ
357 3998 408 4062 καί
425 3993 512 4084 πρόιμ
528 3996 756 4078 κεκοσμημένης.
791 3993 884 4059 Ὅλον
900 3994 933 4058 δέ
954 3992 1056 4058 διόλου
1074 4018 1107 4056 το
1099 3989 1236 4057 δοκοῦν
1253 3989 1346 4056 αάτοῦ
1363 4015 1419 4056 πο·

259 4098 403 4184 νημάτιον
418 4098 452 4164 τό
467 4101 509 4175 είς
523 4096 602 4181 ἡμᾶς
619 4095 709 4164 έλθόν
723 4099 755 4163 ίν
769 4095 899 4182 κρότοις
916 4097 1067 4173 κατέταξα,
1089 4097 1140 4159 ἵνα
1157 4091 1207 4159 ἀπ’
1222 4093 1316 4160 αὐτοῦ
1332 4117 1421 4177 ποιη-

261 4201 385 4288 σαίμεθα
407 4198 483 4287 πρός
504 4196 594 4267 αότόν
615 4198 670 4284 τὴν
690 4197 796 4282 λοιπὴν
818 4195 990 4283 ἀνατροπὴν
1009 4205 1064 4281 τῆς
1083 4198 1246 4274 διαλέξεας.

294 4406 625 4473 ακαιεὰιοιειιιη.
891 4400 1220 4474 θιε.Χ.-1.γρόνων
1244 4403 1361 4455 ιδιλοτυιιι
1384 4409 1419 4455 est

294 4472 320 4529 4.
339 4475 422 4542 πατὴρ
445 4481 498 4530 ανδ.
521 4479 621 4541 θλιιλίς.
656 4473 743 4543 σωτήρ
768 4477 821 4528 εοιλ.
854 4477 944 4527 vitium

259 4547 306 4603 λιιι
325 4551 346 4599 ιλ
363 4547 425 4597 editt
461 4551 490 4597 Δί
508 4547 636 4599 cmm
659 4553 731 4613 putor
745 4547 820 4597 νιτιλί
888 4541 1099 4607 Memmium
1117 4535 1300 4608 ἀφιλιστότης.
