3096 5070
625 300 948 354 unacurrtanaeoats.
1302 289 1364 350 549

206 430 286 484 runt.
331 417 483 485 Summum
500 421 606 485 bonum
627 421 657 484 iu
676 422 825 507 voluptate
842 430 1021 505 posueruot3
1052 420 1137 482 deum
1157 440 1192 482 ac
1209 418 1365 501 providen-

207 522 277 586 tiam
299 523 334 586 ab
357 545 455 589 rerum
480 524 732 588 administratione
756 524 947 587 sustulerunt.

291 624 513 691 Samaritismus
535 637 565 690 et
580 624 758 691 Samaritae.
806 625 900 689 lluius
925 624 960 687 ab
978 624 1124 687 ludaismo
1145 623 1229 706 origo
1247 621 1365 684 deduci·

206 738 270 804 tur,
304 749 378 812 quae
404 741 551 793 sectarum
579 730 653 815 apud
685 726 819 792 Graecos
844 727 978 790 divortiis
1002 737 1031 789 et
1055 747 1153 789 earum
1181 723 1307 786 decretis
1330 744 1365 787 ao

204 830 388 914 dogmatibus
411 831 561 916 antiquior
582 844 638 894 est.
685 828 762 894 Nam
788 830 891 894 esinu
914 831 977 915 ipse
1000 827 1136 892 Iudaismi
1156 825 1263 912 prodiit
1285 825 1364 888 circa

203 931 496 996 Nabuchodonozori
523 944 553 997 et
576 933 709 996 Iudaicae
740 932 919 1017 captivitatis
947 943 1089 1014 tempora.
1144 926 1235 992 Primi
1263 938 1362 992 sectae

204 1035 372 1098 conditores
397 1056 436 1098 ex
466 1035 598 1121 Assyriis
626 1035 655 1098 io
684 1037 819 1098 ludaeam
848 1033 1036 1118 transportati
1064 1032 1190 1115 quinque
1219 1031 1364 1094 duntaxat

203 1133 320 1220 Moysis
342 1137 432 1200 libros
458 1150 649 1222 acceperunt,
682 1159 755 1222 quos
774 1157 827 1221 per
841 1134 967 1199 Esdram
993 1136 1178 1199 sacerdotem
1204 1153 1260 1196 rex
1279 1134 1313 1194 ad
1330 1132 1364 1194 il·

203 1237 247 1300 los
265 1235 416 1323 Babylone
434 1241 621 1304 submiserat.
668 1241 767 1319 ltaque
783 1250 882 1301 cetera
897 1239 1005 1302 habent
1021 1260 1085 1301 cum
1103 1235 1216 1300 ludaeis
1232 1256 1363 1298 commo·

203 1339 268 1416 oia,
301 1340 325 1402 si
350 1340 404 1403 boc
429 1363 517 1404 unum
542 1341 691 1426 excipias,
724 1341 799 1425 quod
828 1352 857 1404 et
881 1354 984 1427 gentes
1007 1341 1231 1416 abominentur,
1266 1357 1362 1420 neque

202 1462 374 1526 quemquam
403 1445 574 1528 contingere
602 1444 711 1523 velint,
745 1444 880 1528 quodque
907 1454 1087 1507 mortuorum
1112 1441 1361 1505 resurrectionem

201 1564 236 1607 ac
262 1556 376 1607 ceteras
402 1558 467 1632 post
491 1545 619 1632 Moysen
647 1545 815 1631 prophetias
840 1545 987 1609 reiiciunt.
1035 1542 1287 1608 Samaritanorum
1315 1550 1362 1604 est

203 1647 291 1710 factio
313 1647 406 1711 divisa
432 1649 459 1711 in
483 1660 582 1733 partes
607 1659 744 1732 quatuor.
790 1646 881 1712 Primi
907 1660 977 1712 sunt
1000 1646 1163 1722 Gordiani,
1197 1645 1245 1729 qui
1268 1645 1359 1707 festos

200 1749 263 1811 dies
279 1749 344 1813 aliis
363 1763 450 1832 quam
466 1748 595 1815 Sebuaei
613 1751 795 1835 temporibus
811 1751 952 1813 indicunt.
999 1751 1058 1813 Alii
1077 1748 1225 1826 Sebuaei,
1257 1747 1305 1831 qui
1322 1746 1360 1809 olt

201 1851 323 1914 eandem
342 1853 482 1916 festorum
499 1853 611 1916 dierum
631 1853 849 1916 oecosionema
867 1850 1030 1915 Gorthenis
1049 1852 1237 1915 dissentiunt.
1282 1847 1358 1911 Ter·

200 1952 232 2015 tii
248 1964 318 2016 sunt
336 1952 461 2031 Esseni,
487 1957 534 2039 qui
552 1954 648 2018 neutri
663 1955 738 2041 parti
756 1967 937 2040 repugnant,
971 1956 1022 2017 sed
1042 1975 1105 2016 oum
1124 1954 1160 2016 iis
1177 1953 1206 2015 iu
1226 1973 1298 2034 qnos
1315 1953 1359 2013 in-

200 2054 325 2118 ciderint
347 2057 412 2119 sine
437 2057 495 2120 ullo
525 2056 693 2121 discrimine
722 2060 797 2121 lesta
820 2068 973 2141 peragunt.
1020 2054 1168 2119 Postremi
1186 2065 1255 2119 suut
1270 2052 1359 2117 [losi-

198 2156 275 2234 tltei,
307 2159 355 2241 qui
383 2159 485 2222 iisdem
509 2159 614 2243 quibus
633 2157 811 2224 Samaritani
828 2161 968 2223 institutis
986 2169 1124 2235 utuntur,
1158 2155 1358 2220 circumcisio-

199 2281 284 2338 nem,
322 2260 493 2340 sabbatum,
528 2284 562 2324 ac
594 2263 720 2341 ceteris,
760 2262 918 2344 itidemque
947 2258 1178 2324 Pentateuehum
1205 2259 1355 2322 adhibent.

197 2358 362 2448 Praecipue
382 2385 471 2444 vero,
503 2385 537 2428 ao
555 2386 625 2449 prae
645 2364 766 2448 reliquis
788 2365 922 2427 omnibus
944 2363 999 2427 sibi
1025 2362 1062 2425 ah
1086 2361 1221 2425 estimatis
1247 2372 1356 2445 tempe·

198 2476 281 2543 rant,
315 2487 349 2528 ac
373 2477 513 2550 perpetuo
533 2468 595 2529 lere
621 2467 764 2530 ieiunant.
810 2463 887 2530 Sunt
915 2466 1073 2529 interillos
1091 2465 1139 2548 qui
1159 2462 1356 2547 virginitatem

199 2569 315 2645 eoluot,
355 2567 402 2630 alii
429 2569 650 2632 continentiam.
707 2566 943 2633 Resurrecturos
968 2589 1036 2631 esse
1061 2577 1192 2630 mortuos
1219 2567 1354 2644 credunt,

197 2671 273 2752 quod
297 2690 313 2731 a
336 2667 590 2734 Samaritanorum
614 2673 749 2754 dogmate
772 2671 922 2735 abhorret.

282 2771 455 2834 ludaeorum
472 2783 571 2835 sectae
592 2795 715 2837 numero
739 2771 810 2836 Vll.
857 2775 902 2837 Ac
920 2774 1013 2857 primo
1033 2769 1175 2847 Scribas,
1209 2770 1283 2853 legis
1305 2789 1355 2853 pe-

196 2872 246 2936 riti
265 2882 295 2935 et
313 2872 498 2936 traditionum
525 2896 597 2958 quas
616 2896 633 2937 a
652 2875 812 2939 maioribus
840 2886 1016 2960 acceperant
1039 2869 1238 2955 (deurapo‘oere
1264 2893 1354 2935 voca·

196 2975 280 3055 bant)
301 2975 508 3039 observatores
527 2979 626 3055 luere,
651 3000 685 3041 ac
703 2979 776 3042 ritus
794 3001 896 3042 omnes
915 2977 1149 3065 superstitiosius
1165 2974 1273 3038 ceteris
1291 2974 1354 3036 dili·

195 3077 370 3162 gentiusque
387 3089 562 3159 tenuerunt,
595 3101 667 3164 quos
686 3103 749 3144 >noo
768 3082 865 3165 elego
884 3081 1064 3158 didicerant,
1096 3078 1147 3141 sed
1165 3076 1354 3161 sibimetipsis

196 3190 332 3264 tanquam
357 3181 485 3246 iustitiae
509 3182 584 3266 legis
607 3185 771 3268 singulares
796 3185 891 3247 cultus
917 3206 950 3246 ao
973 3181 1147 3246 cerimonias
1170 3181 1351 3242 indixerant.

281 3280 450 3361 Pharisaei,
484 3307 557 3368 quos
582 3297 755 3370 segregatos
779 3287 964 3370 interpretari
991 3285 1105 3369 possis,
1137 3282 1185 3365 qui
1201 3281 1354 3344 soractissi-

195 3407 270 3448 maru
288 3384 366 3447 vitae
383 3388 524 3449 rationem
540 3390 665 3470 professi
685 3389 829 3472 probitate
847 3389 954 3452 ceteris
971 3386 1149 3449 antecellere
1164 3383 1350 3446 videbantur.

193 3483 380 3549 Mortuorum
398 3489 473 3571 apud
498 3489 564 3550 illus
585 3490 783 3567 resurrectio,
817 3501 848 3553 ut
864 3503 893 3554 et
909 3492 982 3576 apud
1001 3488 1140 3566 Scribas,
1172 3484 1350 3549 detenditur.

194 3583 286 3651 lidem
311 3589 432 3672 angelos
457 3611 491 3652 ac
514 3590 647 3673 spiritum
673 3603 805 3654 sanctum
830 3613 979 3656 essenon
1004 3602 1124 3675 negant.
1171 3587 1260 3653 Vitae
1287 3586 1352 3650 exi·

194 3689 281 3753 mium
308 3689 470 3754 institutum
494 3713 563 3776 prae
589 3713 621 3755 se
646 3694 754 3756 ierunt.
801 3689 1019 3757 Continentiam
1039 3705 1151 3756 certum
1168 3692 1203 3754 ad
1223 3700 1349 3774 tempus,

195 3812 231 3855 ao
259 3792 458 3876 virginitatem
485 3814 600 3879 quoque
628 3795 802 3878 suscipiunt.
855 3793 907 3859 Bis
934 3796 1113 3859 bebdomada
1140 3813 1254 3878 quaque
1278 3792 1351 3855 ieiu-

192 3915 283 3974 nare,
307 3916 413 3960 uroeos
432 3918 466 3960 au
482 3898 580 3961 discos
598 3907 627 3959 et
645 3897 747 3980 pocula
765 3897 883 3982 saepius
900 3899 1018 3975 eluere,
1044 3908 1075 3960 ut
1094 3909 1124 3959 ct
1141 3894 1278 3973 scribae,
1302 3915 1351 3957 so·

192 3997 247 4060 liti.
293 3999 340 4061 Ad
360 4000 432 4061 baec
448 3999 576 4062 decimas
595 4010 624 4061 et
643 3997 786 4083 primitias
806 4000 933 4078 offerre,
957 4000 1074 4061 assidue
1096 3999 1229 4082 precari,
1252 4007 1350 4060 certos

191 4100 287 4164 uultus
316 4123 350 4164 ac
370 4102 577 4186 ¹superstitiosa
609 4100 850 4165 vestimentorum
882 4122 993 4184 genera
1023 4102 1169 4164 curiosius
1194 4100 1348 4178 affectare,

224 4250 265 4303 60.
284 4251 382 4321 χρόνοις
399 4257 450 4306 cod.
467 4258 564 4319 libedtp.
821 4254 861 4308 63.
879 4257 1157 4318 soporantemque
1173 4257 1236 4303 obest
1252 4256 1282 4302 ob
1298 4256 1347 4304 edi·

224 4317 265 4368 6¹·
284 4319 313 4374 dl
330 4321 499 4390 συνεχέστατα
514 4327 565 4375 cod
584 4325 682 4387 libedr'p.
717 4326 752 4387 Cf.
787 4327 831 4384 tr's,
847 4328 941 4387 reposui
959 4339 988 4373 ec
1004 4329 1100 4386 utroque
1116 4325 1184 4373 codd.
1201 4337 1255 4373 mss

190 4387 264 4462 Epist.
282 4390 315 4437 ud
332 4397 402 4440 Acce.
821 4388 861 4442 ot.
891 4391 984 4452 ξέστων
1009 4394 1060 4442 cod.
1083 4394 1130 4442 lea.
1154 4397 1176 4442 et
1196 4392 1248 4440 edit
1272 4393 1348 4452 princ.

223 4456 265 4504 0¹2.
296 4454 341 4507 aral
367 4460 457 4508 uolebat
486 4462 605 4511 Petooius.
649 4462 697 4511 Sed
724 4475 754 4511 ec
788 4458 864 4522 altos
882 4463 932 4510 cod.
952 4461 1047 4523 llbedr'p.

189 4524 262 4583 Epist.
288 4526 320 4572 od
339 4535 408 4576 accc.
425 4530 592 4578 restituendum
609 4532 688 4594 potina
709 4524 754 4596 dy·
822 4528 862 4578 os.
892 4525 1122 4595 ihelobpnoxcrucri
1150 4529 1217 4578 codd.
1244 4541 1298 4577 mar.
1328 4535 1349 4578 et

189 4587 269 4660 γέλων
287 4593 391 4650 καὶτοῦ
409 4610 448 4648 rra.
467 4590 547 4666 ἁγίου.
788 4597 842 4648 edd.
853 4601 931 4664 princ.
948 4592 1184 4668 taetoappoapraet
1196 4598 1252 4648 edit.
1266 4598 1349 4648 Petro.
