<?xml version="1.0" encoding="UTF-8"?>
<!DOCTYPE html PUBLIC "-//W3C//DTD XHTML 1.0 Transitional//EN"
    "http://www.w3.org/TR/xhtml1/DTD/xhtml1-transitional.dtd">
<html xmlns="http://www.w3.org/1999/xhtml" xml:lang="en" lang="en">
 <head>
  <title>
</title>
<meta http-equiv="Content-Type" content="text/html;charset=utf-8" />
  <meta name='ocr-system' content='tesseract 3.04.00' />
  <meta name='ocr-capabilities' content='ocr_page ocr_carea ocr_par ocr_line ocrx_word'/>
</head>
<body>
  <div class='ocr_page' id='page_1' title='image "./corporishaerese00unkngoog/corporishaerese00unkngoog_0038.png"; bbox 0 0 3096 5070; ppageno 0'>
   <div class='ocr_carea' id='block_1_1' title="bbox 453 309 1343 373">
    <p class='ocr_par' dir='ltr' id='par_1_1' title="bbox 453 309 1343 373">
     <span class='ocr_line' id='line_1_1' title="bbox 453 309 1343 373; baseline 0.001 -2"><span class='ocrx_word' id='word_1_1' title='bbox 453 320 591 372; x_wconf 81' lang='lat' dir='ltr'>sanson</span> <span class='ocrx_word' id='word_1_2' title='bbox 609 319 673 372; x_wconf 81' lang='lat' dir='ltr'>uto.</span> <span class='ocrx_word' id='word_1_3' title='bbox 686 320 732 372; x_wconf 83' lang='grc' dir='ltr'>ιιι.</span> <span class='ocrx_word' id='word_1_4' title='bbox 748 320 833 373; x_wconf 83' lang='lat' dir='ltr'>sou.</span> <span class='ocrx_word' id='word_1_5' title='bbox 846 322 866 371; x_wconf 89' lang='lat' dir='ltr'>r.</span> <span class='ocrx_word' id='word_1_6' title='bbox 882 319 983 371; x_wconf 81' lang='lat' dir='ltr'>naen.</span> <span class='ocrx_word' id='word_1_7' title='bbox 997 319 1082 373; x_wconf 75' lang='lat' dir='ltr'>exst.</span> <span class='ocrx_word' id='word_1_8' title='bbox 1304 309 1343 373; x_wconf 72' lang='lat' dir='ltr'>tt</span> 
     </span>
    </p>
   </div>
   <div class='ocr_carea' id='block_1_2' title="bbox 188 436 1501 3777">
    <p class='ocr_par' dir='ltr' id='par_1_2' title="bbox 188 436 1409 2332">
     <span class='ocr_line' id='line_1_2' title="bbox 188 436 1347 525; baseline -0.001 -22"><span class='ocrx_word' id='word_1_9' title='bbox 188 439 271 503; x_wconf 90' lang='lat' dir='ltr'>ionio</span> <span class='ocrx_word' id='word_1_10' title='bbox 291 439 498 504; x_wconf 77' lang='lat' dir='ltr'>traducemusl</span> <span class='ocrx_word' id='word_1_11' title='bbox 519 461 585 503; x_wconf 90' lang='lat' dir='ltr'>cum</span> <span class='ocrx_word' id='word_1_12' title='bbox 604 440 755 524; x_wconf 90' lang='lat' dir='ltr'>apostolos</span> <span class='ocrx_word' id='word_1_13' title='bbox 772 441 801 502; x_wconf 89' lang='lat' dir='ltr'>iu</span> <span class='ocrx_word' id='word_1_14' title='bbox 817 436 1096 503; x_wconf 85' lang='lat' dir='ltr'>illaConstitntiooe</span> <span class='ocrx_word' id='word_1_15' title='bbox 1111 440 1150 502; x_wconf 87' lang='lat' dir='ltr'>ita</span> <span class='ocrx_word' id='word_1_16' title='bbox 1166 439 1347 525; x_wconf 83' lang='lat' dir='ltr'>praecipien-</span> 
     </span>
     <span class='ocr_line' id='line_1_3' title="bbox 188 538 1349 623; baseline 0.002 -19"><span class='ocrx_word' id='word_1_17' title='bbox 188 551 234 605; x_wconf 85' lang='lat' dir='ltr'>tes</span> <span class='ocrx_word' id='word_1_18' title='bbox 250 543 419 605; x_wconf 83' lang='lat' dir='ltr'>audiamus:</span> <span class='ocrx_word' id='word_1_19' title='bbox 452 538 511 623; x_wconf 84' lang='lat' dir='ltr'>Qui</span> <span class='ocrx_word' id='word_1_20' title='bbox 528 541 666 604; x_wconf 76' lang='lat' dir='ltr'>afflixerit</span> <span class='ocrx_word' id='word_1_21' title='bbox 683 541 808 604; x_wconf 84' lang='lat' dir='ltr'>unimam</span> <span class='ocrx_word' id='word_1_22' title='bbox 824 562 906 605; x_wconf 89' lang='lat' dir='ltr'>suam</span> <span class='ocrx_word' id='word_1_23' title='bbox 924 539 1067 603; x_wconf 89' lang='lat' dir='ltr'>dominica</span> <span class='ocrx_word' id='word_1_24' title='bbox 1084 540 1147 618; x_wconf 89' lang='lat' dir='ltr'>die,</span> <span class='ocrx_word' id='word_1_25' title='bbox 1176 543 1349 606; x_wconf 82' lang='lat' dir='ltr'>maledictus</span> 
     </span>
     <span class='ocr_line' id='line_1_4' title="bbox 188 640 1348 725; baseline 0.003 -21"><span class='ocrx_word' id='word_1_26' title='bbox 188 654 234 706; x_wconf 90' lang='lat' dir='ltr'>est</span> <span class='ocrx_word' id='word_1_27' title='bbox 250 645 316 707; x_wconf 92' lang='lat' dir='ltr'>deo.</span> <span class='ocrx_word' id='word_1_28' title='bbox 366 641 496 706; x_wconf 76' lang='lat' dir='ltr'>Videsne</span> <span class='ocrx_word' id='word_1_29' title='bbox 513 663 600 725; x_wconf 90' lang='lat' dir='ltr'>quam</span> <span class='ocrx_word' id='word_1_30' title='bbox 619 653 724 705; x_wconf 80' lang='lat' dir='ltr'>exacta</span> <span class='ocrx_word' id='word_1_31' title='bbox 738 643 778 704; x_wconf 86' lang='lat' dir='ltr'>sit</span> <span class='ocrx_word' id='word_1_32' title='bbox 795 644 850 705; x_wconf 88' lang='lat' dir='ltr'>ista</span> <span class='ocrx_word' id='word_1_33' title='bbox 870 642 946 704; x_wconf 87' lang='lat' dir='ltr'>ratio</span> <span class='ocrx_word' id='word_1_34' title='bbox 962 662 1036 725; x_wconf 83' lang='lat' dir='ltr'>qaae</span> <span class='ocrx_word' id='word_1_35' title='bbox 1053 640 1168 704; x_wconf 86' lang='lat' dir='ltr'>illorum</span> <span class='ocrx_word' id='word_1_36' title='bbox 1183 643 1348 708; x_wconf 82' lang='lat' dir='ltr'>sententiae</span> 
     </span>
     <span class='ocr_line' id='line_1_5' title="bbox 189 741 1348 831; baseline -0.001 -22"><span class='ocrx_word' id='word_1_37' title='bbox 189 749 381 831; x_wconf 92' lang='lat' dir='ltr'>cpppouitur,</span> <span class='ocrx_word' id='word_1_38' title='bbox 406 766 472 807; x_wconf 91' lang='lat' dir='ltr'>com</span> <span class='ocrx_word' id='word_1_39' title='bbox 491 765 530 807; x_wconf 82' lang='lat' dir='ltr'>ex</span> <span class='ocrx_word' id='word_1_40' title='bbox 549 744 700 828; x_wconf 84' lang='lat' dir='ltr'>apostolici</span> <span class='ocrx_word' id='word_1_41' title='bbox 717 744 827 807; x_wconf 86' lang='lat' dir='ltr'>decreti</span> <span class='ocrx_word' id='word_1_42' title='bbox 847 741 994 806; x_wconf 84' lang='lat' dir='ltr'>sententia</span> <span class='ocrx_word' id='word_1_43' title='bbox 1010 743 1163 828; x_wconf 78' lang='lat' dir='ltr'>negotium</span> <span class='ocrx_word' id='word_1_44' title='bbox 1177 745 1279 807; x_wconf 84' lang='lat' dir='ltr'>eoollci</span> <span class='ocrx_word' id='word_1_45' title='bbox 1296 765 1348 808; x_wconf 88' lang='lat' dir='ltr'>ne-</span> 
     </span>
     <span class='ocr_line' id='line_1_6' title="bbox 188 843 1349 932; baseline -0.002 -21"><span class='ocrx_word' id='word_1_46' title='bbox 188 851 294 932; x_wconf 84' lang='lat' dir='ltr'>quent?</span> <span class='ocrx_word' id='word_1_47' title='bbox 349 844 409 908; x_wconf 85' lang='lat' dir='ltr'>Sed</span> <span class='ocrx_word' id='word_1_48' title='bbox 434 847 463 907; x_wconf 89' lang='lat' dir='ltr'>iu</span> <span class='ocrx_word' id='word_1_49' title='bbox 487 865 576 908; x_wconf 83' lang='lat' dir='ltr'>sensu</span> <span class='ocrx_word' id='word_1_50' title='bbox 601 843 852 928; x_wconf 68' lang='lat' dir='ltr'>intelligentiaque</span> <span class='ocrx_word' id='word_1_51' title='bbox 876 855 936 907; x_wconf 90' lang='lat' dir='ltr'>tota</span> <span class='ocrx_word' id='word_1_52' title='bbox 962 844 1040 908; x_wconf 87' lang='lat' dir='ltr'>illios</span> <span class='ocrx_word' id='word_1_53' title='bbox 1065 843 1210 929; x_wconf 82' lang='lat' dir='ltr'>dogmatis</span> <span class='ocrx_word' id='word_1_54' title='bbox 1238 846 1349 910; x_wconf 87' lang='lat' dir='ltr'>veritas</span> 
     </span>
     <span class='ocr_line' id='line_1_7' title="bbox 189 943 1350 1030; baseline -0.004 -18"><span class='ocrx_word' id='word_1_55' title='bbox 189 949 343 1026; x_wconf 83' lang='lat' dir='ltr'>cotasistit,</span> <span class='ocrx_word' id='word_1_56' title='bbox 370 958 399 1009; x_wconf 88' lang='lat' dir='ltr'>et</span> <span class='ocrx_word' id='word_1_57' title='bbox 421 968 459 1009; x_wconf 83' lang='lat' dir='ltr'>ex</span> <span class='ocrx_word' id='word_1_58' title='bbox 478 946 637 1030; x_wconf 87' lang='lat' dir='ltr'>apostolica</span> <span class='ocrx_word' id='word_1_59' title='bbox 654 946 702 1009; x_wconf 90' lang='lat' dir='ltr'>illo</span> <span class='ocrx_word' id='word_1_60' title='bbox 724 943 944 1009; x_wconf 65' lang='lat' dir='ltr'>Constitutione</span> <span class='ocrx_word' id='word_1_61' title='bbox 961 948 1068 1030; x_wconf 87' lang='lat' dir='ltr'>liquet,</span> <span class='ocrx_word' id='word_1_62' title='bbox 1093 946 1271 1009; x_wconf 84' lang='lat' dir='ltr'>concordiae</span> <span class='ocrx_word' id='word_1_63' title='bbox 1283 967 1350 1029; x_wconf 78' lang='lat' dir='ltr'>gra·</span> 
     </span>
     <span class='ocr_line' id='line_1_8' title="bbox 188 1048 1349 1131; baseline -0.003 -17"><span class='ocrx_word' id='word_1_64' title='bbox 188 1051 228 1114; x_wconf 89' lang='lat' dir='ltr'>tia</span> <span class='ocrx_word' id='word_1_65' title='bbox 254 1052 297 1113; x_wconf 88' lang='lat' dir='ltr'>sic</span> <span class='ocrx_word' id='word_1_66' title='bbox 323 1069 391 1111; x_wconf 89' lang='lat' dir='ltr'>esse</span> <span class='ocrx_word' id='word_1_67' title='bbox 409 1049 575 1127; x_wconf 85' lang='lat' dir='ltr'>decretum,</span> <span class='ocrx_word' id='word_1_68' title='bbox 609 1060 640 1112; x_wconf 88' lang='lat' dir='ltr'>ut</span> <span class='ocrx_word' id='word_1_69' title='bbox 669 1050 704 1112; x_wconf 87' lang='lat' dir='ltr'>ad</span> <span class='ocrx_word' id='word_1_70' title='bbox 726 1048 951 1112; x_wconf 77' lang='lat' dir='ltr'>consensionem</span> <span class='ocrx_word' id='word_1_71' title='bbox 975 1049 1198 1124; x_wconf 89' lang='lat' dir='ltr'>stabiliendam,</span> <span class='ocrx_word' id='word_1_72' title='bbox 1230 1048 1258 1109; x_wconf 94' lang='lat' dir='ltr'>id</span> <span class='ocrx_word' id='word_1_73' title='bbox 1273 1049 1349 1131; x_wconf 89' lang='lat' dir='ltr'>quod</span> 
     </span>
     <span class='ocr_line' id='line_1_9' title="bbox 189 1148 1353 1234; baseline -0.003 -19"><span class='ocrx_word' id='word_1_74' title='bbox 189 1171 288 1215; x_wconf 83' lang='lat' dir='ltr'>nexos</span> <span class='ocrx_word' id='word_1_75' title='bbox 310 1151 374 1234; x_wconf 87' lang='lat' dir='ltr'>ipse</span> <span class='ocrx_word' id='word_1_76' title='bbox 400 1149 542 1213; x_wconf 76' lang='lat' dir='ltr'>credonis</span> <span class='ocrx_word' id='word_1_77' title='bbox 563 1152 709 1229; x_wconf 85' lang='lat' dir='ltr'>ostendit,</span> <span class='ocrx_word' id='word_1_78' title='bbox 744 1149 769 1214; x_wconf 90' lang='lat' dir='ltr'>si</span> <span class='ocrx_word' id='word_1_79' title='bbox 786 1148 900 1214; x_wconf 83' lang='lat' dir='ltr'>Pascha</span> <span class='ocrx_word' id='word_1_80' title='bbox 924 1150 1126 1229; x_wconf 80' lang='lat' dir='ltr'>celebremus,</span> <span class='ocrx_word' id='word_1_81' title='bbox 1160 1152 1294 1233; x_wconf 76' lang='lat' dir='ltr'>oleoque</span> <span class='ocrx_word' id='word_1_82' title='bbox 1321 1159 1353 1212; x_wconf 88' lang='lat' dir='ltr'>ct</span> 
     </span>
     <span class='ocr_line' id='line_1_10' title="bbox 190 1251 1350 1337; baseline 0 -23"><span class='ocrx_word' id='word_1_83' title='bbox 190 1252 230 1314; x_wconf 90' lang='lat' dir='ltr'>illi</span> <span class='ocrx_word' id='word_1_84' title='bbox 248 1251 409 1330; x_wconf 87' lang='lat' dir='ltr'>celebrent,</span> <span class='ocrx_word' id='word_1_85' title='bbox 434 1263 497 1335; x_wconf 89' lang='lat' dir='ltr'>post</span> <span class='ocrx_word' id='word_1_86' title='bbox 512 1252 727 1337; x_wconf 75' lang='lat' dir='ltr'>aequinoctium</span> <span class='ocrx_word' id='word_1_87' title='bbox 743 1251 770 1315; x_wconf 93' lang='lat' dir='ltr'>id</span> <span class='ocrx_word' id='word_1_88' title='bbox 787 1253 907 1315; x_wconf 92' lang='lat' dir='ltr'>omnino</span> <span class='ocrx_word' id='word_1_89' title='bbox 927 1253 1083 1332; x_wconf 82' lang='lat' dir='ltr'>laciamua3</span> <span class='ocrx_word' id='word_1_90' title='bbox 1108 1252 1350 1337; x_wconf 87' lang='lat' dir='ltr'>quemadmodum</span> 
     </span>
     <span class='ocr_line' id='line_1_11' title="bbox 192 1351 1350 1439; baseline 0.001 -23"><span class='ocrx_word' id='word_1_91' title='bbox 192 1374 333 1439; x_wconf 80' lang='lat' dir='ltr'>persaepe</span> <span class='ocrx_word' id='word_1_92' title='bbox 349 1354 499 1418; x_wconf 89' lang='lat' dir='ltr'>nobiseum</span> <span class='ocrx_word' id='word_1_93' title='bbox 515 1354 666 1417; x_wconf 90' lang='lat' dir='ltr'>celebrare</span> <span class='ocrx_word' id='word_1_94' title='bbox 680 1354 719 1416; x_wconf 91' lang='lat' dir='ltr'>illi</span> <span class='ocrx_word' id='word_1_95' title='bbox 736 1354 844 1417; x_wconf 88' lang='lat' dir='ltr'>solent.</span> <span class='ocrx_word' id='word_1_96' title='bbox 891 1351 967 1416; x_wconf 84' lang='lat' dir='ltr'>Cum</span> <span class='ocrx_word' id='word_1_97' title='bbox 984 1353 1101 1417; x_wconf 90' lang='lat' dir='ltr'>interim</span> <span class='ocrx_word' id='word_1_98' title='bbox 1118 1365 1149 1417; x_wconf 91' lang='lat' dir='ltr'>et</span> <span class='ocrx_word' id='word_1_99' title='bbox 1164 1365 1233 1418; x_wconf 84' lang='lat' dir='ltr'>ante</span> <span class='ocrx_word' id='word_1_100' title='bbox 1249 1354 1350 1438; x_wconf 83' lang='lat' dir='ltr'>aequi·</span> 
     </span>
     <span class='ocr_line' id='line_1_12' title="bbox 193 1454 1350 1540; baseline 0 -22"><span class='ocrx_word' id='word_1_101' title='bbox 193 1457 317 1520; x_wconf 89' lang='lat' dir='ltr'>noctium</span> <span class='ocrx_word' id='word_1_102' title='bbox 343 1458 508 1520; x_wconf 82' lang='lat' dir='ltr'>coniectum</span> <span class='ocrx_word' id='word_1_103' title='bbox 533 1454 561 1518; x_wconf 92' lang='lat' dir='ltr'>id</span> <span class='ocrx_word' id='word_1_104' title='bbox 581 1455 617 1518; x_wconf 88' lang='lat' dir='ltr'>ab</span> <span class='ocrx_word' id='word_1_105' title='bbox 639 1456 696 1519; x_wconf 89' lang='lat' dir='ltr'>illis</span> <span class='ocrx_word' id='word_1_106' title='bbox 715 1467 890 1540; x_wconf 79' lang='lat' dir='ltr'>peragatur,</span> <span class='ocrx_word' id='word_1_107' title='bbox 924 1477 989 1518; x_wconf 93' lang='lat' dir='ltr'>cum</span> <span class='ocrx_word' id='word_1_108' title='bbox 1009 1456 1146 1519; x_wconf 85' lang='lat' dir='ltr'>videlicet</span> <span class='ocrx_word' id='word_1_109' title='bbox 1163 1456 1217 1519; x_wconf 86' lang='lat' dir='ltr'>soli</span> <span class='ocrx_word' id='word_1_110' title='bbox 1235 1454 1350 1520; x_wconf 84' lang='lat' dir='ltr'>Pascha</span> 
     </span>
     <span class='ocr_line' id='line_1_13' title="bbox 189 1555 1349 1640; baseline 0 -20"><span class='ocrx_word' id='word_1_111' title='bbox 189 1579 272 1621; x_wconf 90' lang='lat' dir='ltr'>suum</span> <span class='ocrx_word' id='word_1_112' title='bbox 289 1558 409 1621; x_wconf 88' lang='lat' dir='ltr'>obeunt.</span> <span class='ocrx_word' id='word_1_113' title='bbox 457 1555 543 1640; x_wconf 79' lang='lat' dir='ltr'>Quod</span> <span class='ocrx_word' id='word_1_114' title='bbox 563 1558 588 1620; x_wconf 84' lang='lat' dir='ltr'>si</span> <span class='ocrx_word' id='word_1_115' title='bbox 607 1578 662 1620; x_wconf 90' lang='lat' dir='ltr'>nos</span> <span class='ocrx_word' id='word_1_116' title='bbox 679 1578 736 1620; x_wconf 87' lang='grc' dir='ltr'>ιιιιιι</span> <span class='ocrx_word' id='word_1_117' title='bbox 753 1559 957 1635; x_wconf 81' lang='lat' dir='ltr'>celebremus,</span> <span class='ocrx_word' id='word_1_118' title='bbox 983 1558 1011 1619; x_wconf 91' lang='lat' dir='ltr'>in</span> <span class='ocrx_word' id='word_1_119' title='bbox 1029 1561 1153 1622; x_wconf 87' lang='lat' dir='ltr'>eundem</span> <span class='ocrx_word' id='word_1_120' title='bbox 1170 1581 1277 1622; x_wconf 88' lang='lat' dir='ltr'>anuum</span> <span class='ocrx_word' id='word_1_121' title='bbox 1293 1559 1349 1622; x_wconf 86' lang='lat' dir='ltr'>duo</span> 
     </span>
     <span class='ocr_line' id='line_1_14' title="bbox 189 1657 1347 1745; baseline 0.001 -23"><span class='ocrx_word' id='word_1_122' title='bbox 189 1657 332 1724; x_wconf 82' lang='lat' dir='ltr'>Pascbota</span> <span class='ocrx_word' id='word_1_123' title='bbox 361 1661 446 1724; x_wconf 85' lang='lat' dir='ltr'>nobis</span> <span class='ocrx_word' id='word_1_124' title='bbox 478 1661 647 1736; x_wconf 84' lang='lat' dir='ltr'>incurrent,</span> <span class='ocrx_word' id='word_1_125' title='bbox 688 1670 757 1721; x_wconf 89' lang='lat' dir='ltr'>aute</span> <span class='ocrx_word' id='word_1_126' title='bbox 782 1658 935 1736; x_wconf 87' lang='lat' dir='ltr'>videlicet,</span> <span class='ocrx_word' id='word_1_127' title='bbox 974 1670 1093 1743; x_wconf 87' lang='lat' dir='ltr'>etpost</span> <span class='ocrx_word' id='word_1_128' title='bbox 1120 1660 1347 1745; x_wconf 79' lang='lat' dir='ltr'>aequinoctium.</span> 
     </span>
     <span class='ocr_line' id='line_1_15' title="bbox 188 1758 1350 1846; baseline 0 -22"><span class='ocrx_word' id='word_1_129' title='bbox 188 1760 264 1825; x_wconf 80' lang='lat' dir='ltr'>&#39;l&#39;um</span> <span class='ocrx_word' id='word_1_130' title='bbox 285 1784 365 1825; x_wconf 85' lang='lat' dir='ltr'>sono</span> <span class='ocrx_word' id='word_1_131' title='bbox 381 1772 525 1846; x_wconf 83' lang='lat' dir='ltr'>sequente</span> <span class='ocrx_word' id='word_1_132' title='bbox 550 1782 588 1823; x_wconf 89' lang='lat' dir='ltr'>ne</span> <span class='ocrx_word' id='word_1_133' title='bbox 607 1781 695 1822; x_wconf 82' lang='lat' dir='ltr'>arnum</span> <span class='ocrx_word' id='word_1_134' title='bbox 712 1758 827 1843; x_wconf 87' lang='lat' dir='ltr'>quidem</span> <span class='ocrx_word' id='word_1_135' title='bbox 845 1759 1057 1824; x_wconf 83' lang='lat' dir='ltr'>celebrabitur:</span> <span class='ocrx_word' id='word_1_136' title='bbox 1090 1783 1183 1846; x_wconf 90' lang='lat' dir='ltr'>eoque</span> <span class='ocrx_word' id='word_1_137' title='bbox 1203 1763 1288 1824; x_wconf 90' lang='lat' dir='ltr'>modo</span> <span class='ocrx_word' id='word_1_138' title='bbox 1306 1763 1350 1824; x_wconf 92' lang='lat' dir='ltr'>io·</span> 
     </span>
     <span class='ocr_line' id='line_1_16' title="bbox 189 1863 1351 1927; baseline 0 -1"><span class='ocrx_word' id='word_1_139' title='bbox 189 1865 323 1926; x_wconf 89' lang='lat' dir='ltr'>stitutum</span> <span class='ocrx_word' id='word_1_140' title='bbox 347 1884 434 1926; x_wconf 88' lang='lat' dir='ltr'>omne</span> <span class='ocrx_word' id='word_1_141' title='bbox 458 1875 590 1925; x_wconf 89' lang='lat' dir='ltr'>nostrum</span> <span class='ocrx_word' id='word_1_142' title='bbox 620 1881 735 1923; x_wconf 77' lang='lat' dir='ltr'>scornio</span> <span class='ocrx_word' id='word_1_143' title='bbox 760 1882 825 1922; x_wconf 92' lang='lat' dir='ltr'>com</span> <span class='ocrx_word' id='word_1_144' title='bbox 851 1880 953 1923; x_wconf 89' lang='lat' dir='ltr'>errore</span> <span class='ocrx_word' id='word_1_145' title='bbox 976 1863 1162 1926; x_wconf 90' lang='lat' dir='ltr'>coniunctum</span> <span class='ocrx_word' id='word_1_146' title='bbox 1189 1865 1351 1927; x_wconf 88' lang='lat' dir='ltr'>averitate</span> 
     </span>
     <span class='ocr_line' id='line_1_17' title="bbox 191 1961 1409 2051; baseline 0.002 -25"><span class='ocrx_word' id='word_1_147' title='bbox 191 1965 309 2048; x_wconf 90' lang='lat' dir='ltr'>penitus</span> <span class='ocrx_word' id='word_1_148' title='bbox 324 1963 504 2027; x_wconf 83' lang='lat' dir='ltr'>abhorrebit.</span> <span class='ocrx_word' id='word_1_149' title='bbox 542 1962 658 2027; x_wconf 81' lang='lat' dir='ltr'>Etenim</span> <span class='ocrx_word' id='word_1_150' title='bbox 675 1973 742 2025; x_wconf 79' lang='lat' dir='ltr'>astte</span> <span class='ocrx_word' id='word_1_151' title='bbox 760 1961 977 2045; x_wconf 75' lang='lat' dir='ltr'>aequinoctium</span> <span class='ocrx_word' id='word_1_152' title='bbox 995 1966 1122 2028; x_wconf 91' lang='lat' dir='ltr'>nondum</span> <span class='ocrx_word' id='word_1_153' title='bbox 1138 1987 1233 2028; x_wconf 88' lang='lat' dir='ltr'>eoous</span> <span class='ocrx_word' id='word_1_154' title='bbox 1249 1966 1350 2051; x_wconf 91' lang='lat' dir='ltr'>imple·</span> <span class='ocrx_word' id='word_1_155' title='bbox 1406 1982 1409 1986; x_wconf 82' lang='grc'><strong>’</strong></span> 
     </span>
     <span class='ocr_line' id='line_1_18' title="bbox 192 2061 1350 2150; baseline 0.002 -23"><span class='ocrx_word' id='word_1_156' title='bbox 192 2075 239 2127; x_wconf 91' lang='lat' dir='ltr'>tus</span> <span class='ocrx_word' id='word_1_157' title='bbox 255 2073 319 2142; x_wconf 80' lang='lat' dir='ltr'>est3</span> <span class='ocrx_word' id='word_1_158' title='bbox 342 2084 437 2148; x_wconf 89' lang='lat' dir='ltr'>nequo</span> <span class='ocrx_word' id='word_1_159' title='bbox 455 2064 615 2147; x_wconf 76' lang='lat' dir='ltr'>legitimum</span> <span class='ocrx_word' id='word_1_160' title='bbox 632 2064 815 2129; x_wconf 77' lang='lat' dir='ltr'>circuitionis</span> <span class='ocrx_word' id='word_1_161' title='bbox 830 2061 908 2125; x_wconf 89' lang='lat' dir='ltr'>illius</span> <span class='ocrx_word' id='word_1_162' title='bbox 928 2074 1058 2149; x_wconf 89' lang='lat' dir='ltr'>tempus,</span> <span class='ocrx_word' id='word_1_163' title='bbox 1090 2067 1165 2150; x_wconf 90' lang='lat' dir='ltr'>quod</span> <span class='ocrx_word' id='word_1_164' title='bbox 1185 2089 1203 2131; x_wconf 83' lang='lat' dir='ltr'>a</span> <span class='ocrx_word' id='word_1_165' title='bbox 1225 2068 1281 2130; x_wconf 90' lang='lat' dir='ltr'>deo</span> <span class='ocrx_word' id='word_1_166' title='bbox 1298 2066 1350 2130; x_wconf 90' lang='lat' dir='ltr'>bo-</span> 
     </span>
     <span class='ocr_line' id='line_1_19' title="bbox 192 2163 1346 2253; baseline 0.003 -25"><span class='ocrx_word' id='word_1_167' title='bbox 192 2165 318 2229; x_wconf 88' lang='lat' dir='ltr'>minibus</span> <span class='ocrx_word' id='word_1_168' title='bbox 334 2163 537 2250; x_wconf 84' lang='lat' dir='ltr'>praestitutum</span> <span class='ocrx_word' id='word_1_169' title='bbox 551 2177 609 2244; x_wconf 83' lang='lat' dir='ltr'>est,</span> <span class='ocrx_word' id='word_1_170' title='bbox 633 2167 799 2230; x_wconf 87' lang='lat' dir='ltr'>conlectum</span> <span class='ocrx_word' id='word_1_171' title='bbox 815 2176 944 2249; x_wconf 87' lang='lat' dir='ltr'>putator,</span> <span class='ocrx_word' id='word_1_172' title='bbox 963 2165 1020 2229; x_wconf 89' lang='lat' dir='ltr'>nisi</span> <span class='ocrx_word' id='word_1_173' title='bbox 1035 2168 1251 2251; x_wconf 78' lang='lat' dir='ltr'>aequinoctium</span> <span class='ocrx_word' id='word_1_174' title='bbox 1267 2189 1346 2253; x_wconf 87' lang='lat' dir='ltr'>prae·</span> 
     </span>
     <span class='ocr_line' id='line_1_20' title="bbox 192 2267 318 2332; baseline -0.016 0"><span class='ocrx_word' id='word_1_175' title='bbox 192 2267 318 2332; x_wconf 83' lang='lat' dir='ltr'>torierit.</span> 
     </span>
    </p>

    <p class='ocr_par' dir='ltr' id='par_1_3' title="bbox 189 2368 1501 3777">
     <span class='ocr_line' id='line_1_21' title="bbox 276 2368 1495 2456; baseline 0 -24"><span class='ocrx_word' id='word_1_176' title='bbox 276 2368 341 2452; x_wconf 84' lang='lat' dir='ltr'>Qua</span> <span class='ocrx_word' id='word_1_177' title='bbox 361 2371 397 2432; x_wconf 92' lang='lat' dir='ltr'>de</span> <span class='ocrx_word' id='word_1_178' title='bbox 413 2390 446 2432; x_wconf 88' lang='lat' dir='ltr'>re</span> <span class='ocrx_word' id='word_1_179' title='bbox 465 2369 546 2454; x_wconf 90' lang='lat' dir='ltr'>plura</span> <span class='ocrx_word' id='word_1_180' title='bbox 566 2391 582 2430; x_wconf 91' lang='grc' dir='ltr'>ιι</span> <span class='ocrx_word' id='word_1_181' title='bbox 601 2368 685 2433; x_wconf 89' lang='lat' dir='ltr'>nobis</span> <span class='ocrx_word' id='word_1_182' title='bbox 702 2369 926 2433; x_wconf 83' lang='lat' dir='ltr'>commemorari</span> <span class='ocrx_word' id='word_1_183' title='bbox 947 2380 1079 2454; x_wconf 77' lang='lat' dir='ltr'>possent,</span> <span class='ocrx_word' id='word_1_184' title='bbox 1104 2391 1142 2434; x_wconf 83' lang='lat' dir='ltr'>ex</span> <span class='ocrx_word' id='word_1_185' title='bbox 1161 2372 1265 2456; x_wconf 89' lang='lat' dir='ltr'>quibus</span> <span class='ocrx_word' id='word_1_186' title='bbox 1281 2393 1352 2435; x_wconf 89' lang='lat' dir='ltr'>coo·</span> <span class='ocrx_word' id='word_1_187' title='bbox 1365 2383 1495 2450; x_wconf 72' lang='lat' dir='ltr'>capxu.</span> 
     </span>
     <span class='ocr_line' id='line_1_22' title="bbox 189 2470 1353 2557; baseline 0.001 -22"><span class='ocrx_word' id='word_1_188' title='bbox 189 2482 282 2536; x_wconf 88' lang='lat' dir='ltr'>staret</span> <span class='ocrx_word' id='word_1_189' title='bbox 307 2471 435 2535; x_wconf 88' lang='lat' dir='ltr'>maiores</span> <span class='ocrx_word' id='word_1_190' title='bbox 458 2482 576 2536; x_wconf 86' lang='lat' dir='ltr'>nostros</span> <span class='ocrx_word' id='word_1_191' title='bbox 597 2470 790 2535; x_wconf 83' lang='lat' dir='ltr'>saluberrimo</span> <span class='ocrx_word' id='word_1_192' title='bbox 813 2471 956 2550; x_wconf 79' lang='lat' dir='ltr'>eorosilio,</span> <span class='ocrx_word' id='word_1_193' title='bbox 989 2472 1053 2534; x_wconf 87' lang='lat' dir='ltr'>sive</span> <span class='ocrx_word' id='word_1_194' title='bbox 1079 2473 1175 2554; x_wconf 88' lang='lat' dir='ltr'>potius</span> <span class='ocrx_word' id='word_1_195' title='bbox 1194 2474 1278 2536; x_wconf 90' lang='lat' dir='ltr'>deum</span> <span class='ocrx_word' id='word_1_196' title='bbox 1301 2495 1353 2557; x_wconf 84' lang='lat' dir='ltr'>per</span> 
     </span>
     <span class='ocr_line' id='line_1_23' title="bbox 190 2571 1351 2657; baseline 0 -21"><span class='ocrx_word' id='word_1_197' title='bbox 190 2573 255 2637; x_wconf 88' lang='lat' dir='ltr'>illos</span> <span class='ocrx_word' id='word_1_198' title='bbox 282 2573 496 2657; x_wconf 79' lang='lat' dir='ltr'>religiosissimi</span> <span class='ocrx_word' id='word_1_199' title='bbox 522 2571 598 2635; x_wconf 89' lang='lat' dir='ltr'>illios</span> <span class='ocrx_word' id='word_1_200' title='bbox 624 2595 658 2635; x_wconf 90' lang='lat' dir='ltr'>ac</span> <span class='ocrx_word' id='word_1_201' title='bbox 686 2574 863 2636; x_wconf 82' lang='lat' dir='ltr'>sanctissimi</span> <span class='ocrx_word' id='word_1_202' title='bbox 893 2574 949 2636; x_wconf 91' lang='lat' dir='ltr'>diei</span> <span class='ocrx_word' id='word_1_203' title='bbox 976 2573 1142 2637; x_wconf 89' lang='lat' dir='ltr'>celebrandi</span> <span class='ocrx_word' id='word_1_204' title='bbox 1165 2575 1351 2637; x_wconf 87' lang='lat' dir='ltr'>accuratissi-</span> 
     </span>
     <span class='ocr_line' id='line_1_24' title="bbox 190 2673 1349 2760; baseline -0.002 -22"><span class='ocrx_word' id='word_1_205' title='bbox 190 2697 265 2738; x_wconf 85' lang='lat' dir='ltr'>mam</span> <span class='ocrx_word' id='word_1_206' title='bbox 287 2676 442 2738; x_wconf 77' lang='lat' dir='ltr'>tradidisse</span> <span class='ocrx_word' id='word_1_207' title='bbox 470 2675 633 2750; x_wconf 87' lang='lat' dir='ltr'>rationem,</span> <span class='ocrx_word' id='word_1_208' title='bbox 666 2685 697 2737; x_wconf 87' lang='lat' dir='ltr'>ut</span> <span class='ocrx_word' id='word_1_209' title='bbox 716 2673 852 2737; x_wconf 89' lang='lat' dir='ltr'>nimirum</span> <span class='ocrx_word' id='word_1_210' title='bbox 883 2684 950 2760; x_wconf 90' lang='lat' dir='ltr'>post</span> <span class='ocrx_word' id='word_1_211' title='bbox 973 2673 1189 2759; x_wconf 86' lang='lat' dir='ltr'>aequinoctium</span> <span class='ocrx_word' id='word_1_212' title='bbox 1214 2674 1349 2752; x_wconf 83' lang='lat' dir='ltr'>iniretur,</span> 
     </span>
     <span class='ocr_line' id='line_1_25' title="bbox 190 2775 1352 2862; baseline 0 -24"><span class='ocrx_word' id='word_1_213' title='bbox 190 2777 305 2860; x_wconf 85' lang='lat' dir='ltr'>quoties</span> <span class='ocrx_word' id='word_1_214' title='bbox 334 2776 421 2839; x_wconf 87' lang='lat' dir='ltr'>lunae</span> <span class='ocrx_word' id='word_1_215' title='bbox 450 2776 562 2839; x_wconf 90' lang='lat' dir='ltr'>decima</span> <span class='ocrx_word' id='word_1_216' title='bbox 591 2788 694 2860; x_wconf 88' lang='lat' dir='ltr'>quarta</span> <span class='ocrx_word' id='word_1_217' title='bbox 722 2776 784 2838; x_wconf 89' lang='lat' dir='ltr'>dies</span> <span class='ocrx_word' id='word_1_218' title='bbox 815 2775 975 2853; x_wconf 88' lang='lat' dir='ltr'>incideret,</span> <span class='ocrx_word' id='word_1_219' title='bbox 1010 2799 1068 2839; x_wconf 90' lang='lat' dir='ltr'>ooo</span> <span class='ocrx_word' id='word_1_220' title='bbox 1093 2787 1124 2840; x_wconf 90' lang='lat' dir='ltr'>ut</span> <span class='ocrx_word' id='word_1_221' title='bbox 1146 2777 1209 2862; x_wconf 90' lang='lat' dir='ltr'>ipsa</span> <span class='ocrx_word' id='word_1_222' title='bbox 1239 2776 1352 2838; x_wconf 84' lang='lat' dir='ltr'>decima</span> 
     </span>
     <span class='ocr_line' id='line_1_26' title="bbox 191 2875 1352 2962; baseline 0 -22"><span class='ocrx_word' id='word_1_223' title='bbox 191 2887 291 2961; x_wconf 87' lang='lat' dir='ltr'>quarta</span> <span class='ocrx_word' id='word_1_224' title='bbox 319 2887 488 2962; x_wconf 83' lang='lat' dir='ltr'>peragatur.</span> <span class='ocrx_word' id='word_1_225' title='bbox 533 2875 612 2940; x_wconf 89' lang='lat' dir='ltr'>Nam</span> <span class='ocrx_word' id='word_1_226' title='bbox 635 2875 735 2940; x_wconf 88' lang='lat' dir='ltr'>ludaei</span> <span class='ocrx_word' id='word_1_227' title='bbox 758 2879 873 2960; x_wconf 86' lang='lat' dir='ltr'>quidam</span> <span class='ocrx_word' id='word_1_228' title='bbox 898 2883 1014 2941; x_wconf 73' lang='lat' dir='ltr'>urticam</span> <span class='ocrx_word' id='word_1_229' title='bbox 1037 2879 1112 2941; x_wconf 87' lang='lat' dir='ltr'>diem</span> <span class='ocrx_word' id='word_1_230' title='bbox 1135 2880 1352 2957; x_wconf 79' lang='lat' dir='ltr'>observant3a</span> 
     </span>
     <span class='ocr_line' id='line_1_27' title="bbox 192 2977 1349 3061; baseline 0.001 -19"><span class='ocrx_word' id='word_1_231' title='bbox 192 2978 277 3042; x_wconf 92' lang='lat' dir='ltr'>uobis</span> <span class='ocrx_word' id='word_1_232' title='bbox 297 2999 368 3042; x_wconf 84' lang='lat' dir='ltr'>vcro</span> <span class='ocrx_word' id='word_1_233' title='bbox 382 3001 444 3042; x_wconf 90' lang='lat' dir='ltr'>-oco</span> <span class='ocrx_word' id='word_1_234' title='bbox 468 2980 571 3057; x_wconf 90' lang='lat' dir='ltr'>unius,</span> <span class='ocrx_word' id='word_1_235' title='bbox 603 2981 655 3042; x_wconf 90' lang='lat' dir='ltr'>sed</span> <span class='ocrx_word' id='word_1_236' title='bbox 679 2978 813 3061; x_wconf 86' lang='lat' dir='ltr'>integrae</span> <span class='ocrx_word' id='word_1_237' title='bbox 836 2979 1024 3044; x_wconf 82' lang='lat' dir='ltr'>hebdomadis</span> <span class='ocrx_word' id='word_1_238' title='bbox 1044 2977 1176 3044; x_wconf 85' lang='lat' dir='ltr'>babendo</span> <span class='ocrx_word' id='word_1_239' title='bbox 1196 2981 1271 3044; x_wconf 89' lang='lat' dir='ltr'>ratio</span> <span class='ocrx_word' id='word_1_240' title='bbox 1292 2992 1349 3044; x_wconf 89' lang='lat' dir='ltr'>est.</span> 
     </span>
     <span class='ocr_line' id='line_1_28' title="bbox 192 3077 1501 3167; baseline 0.002 -22"><span class='ocrx_word' id='word_1_241' title='bbox 192 3077 239 3145; x_wconf 79' lang='lat' dir='ltr'>(lb</span> <span class='ocrx_word' id='word_1_242' title='bbox 265 3079 291 3143; x_wconf 89' lang='lat' dir='ltr'>id</span> <span class='ocrx_word' id='word_1_243' title='bbox 317 3081 366 3144; x_wconf 83' lang='lat' dir='ltr'>lex</span> <span class='ocrx_word' id='word_1_244' title='bbox 389 3083 450 3167; x_wconf 87' lang='lat' dir='ltr'>ipsa</span> <span class='ocrx_word' id='word_1_245' title='bbox 473 3081 555 3144; x_wconf 82' lang='lat' dir='ltr'>velut</span> <span class='ocrx_word' id='word_1_246' title='bbox 576 3093 691 3165; x_wconf 90' lang='lat' dir='ltr'>tempus</span> <span class='ocrx_word' id='word_1_247' title='bbox 718 3080 900 3159; x_wconf 82' lang='lat' dir='ltr'>diffundens,</span> <span class='ocrx_word' id='word_1_248' title='bbox 933 3086 1105 3162; x_wconf 45' lang='lat' dir='ltr'>stromateus,</span> <span class='ocrx_word' id='word_1_249' title='bbox 1139 3083 1249 3165; x_wconf 85' lang='lat' dir='ltr'>iuquit,</span> <span class='ocrx_word' id='word_1_250' title='bbox 1274 3084 1501 3148; x_wconf 64' lang='lat' dir='ltr'>obruendus</span> 
     </span>
     <span class='ocr_line' id='line_1_29' title="bbox 190 3185 1348 3266; baseline 0.001 -21"><span class='ocrx_word' id='word_1_251' title='bbox 190 3205 296 3264; x_wconf 77' lang='lat' dir='ltr'>egnum</span> <span class='ocrx_word' id='word_1_252' title='bbox 316 3188 496 3258; x_wconf 79' lang='lat' dir='ltr'>caniculam,</span> <span class='ocrx_word' id='word_1_253' title='bbox 529 3185 752 3256; x_wconf 78' lang='lat' dir='ltr'>immaculatam,</span> <span class='ocrx_word' id='word_1_254' title='bbox 783 3186 957 3266; x_wconf 78' lang='lat' dir='ltr'>perfectum,</span> <span class='ocrx_word' id='word_1_255' title='bbox 988 3189 1134 3246; x_wconf 78' lang='lat' dir='ltr'>odecimo</span> <span class='ocrx_word' id='word_1_256' title='bbox 1161 3188 1207 3246; x_wconf 76' lang='lat' dir='ltr'>dre</span> <span class='ocrx_word' id='word_1_257' title='bbox 1234 3189 1348 3256; x_wconf 73' lang='lat' dir='ltr'>measti,</span> 
     </span>
     <span class='ocr_line' id='line_1_30' title="bbox 190 3287 1350 3368; baseline -0.001 -21"><span class='ocrx_word' id='word_1_258' title='bbox 190 3309 270 3368; x_wconf 80' lang='lat' dir='ltr'>qoem</span> <span class='ocrx_word' id='word_1_259' title='bbox 294 3308 343 3347; x_wconf 84' lang='lat' dir='ltr'>uos</span> <span class='ocrx_word' id='word_1_260' title='bbox 358 3287 507 3348; x_wconf 80' lang='lat' dir='ltr'>servabitis</span> <span class='ocrx_word' id='word_1_261' title='bbox 531 3308 619 3366; x_wconf 79' lang='lat' dir='ltr'>uepres</span> <span class='ocrx_word' id='word_1_262' title='bbox 635 3289 675 3346; x_wconf 84' lang='lat' dir='ltr'>od</span> <span class='ocrx_word' id='word_1_263' title='bbox 695 3288 829 3346; x_wconf 76' lang='lat' dir='ltr'>doctiorum</span> <span class='ocrx_word' id='word_1_264' title='bbox 847 3298 994 3366; x_wconf 60' lang='lat' dir='ltr'>quartum·</span> <span class='ocrx_word' id='word_1_265' title='bbox 1028 3298 1056 3348; x_wconf 83' lang='lat' dir='ltr'>ct</span> <span class='ocrx_word' id='word_1_266' title='bbox 1076 3287 1255 3348; x_wconf 74' lang='lat' dir='ltr'>immolabitis</span> <span class='ocrx_word' id='word_1_267' title='bbox 1271 3289 1350 3348; x_wconf 79' lang='lat' dir='ltr'>allum</span> 
     </span>
     <span class='ocr_line' id='line_1_31' title="bbox 190 3385 1350 3470; baseline -0.002 -20"><span class='ocrx_word' id='word_1_268' title='bbox 190 3392 229 3450; x_wconf 81' lang='lat' dir='ltr'>od</span> <span class='ocrx_word' id='word_1_269' title='bbox 252 3409 395 3470; x_wconf 81' lang='lat' dir='ltr'>vesperam</span> <span class='ocrx_word' id='word_1_270' title='bbox 419 3392 525 3450; x_wconf 84' lang='lat' dir='ltr'>decimo</span> <span class='ocrx_word' id='word_1_271' title='bbox 547 3399 650 3469; x_wconf 79' lang='lat' dir='ltr'>quarto</span> <span class='ocrx_word' id='word_1_272' title='bbox 672 3391 718 3448; x_wconf 69' lang='lat' dir='ltr'>dre</span> <span class='ocrx_word' id='word_1_273' title='bbox 742 3391 863 3460; x_wconf 71' lang='lat' dir='ltr'>mensas,</span> <span class='ocrx_word' id='word_1_274' title='bbox 895 3387 950 3450; x_wconf 85' lang='lat' dir='ltr'>ltoo</span> <span class='ocrx_word' id='word_1_275' title='bbox 970 3398 1016 3449; x_wconf 87' lang='lat' dir='ltr'>est</span> <span class='ocrx_word' id='word_1_276' title='bbox 1033 3388 1131 3451; x_wconf 90' lang='lat' dir='ltr'>lunae.</span> <span class='ocrx_word' id='word_1_277' title='bbox 1177 3385 1306 3450; x_wconf 88' lang='lat' dir='ltr'>Proinde</span> <span class='ocrx_word' id='word_1_278' title='bbox 1323 3387 1350 3448; x_wconf 93' lang='lat' dir='ltr'>id</span> 
     </span>
     <span class='ocr_line' id='line_1_32' title="bbox 193 3485 1353 3567; baseline -0.003 -15"><span class='ocrx_word' id='word_1_279' title='bbox 193 3490 337 3554; x_wconf 84' lang='lat' dir='ltr'>ecelesiae</span> <span class='ocrx_word' id='word_1_280' title='bbox 355 3490 538 3554; x_wconf 87' lang='lat' dir='ltr'>consuetodo</span> <span class='ocrx_word' id='word_1_281' title='bbox 557 3489 664 3553; x_wconf 88' lang='lat' dir='ltr'>retinet</span> <span class='ocrx_word' id='word_1_282' title='bbox 688 3499 718 3551; x_wconf 92' lang='lat' dir='ltr'>ut</span> <span class='ocrx_word' id='word_1_283' title='bbox 735 3485 890 3552; x_wconf 89' lang='lat' dir='ltr'>Pascbatis</span> <span class='ocrx_word' id='word_1_284' title='bbox 911 3491 1035 3567; x_wconf 79' lang='lat' dir='ltr'>testum,</span> <span class='ocrx_word' id='word_1_285' title='bbox 1060 3488 1115 3552; x_wconf 90' lang='lat' dir='ltr'>boc</span> <span class='ocrx_word' id='word_1_286' title='bbox 1133 3500 1177 3552; x_wconf 89' lang='lat' dir='ltr'>cst</span> <span class='ocrx_word' id='word_1_287' title='bbox 1197 3489 1353 3552; x_wconf 88' lang='lat' dir='ltr'>bebdoma-</span> 
     </span>
     <span class='ocr_line' id='line_1_33' title="bbox 194 3586 1354 3676; baseline -0.001 -26"><span class='ocrx_word' id='word_1_288' title='bbox 194 3588 259 3651; x_wconf 90' lang='lat' dir='ltr'>dem</span> <span class='ocrx_word' id='word_1_289' title='bbox 276 3592 312 3653; x_wconf 91' lang='lat' dir='ltr'>ab</span> <span class='ocrx_word' id='word_1_290' title='bbox 330 3593 471 3676; x_wconf 87' lang='lat' dir='ltr'>apostolis</span> <span class='ocrx_word' id='word_1_291' title='bbox 497 3591 526 3654; x_wconf 93' lang='lat' dir='ltr'>in</span> <span class='ocrx_word' id='word_1_292' title='bbox 544 3591 592 3655; x_wconf 89' lang='lat' dir='ltr'>illa</span> <span class='ocrx_word' id='word_1_293' title='bbox 610 3586 830 3654; x_wconf 80' lang='lat' dir='ltr'>Curastitutione</span> <span class='ocrx_word' id='word_1_294' title='bbox 854 3591 1033 3674; x_wconf 83' lang='lat' dir='ltr'>praelixam,</span> <span class='ocrx_word' id='word_1_295' title='bbox 1067 3591 1229 3653; x_wconf 87' lang='lat' dir='ltr'>asecnoda</span> <span class='ocrx_word' id='word_1_296' title='bbox 1248 3588 1354 3650; x_wconf 86' lang='lat' dir='ltr'>sabba·</span> 
     </span>
     <span class='ocr_line' id='line_1_34' title="bbox 196 3687 1351 3777; baseline 0.002 -27"><span class='ocrx_word' id='word_1_297' title='bbox 196 3697 290 3751; x_wconf 89' lang='lat' dir='ltr'>torum</span> <span class='ocrx_word' id='word_1_298' title='bbox 310 3693 460 3756; x_wconf 85' lang='lat' dir='ltr'>celebrare</span> <span class='ocrx_word' id='word_1_299' title='bbox 484 3694 620 3777; x_wconf 73' lang='lat' dir='ltr'>incipiat,</span> <span class='ocrx_word' id='word_1_300' title='bbox 654 3714 729 3775; x_wconf 89' lang='lat' dir='ltr'>quae</span> <span class='ocrx_word' id='word_1_301' title='bbox 748 3693 811 3755; x_wconf 91' lang='lat' dir='ltr'>dies</span> <span class='ocrx_word' id='word_1_302' title='bbox 827 3693 895 3776; x_wconf 81' lang='lat' dir='ltr'>agni</span> <span class='ocrx_word' id='word_1_303' title='bbox 912 3703 958 3756; x_wconf 92' lang='lat' dir='ltr'>est</span> <span class='ocrx_word' id='word_1_304' title='bbox 974 3691 1114 3777; x_wconf 79' lang='lat' dir='ltr'>emptioni</span> <span class='ocrx_word' id='word_1_305' title='bbox 1130 3691 1218 3752; x_wconf 87' lang='lat' dir='ltr'>dicta.</span> <span class='ocrx_word' id='word_1_306' title='bbox 1265 3687 1351 3772; x_wconf 80' lang='lat' dir='ltr'>Qorod</span> 
     </span>
    </p>
   </div>
   <div class='ocr_carea' id='block_1_3' title="bbox 194 3787 1353 4080">
    <p class='ocr_par' dir='ltr' id='par_1_4' title="bbox 194 3787 1353 4080">
     <span class='ocr_line' id='line_1_35' title="bbox 194 3787 1353 3874; baseline 0.001 -20"><span class='ocrx_word' id='word_1_307' title='bbox 194 3790 219 3854; x_wconf 92' lang='lat' dir='ltr'>si</span> <span class='ocrx_word' id='word_1_308' title='bbox 235 3787 327 3854; x_wconf 84' lang='lat' dir='ltr'>XlV.</span> <span class='ocrx_word' id='word_1_309' title='bbox 344 3791 429 3855; x_wconf 85' lang='lat' dir='ltr'>turrae</span> <span class='ocrx_word' id='word_1_310' title='bbox 446 3795 509 3856; x_wconf 90' lang='lat' dir='ltr'>dies</span> <span class='ocrx_word' id='word_1_311' title='bbox 528 3795 556 3857; x_wconf 89' lang='lat' dir='ltr'>in</span> <span class='ocrx_word' id='word_1_312' title='bbox 580 3790 619 3855; x_wconf 91' lang='lat' dir='ltr'>ll.</span> <span class='ocrx_word' id='word_1_313' title='bbox 638 3794 823 3856; x_wconf 87' lang='lat' dir='ltr'>sabbatorum</span> <span class='ocrx_word' id='word_1_314' title='bbox 849 3794 978 3870; x_wconf 90' lang='lat' dir='ltr'>ineidat,</span> <span class='ocrx_word' id='word_1_315' title='bbox 1013 3793 1139 3855; x_wconf 84' lang='lat' dir='ltr'>indidem</span> <span class='ocrx_word' id='word_1_316' title='bbox 1163 3789 1231 3874; x_wconf 82' lang='lat' dir='ltr'>agni</span> <span class='ocrx_word' id='word_1_317' title='bbox 1251 3792 1353 3855; x_wconf 80' lang='lat' dir='ltr'>inausa·</span> 
     </span>
     <span class='ocr_line' id='line_1_36' title="bbox 194 3889 1352 3977; baseline 0 -21"><span class='ocrx_word' id='word_1_318' title='bbox 194 3893 273 3956; x_wconf 87' lang='lat' dir='ltr'>landi</span> <span class='ocrx_word' id='word_1_319' title='bbox 297 3901 410 3976; x_wconf 88' lang='lat' dir='ltr'>tempus</span> <span class='ocrx_word' id='word_1_320' title='bbox 433 3895 552 3977; x_wconf 64' lang='lat' dir='ltr'>incipite</span> <span class='ocrx_word' id='word_1_321' title='bbox 584 3893 647 3955; x_wconf 84' lang='lat' dir='ltr'>sive</span> <span class='ocrx_word' id='word_1_322' title='bbox 665 3892 693 3954; x_wconf 91' lang='lat' dir='ltr'>in</span> <span class='ocrx_word' id='word_1_323' title='bbox 711 3890 766 3955; x_wconf 96' lang='lat' dir='ltr'>lll.</span> <span class='ocrx_word' id='word_1_324' title='bbox 784 3894 991 3972; x_wconf 86' lang='lat' dir='ltr'>sabbatorum,</span> <span class='ocrx_word' id='word_1_325' title='bbox 1017 3895 1081 3957; x_wconf 86' lang='lat' dir='ltr'>sire</span> <span class='ocrx_word' id='word_1_326' title='bbox 1098 3891 1127 3954; x_wconf 91' lang='lat' dir='ltr'>iu</span> <span class='ocrx_word' id='word_1_327' title='bbox 1148 3889 1216 3969; x_wconf 83' lang='lat' dir='ltr'>lV.‚</span> <span class='ocrx_word' id='word_1_328' title='bbox 1240 3893 1305 3956; x_wconf 85' lang='lat' dir='ltr'>sive</span> <span class='ocrx_word' id='word_1_329' title='bbox 1323 3893 1352 3956; x_wconf 91' lang='lat' dir='ltr'>iu</span> 
     </span>
     <span class='ocr_line' id='line_1_37' title="bbox 194 3992 1351 4080; baseline -0.002 -20"><span class='ocrx_word' id='word_1_330' title='bbox 194 3992 251 4074; x_wconf 89' lang='lat' dir='ltr'>V.,</span> <span class='ocrx_word' id='word_1_331' title='bbox 274 3992 387 4058; x_wconf 82' lang='lat' dir='ltr'>sivein</span> <span class='ocrx_word' id='word_1_332' title='bbox 406 4014 603 4079; x_wconf 85' lang='lat' dir='ltr'>parasceuen,</span> <span class='ocrx_word' id='word_1_333' title='bbox 627 3993 691 4054; x_wconf 85' lang='lat' dir='ltr'>sive</span> <span class='ocrx_word' id='word_1_334' title='bbox 707 3993 735 4054; x_wconf 93' lang='lat' dir='ltr'>io</span> <span class='ocrx_word' id='word_1_335' title='bbox 752 3993 903 4059; x_wconf 88' lang='lat' dir='ltr'>sabbatum</span> <span class='ocrx_word' id='word_1_336' title='bbox 921 3996 1033 4080; x_wconf 83' lang='lat' dir='ltr'>ipsum3</span> <span class='ocrx_word' id='word_1_337' title='bbox 1057 3994 1288 4078; x_wconf 89' lang='lat' dir='ltr'>quandoquidem</span> <span class='ocrx_word' id='word_1_338' title='bbox 1309 3992 1351 4059; x_wconf 88' lang='lat' dir='ltr'>Vl</span> 
     </span>
    </p>
   </div>
   <div class='ocr_carea' id='block_1_4' title="bbox 193 4196 1353 4606">
    <p class='ocr_par' dir='ltr' id='par_1_5' title="bbox 193 4196 1295 4330">
     <span class='ocr_line' id='line_1_38' title="bbox 193 4196 1295 4265; baseline -0.005 -13"><span class='ocrx_word' id='word_1_339' title='bbox 193 4201 342 4265; x_wconf 75' lang='lat' dir='ltr'>Epiphanius</span> <span class='ocrx_word' id='word_1_340' title='bbox 364 4205 398 4249; x_wconf 85' lang='lat' dir='ltr'>est</span> <span class='ocrx_word' id='word_1_341' title='bbox 420 4201 492 4247; x_wconf 81' lang='lat' dir='ltr'>etium</span> <span class='ocrx_word' id='word_1_342' title='bbox 514 4212 569 4247; x_wconf 85' lang='lat' dir='ltr'>nsua</span> <span class='ocrx_word' id='word_1_343' title='bbox 590 4200 614 4247; x_wconf 85' lang='lat' dir='ltr'>r&#39;n</span> <span class='ocrx_word' id='word_1_344' title='bbox 636 4199 709 4259; x_wconf 79' lang='lat' dir='ltr'>Epist.</span> <span class='ocrx_word' id='word_1_345' title='bbox 726 4199 760 4246; x_wconf 85' lang='lat' dir='ltr'>ud</span> <span class='ocrx_word' id='word_1_346' title='bbox 792 4202 859 4248; x_wconf 80' lang='lat' dir='ltr'>vertit</span> <span class='ocrx_word' id='word_1_347' title='bbox 874 4197 899 4246; x_wconf 95' lang='lat' dir='ltr'>io</span> <span class='ocrx_word' id='word_1_348' title='bbox 918 4196 1027 4247; x_wconf 84' lang='lat' dir='ltr'>medinm</span> <span class='ocrx_word' id='word_1_349' title='bbox 1044 4196 1126 4264; x_wconf 78' lang='lat' dir='ltr'>agitur</span> <span class='ocrx_word' id='word_1_350' title='bbox 1141 4197 1295 4249; x_wconf 84' lang='lat' dir='ltr'>sacrificium.</span> 
     </span>
     <span class='ocr_line' id='line_1_39' title="bbox 193 4263 1073 4330; baseline -0.008 -9"><span class='ocrx_word' id='word_1_351' title='bbox 193 4273 323 4330; x_wconf 75' lang='lat' dir='ltr'>Acastum,</span> <span class='ocrx_word' id='word_1_352' title='bbox 340 4274 361 4319; x_wconf 85' lang='lat' dir='ltr'>et</span> <span class='ocrx_word' id='word_1_353' title='bbox 376 4269 441 4329; x_wconf 74' lang='lat' dir='ltr'>infru</span> <span class='ocrx_word' id='word_1_354' title='bbox 458 4281 512 4328; x_wconf 86' lang='lat' dir='ltr'>cop.</span> <span class='ocrx_word' id='word_1_355' title='bbox 528 4271 564 4315; x_wconf 77' lang='lat' dir='ltr'>tt.</span> <span class='ocrx_word' id='word_1_356' title='bbox 826 4265 849 4317; x_wconf 80' lang='lat'>4.</span> <span class='ocrx_word' id='word_1_357' title='bbox 868 4267 935 4315; x_wconf 80' lang='lat' dir='ltr'>Libri</span> <span class='ocrx_word' id='word_1_358' title='bbox 951 4268 1020 4328; x_wconf 77' lang='lat' dir='ltr'>mdpo</span> <span class='ocrx_word' id='word_1_359' title='bbox 1036 4263 1073 4319; x_wconf 64' lang='lat' dir='ltr'>ab</span> 
     </span>
    </p>

    <p class='ocr_par' dir='ltr' id='par_1_6' title="bbox 194 4329 1353 4606">
     <span class='ocr_line' id='line_1_40' title="bbox 227 4329 1353 4434; baseline -0.004 -46"><span class='ocrx_word' id='word_1_360' title='bbox 227 4341 252 4388; x_wconf 76' lang='lat'>⁴2.</span> <span class='ocrx_word' id='word_1_361' title='bbox 272 4339 346 4386; x_wconf 74' lang='lat' dir='ltr'>Vestio</span> <span class='ocrx_word' id='word_1_362' title='bbox 369 4331 383 4418; x_wconf 71' lang='lat' dir='ltr'>p*</span> <span class='ocrx_word' id='word_1_363' title='bbox 404 4329 481 4399; x_wconf 78' lang='grc' dir='ltr'><strong>νόμος</strong></span> <span class='ocrx_word' id='word_1_364' title='bbox 497 4336 582 4383; x_wconf 83' lang='lat' dir='ltr'>omisso</span> <span class='ocrx_word' id='word_1_365' title='bbox 606 4338 659 4383; x_wconf 87' lang='lat' dir='ltr'>aunt</span> <span class='ocrx_word' id='word_1_366' title='bbox 680 4336 705 4384; x_wconf 80' lang='lat' dir='ltr'>in</span> <span class='ocrx_word' id='word_1_367' title='bbox 721 4335 756 4384; x_wconf 87' lang='lat' dir='ltr'>ed.</span> <span class='ocrx_word' id='word_1_368' title='bbox 825 4335 850 4385; x_wconf 83' lang='lat'>5.</span> <span class='ocrx_word' id='word_1_369' title='bbox 866 4330 977 4399; x_wconf 70' lang='grc' dir='ltr'>τετράδι)</span> <span class='ocrx_word' id='word_1_370' title='bbox 998 4336 1055 4434; x_wconf 50' lang='lat' dir='ltr'>&#39;edit</span> <span class='ocrx_word' id='word_1_371' title='bbox 1074 4337 1150 4397; x_wconf 74' lang='lat' dir='ltr'>petuo</span> <span class='ocrx_word' id='word_1_372' title='bbox 1171 4330 1280 4400; x_wconf 76' lang='grc' dir='ltr'>τετράδα</span> <span class='ocrx_word' id='word_1_373' title='bbox 1301 4335 1353 4384; x_wconf 85' lang='lat' dir='ltr'>cod.</span> 
     </span>
     <span class='ocr_line' id='line_1_41' title="bbox 194 4403 1203 4572; baseline -0.008 -48"><span class='ocrx_word' id='word_1_374' title='bbox 194 4405 406 4524; x_wconf 64' lang='lat' dir='ltr'>opnpoqpp</span> <span class='ocrx_word' id='word_1_375' title='bbox 421 4407 508 4520; x_wconf 69' lang='lat' dir='ltr'>ttb.</span> <span class='ocrx_word' id='word_1_376' title='bbox 535 4471 617 4522; x_wconf 69' lang='lat' dir='ltr'>roi.</span> <span class='ocrx_word' id='word_1_377' title='bbox 635 4473 756 4519; x_wconf 58' lang='lat' dir='ltr'>aaronis</span> <span class='ocrx_word' id='word_1_378' title='bbox 791 4403 1140 4572; x_wconf 46' lang='lat' dir='ltr'>ttgt‘quggqqffstffl</span> <span class='ocrx_word' id='word_1_379' title='bbox 1154 4517 1203 4555; x_wconf 57' lang='lat' dir='ltr'>m„</span> 
     </span>
     <span class='ocr_line' id='line_1_42' title="bbox 195 4535 1210 4606; baseline -0.002 -15"><span class='ocrx_word' id='word_1_380' title='bbox 195 4537 352 4602; x_wconf 79' lang='lat' dir='ltr'>„Commius</span> <span class='ocrx_word' id='word_1_381' title='bbox 371 4537 435 4606; x_wconf 76' lang='lat' dir='ltr'>tegit</span> <span class='ocrx_word' id='word_1_382' title='bbox 456 4535 493 4598; x_wconf 71' lang='lat' dir='ltr'>ste</span> <span class='ocrx_word' id='word_1_383' title='bbox 517 4535 623 4605; x_wconf 66' lang='lat' dir='ltr'>ptam-‘⁴</span> <span class='ocrx_word' id='word_1_384' title='bbox 656 4539 757 4591; x_wconf 75' lang='lat' dir='ltr'>boto</span> <span class='ocrx_word' id='word_1_385' title='bbox 842 4541 848 4553; x_wconf 91' lang='lat'>&#39;</span> <span class='ocrx_word' id='word_1_386' title='bbox 979 4561 982 4564; x_wconf 51' lang='lat'><strong>&gt;</strong></span> <span class='ocrx_word' id='word_1_387' title='bbox 1203 4539 1210 4554; x_wconf 86' lang='lat'>&#39;</span> 
     </span>
    </p>
   </div>
   <div class='ocr_carea' id='block_1_5' title="bbox 0 0 1561 5070">
    <p class='ocr_par' dir='ltr' id='par_1_7' title="bbox 0 0 1561 5070">
     <span class='ocr_line' id='line_1_43' title="bbox 0 0 1561 5070; baseline 0 0"><span class='ocrx_word' id='word_1_388' title='bbox 0 0 1561 5070; x_wconf 95' lang='lat' dir='ltr'> </span> 
     </span>
    </p>
   </div>
  </div>
 </body>
</html>
