3096 5070
447 264 583 316 rauanu
601 264 662 315 nte.
677 265 821 318 nrsron.
834 267 853 317 r.
872 265 971 318 nien.
983 220 1105 319 enixus
1290 255 1352 321 ott

197 384 297 473 primis
315 383 465 469 indignum
483 385 540 448 deo
556 395 621 464 est,
654 394 685 447 ut
701 385 766 448 'sine
787 385 848 478 lilio
868 385 1005 448 extiterit
1020 370 1193 469 aliquando,
1224 395 1284 451 tum
1301 410 1353 475 po·

197 501 262 553 stea
285 498 352 575 post
370 486 421 550 lilii
438 498 577 550 exortum
600 497 683 571 pater
707 487 846 572 appellari
871 488 1014 572 coeperit.
1061 484 1206 551 Similiter
1227 499 1257 551 et
1280 489 1353 553 iudi·

195 612 283 676 gnom
299 590 359 654 lilio
375 599 439 667 est,
464 587 506 652 uti
523 599 636 670 tempus
653 588 745 673 ipsius
767 590 910 672 originem
930 591 1144 668 antecesserit,
1168 611 1352 674 consequens

192 696 273 758 enim
301 704 349 757 est
374 703 488 776 tempus
514 690 669 753 maiestate
695 691 772 755 illius
795 712 863 755 csse
888 690 993 755 maius.
1039 689 1080 754 Er
1101 712 1173 755 vero
1193 693 1266 776 patri
1284 715 1353 758 non·

193 816 304 881 grueus
320 805 366 858 est
384 804 416 856 ut
430 793 460 856 in
478 791 610 855 eiusdem
626 793 831 857 communione
847 794 997 878 dignitatis
1011 793 1180 880 participem
1198 816 1262 858 eum
1276 817 1354 860 aem·

194 920 248 986 per
263 896 396 960 babuerit
415 894 464 978 qui
482 894 619 958 desinere
634 917 779 979 nunquam
798 905 894 979 potest
911 906 1013 981 estque
1029 897 1234 981 sempiternus.
1266 895 1353 981 Quod

194 1023 268 1065 vero
296 1001 352 1062 deo
378 996 449 1060 nibil
470 997 549 1081 prius
575 997 709 1060 extiterit
732 999 1002 1063 manifestissimum
1029 1010 1085 1063 est.
1138 999 1278 1079 Ateoim,
1312 1001 1354 1064 eit

195 1102 322 1179 Aetius,
353 1102 426 1164 deus
443 1109 474 1162 et
489 1100 651 1183 ingenitum
670 1101 745 1164 idem
765 1101 885 1165 omniuo
904 1101 1082 1185 significant.
1129 1100 1241 1166 Verum
1266 1122 1351 1185 quam

194 1215 295 1287 aperte
310 1201 499 1287 semetipsum
528 1201 679 1286 implicans
701 1213 820 1267 accusat
838 1205 933 1288 potius
952 1225 1036 1288 quum
1055 1206 1158 1288 dogma
1180 1226 1265 1268 suum
1283 1225 1353 1267 con·

196 1304 302 1367 brmet.
347 1302 425 1368 Nam
442 1305 468 1368 si
487 1326 552 1368 uum
571 1306 626 1368 deo
643 1305 716 1369 deus
735 1318 798 1383 est,
824 1317 855 1369 ut
871 1317 917 1370 est
931 1327 1055 1384 revera,
1081 1306 1351 1389 etiam-ingenitum

193 1407 426 1490 genitomlilium
448 1407 590 1485 admittit,
620 1407 733 1491 quidsi
754 1408 928 1472 vocabulum
958 1431 1014 1471 uno
1033 1409 1254 1494 complectitur,
1286 1431 1350 1473 curn

195 1519 276 1593 patre
304 1530 376 1573 vero
400 1509 487 1572 simul
506 1509 669 1594 appellatur
693 1521 723 1573 ει
741 1511 947 1595 coniungitur,
983 1524 1105 1575 exortus
1125 1533 1141 1575 a
1158 1512 1232 1590 deo,
1263 1523 1292 1575 et
1308 1514 1352 1576 in-

194 1621 332 1689 creatus,
354 1622 385 1675 et
400 1612 559 1675 honoratus
579 1633 644 1675 eum
662 1623 745 1697 patre
764 1613 852 1691 deus,
876 1612 1010 1697 idemque
1026 1614 1167 1692 verbum,
1192 1616 1247 1677 etsi
1265 1615 1352 1678 aliter

136 1738 138 1742 ·
194 1712 284 1777 A'e’tio
310 1714 462 1791 videatur,
495 1736 560 1778 eum
586 1725 704 1789 creatae
729 1736 779 1778 res
803 1736 906 1777 omncs
930 1714 1017 1778 lilium
1043 1717 1186 1795 odorent,
1218 1729 1249 1778 et
1262 1722 1351 1779 omnib

195 1819 296 1896 birguu
310 1819 496 1897 eotpiteotur,
520 1821 650 1897 quoniam
665 1821 745 1880 Iesus
759 1821 890 1879 Christus
905 1822 935 1879 io
946 1820 1043 1896 gloriis
1057 1830 1100 1879 est
1114 1823 1163 1880 dei
1171 1823 1277 1899 μαινίς,
1302 1820 1348 1883 cui

191 1919 286 2002 gloria
316 1919 389 2003 patri
415 1919 445 1983 io
469 1917 545 1998 lilio,
578 1940 643 1982 cum
666 1919 770 2005 spiritu
798 1929 918 1996 salicto,
953 1920 1123 1985 insaecula
1150 1922 1348 2001 saeculorum,

192 2021 303 2084 Arnen.

473 2225 563 2276 nssTtt
583 2224 772 2277 SALUTATlO
794 2225 830 2276 lN
848 2225 925 2276 FlNE
944 2227 1067 2277 POSle.

274 2323 348 2391 Post
364 2326 436 2391 baec
461 2326 668 2391 salutationem
692 2327 824 2393 subtexit
846 2328 890 2391 bis
908 2328 1025 2392 verbis:
1063 2327 1145 2393 [leus
1168 2329 1233 2410 ille,
1266 2333 1349 2416 quia

190 2428 270 2493 nullo
292 2429 351 2493 ulio
375 2430 492 2514 genitus
511 2441 574 2507 est,
607 2429 713 2513 quique
738 2431 819 2494 solus
841 2450 930 2494 verus
957 2432 1030 2494 deus
1058 2433 1094 2495 ab
1117 2428 1187 2497 lesu
1213 2429 1346 2514 Christo,

189 2553 276 2616 quem
293 2532 342 2596 ille
361 2533 496 2610 miserat,
521 2532 683 2616 appellatus
704 2542 761 2611 eu,
785 2527 905 2596 Christo
921 2532 1057 2617 inquam,
1082 2535 1129 2618 qui
1151 2555 1257 2600 revera
1276 2549 1346 2602 aute

191 2633 312 2698 saecula
337 2635 434 2697 omnio
460 2633 576 2713 extitit,
607 2647 711 2718 estque
734 2634 800 2699 sine
821 2635 908 2698 dubio
925 2637 1025 2719 genito
1045 2637 1225 2717 substantia,
1259 2659 1348 2704 sorios

192 2755 264 2812 roa,
296 2747 327 2799 et
337 2756 446 2814 nsanos,
478 2747 509 2801 et
528 2735 691 2800 incolumes
709 2737 745 2800 ab
762 2735 911 2823 impietate
928 2739 1092 2820 custodiat,
1122 2746 1152 2802 in
1171 2743 1284 2803 Christo
1299 2747 1349 2804 do-

192 2841 266 2899 mino
284 2849 398 2912 metro,
423 2859 576 2923 perquem
594 2839 799 2927 omuisgioria
822 2841 914 2926 patri,
938 2853 969 2906 et
990 2863 1086 2922 nunc,
1110 2853 1141 2907 et
1162 2863 1296 2930 semper,
1320 2855 1351 2909 et

191 2937 362 3007 insaecula
384 2943 585 3022 saeculorum,
609 2942 718 3007 Amen.

276 3037 459 3110 Confutatie.
505 3041 568 3110 Sub
586 3044 719 3131 opusculi
737 3046 822 3111 linem
847 3045 883 3109 ed
900 3046 1017 3111 sodales
1037 3068 1110 3112 suos
1127 3048 1261 3114 scribens
1286 3050 1348 3115 ae·

192 3143 266 3221 tius,
298 3149 373 3229 quod
393 3147 517 3212 atbletas
535 3159 565 3211 ct
581 3148 735 3213 atbletrias
758 3148 906 3228 nominat,
938 3169 975 3212 ue
991 3160 1048 3212 tom
1068 3150 1183 3233 quidem
1201 3151 1237 3215 ab
1252 3153 1348 3238 impiis

191 3246 314 3310 vocibus
338 3249 495 3328 abstinuit,
527 3251 627 3315 sedin
647 3251 840 3316 valedicendo
863 3272 978 3335 quoque
1004 3251 1165 3318 abhorrere
1181 3276 1214 3318 se
1234 3255 1270 3318 ab
1286 3257 1347 3319 sio·

190 3370 259 3414 cera
284 3351 416 3416 doctrina
434 3353 619 3417 monstravit.
666 3351 718 3418 Sic
738 3353 815 3417 euim
833 3353 978 3438 loquitur:
1011 3358 1105 3417 Sonos
1119 3379 1167 3418 vos
1183 3369 1212 3418 et
1224 3361 1348 3420 mlentes

189 3458 297 3533 quies!
310 3473 329 3514 o
342 3460 501 3534 regenitus
515 3459 584 3517 άεεε
599 3460 756 3517 custodiet.-
790 3475 845 3519 nee
859 3455 929 3520 illud
945 3457 1168 3538 animadvertit,
1185 3469 1294 3523 dotum
1312 3459 1348 3522 il·

190 3554 248 3617 lam
264 3575 397 3638 sparsam
415 3577 432 3619 a
449 3576 483 3619 se
500 3557 701 3639 quaestionem
722 3579 779 3622 una
798 3578 873 3621 voce
891 3558 1030 3638 dissolvi,
1056 3581 1121 3624 cum
1142 3562 1171 3624 in
1187 3561 1347 3645 superiori-

189 3655 245 3721 bus
268 3657 411 3740 capitibus
429 3659 465 3720 de
488 3658 620 3742 ingenito
643 3659 699 3721 dec
715 3657 836 3743 loquens
853 3682 1036 3746 nequaquam
1054 3683 1071 3726 a
1088 3663 1186 3748 seipso
1207 3662 1269 3726 lieri
1285 3675 1346 3728 sta-

190 3759 296 3837 tuerit,
330 3758 384 3822 boo
409 3780 482 3823 vero
503 3760 571 3823 loco
590 3781 608 3823 a
624 3762 722 3844 seipso
746 3762 875 3844 genitum
904 3763 1038 3827 affirmet.
1083 3762 1244 3847 Quaelibet
1267 3768 1344 3831 enim

189 3860 316 3925 bominis
330 3881 415 3924 meus
430 3864 474 3924 sui
493 3861 585 3947 ipsius
599 3861 799 3942 obliviscitur,
823 3874 855 3942 ut
871 3864 901 3926 iu
917 3885 1020 3928 errore
1040 3866 1217 3951 deprehendi
1239 3871 1343 3953 possit.

187 3962 281 4027 Addit
314 3974 486 4049 praeterea,
521 3963 585 4042 'Qui
610 3976 641 4025 et
666 3966 744 4025 solies
772 3958 924 4044 propterea
958 3989 1041 4028 uerus
1072 3973 1140 4030 deus
1169 3974 1340 4052 appellatur.

221 4098 246 4153 3·
264 4099 344 4168 κυρίῳ
361 4115 443 4162 supro.
782 4099 849 4150 tibus
865 4099 898 4150 de
911 4096 1022 4167 ingenito
1041 4101 1106 4166 deo,
1130 4092 1256 4156 Praebidit
1270 4105 1344 4157 etiam

221 4166 246 4220 4·
265 4169 318 4220 3ιῶ
337 4167 382 4220 καὶ
398 4171 461 4220 ebert
477 4184 559 4232 supro.
783 4169 851 4288 prod
865 4186 946 4235 oeque
960 4169 1068 4237 seipsum
1083 4170 1145 4221 fecit
1157 4179 1206 4223 cett.
1231 4175 1344 4226 tuerem-

221 4236 244 4286 5.
263 4223 441 4300 redemerunt
458 4239 559 4300 eccidit,
577 4232 687 4292 xulu'rl.
723 4240 747 4288 V.
800 4253 840 4288 nm
864 4240 938 4302 ipitur
961 4252 1009 4288 esse
1033 4243 1127 4300 putauit
1146 4245 1291 4304 necationem
1313 4239 1342 4298 nd

188 4316 260 4366 supro
275 4319 331 4368 pop.
346 4302 406 4356 930.
421 4310 443 4355 ει
458 4307 523 4368 infru
538 4320 596 4370 pap.
606 4304 665 4359 98&
782 4313 836 4358 ante
853 4305 921 4360 θεοῦ.

222 4369 248 4422 6.
264 4373 345 4434 Supra
359 4387 415 4435 pop.
427 4370 486 4425 924.
815 4377 838 4426 e.
855 4368 927 4428 ἄνοια
944 4376 995 4425 cod.
1005 4376 1111 4439 mdtp,
1127 4379 1190 4440 pund
1202 4393 1282 4430 ucmnn
1295 4395 1343 4434 erse
1428 4398 1432 4413 ¹

223 4437 246 4490 7.
272 4442 351 4501 Supra
375 4455 428 4503 cap.
452 4442 488 4493 13.
531 4445 659 4493 Comuntur
681 4447 748 4495 uertit
780 4445 878 4495 uidetur.

189 4523 245 4558 eum
264 4504 329 4558 enim
345 4507 435 4559 dixerit
453 4509 477 4559 io
494 4510 663 4578 superioribus
677 4511 747 4579 cepi-
