3096 5070
268 259 331 324 ²68
693 271 814 324 ειωοτι
831 271 1000 324 mama

266 385 433 471 ἐκδημήσας
445 389 543 453 ίδωκα
559 383 630 470 ῦμῖν
648 386 703 453 6τό
718 390 872 473 γενέσθαι,
903 387 954 454 διά
967 396 1022 455 τοῦ
1038 390 1145 474 δητοῦ,
1166 387 1301 456 Ἔδωκεν
1315 391 1422 471 αῦτοῖς

268 493 403 569 ίξονσίαν
418 491 507 556 τίκνα
523 497 599 555 θεοῦ
611 491 757 575 γενέσθαι.
801 489 914 575 Διόπερ
931 493 981 557 καλ
990 480 1088 568 Ιαῦτός
1103 488 1172 575 παρ’
1188 490 1288 569 αῦτοῖς
1302 493 1423 580 γενόμε-

267 619 318 669 νος
334 589 453 677 μορφὴν
468 591 579 659 δοῦλον
593 595 694 677 ἔλαβε,
716 592 897 679 προσφάτως
911 593 1072 683 προσφάτῳ
1090 596 1338 679 ίπικοινωνήσας,
1359 604 1422 663 ταῖν

267 693 465 781 άρχαίζόντων
480 693 648 778 7μενόντων
661 698 693 761 ίν
709 694 873 779 ταυτότητι,
896 698 946 761 καί
963 695 1004 778 μὴ
1020 698 1061 772 είς
1077 695 1216 783 σῦηχοσιν
1228 699 1423 782 μεταβαινόν-

265 823 339 876 των,
369 800 444 862 υἱοῖν
465 797 519 879 μίν
535 794 707 876 ἀνθούντων
723 797 774 863 διά
786 806 841 882 τῆς
855 806 977 882 μετοχῆς
993 802 1036 875 είς
1052 797 1229 886 άφθαρσίαν
1247 808 1424 886 μεταβαλλοὲ

266 903 380 984 μόνων,
400 896 461 964 άλλ’
477 897 532 965 οῦκ
546 901 588 975 είς
602 896 816 983 όμοουσιότητυ
830 903 1069 984 συνενουμίνων,
1090 904 1140 966 καλ
1158 910 1212 968 τοῦ
1228 902 1283 986 τὴν
1297 903 1425 989 μορφὴν

267 1002 376 1069 δοῦλον
388 999 531 1085 λαβόντος
548 1000 599 1067 διά
614 1010 669 1068 τοῦ
684 1004 738 1085 μίν
754 1003 920 1087 Λαβόντος,
941 1002 974 1070 τό
992 1003 1166 1088 πρόσφατον
1178 1008 1345 1088 δηλοῦντος,
1368 1007 1424 1074 διά

144 1121 252 1179 τιμίω
267 1108 300 1173 δλ
312 1112 381 1185 τοῦ,
407 1103 459 1169 Ἐν
479 1112 581 1194 μορφῇ
605 1112 682 1171 θεοῦ
702 1103 902 1191 όττάρχοντος,
935 1110 977 1182 είς
993 1106 1105 1190 τροπὴν
1127 1105 1167 1190 μή
1190 1111 1422 1192 παρερχομένου.

271 1208 391 1275 Τοῦτων
405 1208 438 1273 δὲ
457 1205 552 1282 οῦτως
574 1206 685 1286 όντων,
714 1211 765 1273 καί
782 1211 814 1273 ἐν
828 1213 920 1297 τελείᾳ
937 1209 1041 1295 γνιόσει
1060 1208 1156 1287 οῦτως
1173 1211 1255 1295 παρά
1270 1221 1333 1288 τοῖς
1348 1221 1424 1279 θεο-
1460 1274 1463 1279 .

267 1310 418 1386 διδάκτοις
432 1317 537 1390 σαφεῖς
552 1307 811 1395 όμολογουμίνων,
834 1309 904 1376 οῦτε
919 1310 969 1390 τό,
1002 1310 1077 1388 Θεός
1092 1339 1150 1394 μου
1166 1316 1217 1379 καλ
1235 1312 1308 1391 θεός
1322 1310 1422 1397 ῦμῦν,

269 1412 371 1492 λοῦτε,
386 1410 420 1478 ‘0
434 1411 531 1496 πατήρ
545 1438 604 1494 μου
618 1414 669 1477 καλ
684 1404 786 1498 πατὴρ
800 1409 894 1496 ῦμῦν,
917 1411 978 1480 ἀπό
1002 1421 1055 1496 τῆς
1071 1414 1145 1479 κατά
1161 1415 1194 1481 τό
1215 1414 1336 1502 εῦλογον
1357 1419 1422 1483 lm·
1529 1410 1532 1417 ¹

268 1520 424 1591 κοινωνίας
445 1514 495 1580 διά
518 1522 572 1580 τοῦ
593 1511 755 1598 όμωνῦμον
774 1518 878 1581 διοίσει
899 1525 952 1600 τῆς
967 1517 1153 1600 άκραιφνοῦς
1169 1517 1272 1594 οῦσίας
1288 1517 1350 1584 άπό
1366 1526 1423 1602 τῆς

267 1615 413 1703 ῦπεροχῆς
428 1624 481 1699 τῆς
494 1619 571 1692 ίδίας
587 1615 733 1700 ἰδιότητος
748 1617 860 1704 πατρός
877 1619 952 1705 πρός
966 1620 1043 1700 υίόν,
1059 1622 1110 1684 καί
1120 1624 1189 1686 υἱοῦ
1204 1618 1280 1707 πρός
1294 1623 1421 1709 πατίρα,

266 1722 319 1788 καλ
340 1717 427 1806 άγίου
448 1718 615 1802 πνεύματος
637 1717 785 1797 άςαῦτως.

354 2128 466 2212 Κεφάλ.
479 2131 596 2196 Ἀετίου
612 2127 658 2212 ιη’.
682 2133 725 2194 Εί
737 2127 755 2212 ἡ
766 2129 925 2216 άγίννητος
941 2128 1028 2196 οῦσία
1042 2135 1179 2216 κρείττων
1193 2133 1254 2198 ίστλ
1271 2136 1417 2221 γενίσεως,

267 2238 389 2301 οίκοθεν
404 2236 510 2316 ἔχουσα
525 2231 558 2298 τό
573 2241 713 2318 κρεῖττον,
737 2229 897 2298 αῦτοουσία
912 2235 990 2299 ἕστλν
1005 2231 1171 2318 άγίντητος.
1218 2231 1264 2300 Οῦ
1277 2233 1331 2321 γάρ
1344 2240 1415 2318 ῥου-

266 2335 388 2420 λόμενος
403 2335 596 2420 ὅτιβούλεται
612 2332 749 2420 γενίσειός
762 2337 822 2400 ἔστι
838 2339 986 2421 κρείττων,
1009 2334 1068 2401 ἄλλ’
1085 2335 1132 2401 ότι
1147 2337 1286 2418 πέφυκεν.
1328 2333 1411 2402 Λῦτό

266 2433 322 2506 οῦν
346 2436 520 2522 ῦπάρχουσα
544 2438 632 2504 οὐσία
653 2435 809 2523 άγίννητος
831 2434 937 2516 όθεός
955 2436 1053 2504 οῦδενλ
1075 2438 1152 2528 λόγῳ
1179 2441 1321 2527 ίπετρίπει
1343 2434 1414 2503 καθ’

266 2544 372 2625 λαυτῆς
391 2543 503 2627 γένεσιν
520 2544 692 2623 ἐπινοῆσαι,
722 2537 849 2606 ω’θοῦσα
872 2544 1017 2628 φέρεσθαι
1033 2541 1108 2608 κατά
1127 2551 1187 2609 νῦν
1199 2547 1342 2630 γεννητόν
1357 2547 1415 2607 πῦ-

267 2665 323 2711 σακ
340 2646 470 2724 ἐξέτασιν
490 2645 542 2710 καί
563 2640 661 2707 πάντα
682 2640 828 2728 λογισμόν.

347 2848 461 2935 Ἀνατρ
490 2856 558 2923 Τοῖς
570 2845 670 2924 αῦτοῖς
688 2845 767 2931 ἡμᾶς
787 2856 927 2930 σκαλμοῖς
945 2849 1114 2933 περιέβαλεν
1131 2848 1259 2927 Ἇίτιος,
1281 2855 1419 2915 ταυτολο-

264 2961 328 3039 γεῖν
342 2950 431 3034 ἡμεῖς,
454 2949 496 3026 σός
515 2953 605 3033 ἔφην,
627 2953 677 3016 καὶ
696 2948 837 3025 πολλάκις
851 2952 1082 3034 παρασκευάζων
1098 2951 1146 3016 διά
1164 2950 1217 3034 τήν
1236 2954 1266 3030 ίξ
1283 2948 1421 3038 ῦπαρχῆς

264 3053 330 3138 ῦχρι
344 3055 443 3130 τέλους
459 3054 555 3118 αὐτοῦ
570 3054 637 3136 περλ
655 3059 713 3119 τοῖν
729 3052 829 3116 αῦτοῖν
844 3059 1040 3138 ταυτολογίαν.
1075 3055 1119 3120 Οῦ
1131 3054 1186 3139 γάρ
1201 3079 1273 3119 ποτε
1287 3051 1308 3136 ἦ
1323 3057 1420 3130 πίστις

264 3153 285 3241 ἦ
301 3155 396 3221 πάντα
419 3155 522 3221 πιστόν
545 3152 678 3233 σώζουσα
698 3157 732 3219 ίκ
751 3161 968 3239 συλλογιστικοῖς
984 3152 1127 3232 ῦπονοίας
1144 3154 1317 3239 σἰνθροίπων
1335 3157 1417 3221 συνί-

264 3279 384 3342 στηκεν·
402 3257 503 3340 ἐπειδὴ
519 3254 574 3343 γάρ
587 3260 755 3337 ἐπισφαλεῖς
770 3260 843 3322 είσιν
857 3260 890 3321 αί
902 3264 961 3321 τοῖν
974 3256 1148 3341 σἰνθροόπων
1162 3256 1302 3337 διάνοιαι,
1318 3254 1419 3324 καλοῦ

266 3359 429 3443 δυνάμεναι
450 3358 526 3445 πρός
543 3357 575 3426 τό
592 3358 714 3444 άπειρον
726 3367 780 3442 τῆς
795 3366 849 3424 τοῦ
865 3367 940 3424 θεοῦ
964 3357 1066 3436 οῦσίας
1085 3362 1312 3426 λπεκτείνεσθαι.
1357 3360 1422 3427 Κελ·

265 3462 322 3551 γάρ
339 3461 372 3528 τό
387 3469 448 3528 πᾶν
460 3470 513 3545 τῆς
531 3466 674 3547 σωτηρίας
692 3457 778 3544 ἡμῶν
796 3468 927 3547 Χριστοῦ
950 3460 1072 3540 ζωτικόν
1086 3461 1248 3545 μυστήριον
1264 3460 1421 3538 Ἰουδαίοις

266 3567 320 3648 μλν
337 3563 518 3644 σκάνδαλον,
531 3564 655 3647 Ἕλλησι
671 3565 702 3629 δὲ
718 3568 832 3648 μωρία,
863 3561 935 3647 ἡμῖν
951 3566 981 3630 δὲ
998 3575 1061 3641 τοῖς
1079 3574 1197 3648 κλητοῖς
1213 3562 1371 3640 Ἰουδαίοις
1387 3589 1419 3630 τε

264 3669 315 3732 καί
323 3666 445 3750 Ἕλλησι
465 3666 592 3753 Χριστός
608 3674 685 3732 θεοῦ
701 3664 827 3748 δῦναμις
839 3669 888 3732 καλ
903 3674 979 3732 θεοῦ
993 3672 1098 3748 σοφία·
1131 3667 1176 3733 ότι
1195 3664 1229 3731 τό
1249 3665 1350 3752 μωρόν
1364 3673 1419 3732 τοῦ

265 3776 341 3836 θεοῦ
357 3767 531 3854 σοφάτερον
543 3777 601 3835 τοῖν
615 3769 788 3854 αἰνθροῖπων
806 3770 883 3848 ίστλ,
913 3771 963 3834 καλ
979 3768 1013 3835 τό
1031 3767 1153 3845 άσθενλς
1171 3776 1226 3834 τοῦ
1244 3776 1320 3834 θεοῦ
1339 3771 1419 3852 ίσχυ-

265 3871 386 3957 ρότερον
399 3880 459 3938 τοῦν
477 3871 648 3956 άνθροίπων
663 3875 730 3937 ἐστί.
777 3877 850 3947 Πῦς
866 3864 922 3937 οῦν
935 3869 1042 3938 σῦκόν
1055 3898 1099 3949 τις
1114 3871 1166 3938 τόν
1180 3868 1290 3937 Ἀέτιον
1307 3873 1338 3936 ἐν
1356 3880 1421 3948 τοῖς

263 3971 418 4050 Ἰουδαίοις
435 3976 488 4058 μὲν
504 3974 554 4040 διά
572 3974 604 4040 τό
621 3977 786 4041 σκάνδαλον
803 3981 862 4039 τοῖν
879 3974 973 4039 αὐτοῦ
988 3982 1185 4059 συλλογισμῶν
1203 3972 1418 4056 καταστήσειεν,

257 4074 385 4160 Ἕλληνα
403 4079 435 4143 δὲ
450 4077 499 4143 διά
515 4077 548 4144 τό
568 4080 600 4144 ἐκ
615 4085 668 4161 τῆς
685 4081 761 4152 ίδίας
780 4078 974 4155 ἐθελοσοφίας
997 4082 1110 4161 μωρίαν
1131 4074 1269 4162 ἡγεῖσθαι
1294 4074 1347 4157 τὴν
1366 4083 1420 4140 τοῦ

265 4188 342 4245 θεοῦ
365 4178 527 4263 άληθειανς
572 4182 632 4246 Καλ
656 4179 712 4266 γάρ
741 4176 783 4254 είς
805 4180 855 4243 καί
878 4181 1016 4262 κρείττων
1038 4178 1135 4262 πάσης
1158 4184 1277 4255 κτίσεως
1301 4179 1351 4242 καλ
1366 4181 1420 4259 δη-

299 4317 323 4371 (i
340 4320 437 4382 „Deest
447 4317 587 4381 κοινωνοῦς,
599 4331 641 4370 aut
652 4319 732 4370 simile
747 4316 825 4387 quid“
860 4333 933 4385 quam
950 4333 996 4384 ego
1013 4337 1098 4371 amore
1111 4319 1238 4369 hominum
1251 4316 1338 4367 ductus
1352 4315 1420 4385 apud

266 4392 387 4438 annotavit
402 4393 519 4440 Ρτλουῖυι.
553 4391 666 4451 Equidem
685 4390 744 4438 nihil
763 4390 825 4437 ετοί-
859 4403 905 4435 vos
937 4403 1035 4436 raesens
1051 4387 1108 4437 dedi
1124 4387 1194 4439 vobis
1212 4396 1239 4436 ut
1253 4385 1353 4448 fieretis,
1372 4403 1419 4436 ve-

266 4458 328 4506 δίτττ
340 4463 413 4520 puto,
438 4460 479 4506 ιισ
496 4459 667 4507 ττιοτιδτπδυοο
682 4451 740 4522 ῦμῖν
759 4453 827 4514 ἔντος
860 4453 897 4504 lut
914 4404 1008 4506 όίοιοω
1027 4466 1065 4507 eat
1079 4461 1130 4508 τελλ

267 4523 392 4594 γενέσθαι
437 4527 566 4576 comorius
584 4528 653 4576 υτηλσ
673 4524 826 4586 societatem,
