<?xml version="1.0" encoding="UTF-8"?>
<!DOCTYPE html PUBLIC "-//W3C//DTD XHTML 1.0 Transitional//EN"
    "http://www.w3.org/TR/xhtml1/DTD/xhtml1-transitional.dtd">
<html xmlns="http://www.w3.org/1999/xhtml" xml:lang="en" lang="en">
 <head>
  <title>
</title>
<meta http-equiv="Content-Type" content="text/html;charset=utf-8" />
  <meta name='ocr-system' content='tesseract 3.04.00' />
  <meta name='ocr-capabilities' content='ocr_page ocr_carea ocr_par ocr_line ocrx_word'/>
</head>
<body>
  <div class='ocr_page' id='page_1' title='image "./corporishaerese00unkngoog/corporishaerese00unkngoog_0282.png"; bbox 0 0 3096 5070; ppageno 0'>
   <div class='ocr_carea' id='block_1_1' title="bbox 370 263 1283 328">
    <p class='ocr_par' dir='ltr' id='par_1_1' title="bbox 370 263 1283 328">
     <span class='ocr_line' id='line_1_1' title="bbox 370 263 1283 328; baseline 0.001 -1"><span class='ocrx_word' id='word_1_1' title='bbox 370 274 509 327; x_wconf 82' lang='lat' dir='ltr'>euuuau</span> <span class='ocrx_word' id='word_1_2' title='bbox 527 276 590 327; x_wconf 79' lang='lat' dir='ltr'>aro.</span> <span class='ocrx_word' id='word_1_3' title='bbox 608 275 652 328; x_wconf 88' lang='lat' dir='ltr'>nr.</span> <span class='ocrx_word' id='word_1_4' title='bbox 668 275 752 328; x_wconf 83' lang='lat' dir='ltr'>rou.</span> <span class='ocrx_word' id='word_1_5' title='bbox 767 275 786 327; x_wconf 92' lang='lat'>1.</span> <span class='ocrx_word' id='word_1_6' title='bbox 803 275 904 326; x_wconf 83' lang='lat' dir='ltr'>nasa.</span> <span class='ocrx_word' id='word_1_7' title='bbox 918 274 1040 326; x_wconf 78' lang='lat' dir='ltr'>nxxva</span> <span class='ocrx_word' id='word_1_8' title='bbox 1220 263 1283 328; x_wconf 73' lang='lat'>275</span> 
     </span>
    </p>
   </div>
   <div class='ocr_carea' id='block_1_2' title="bbox 125 391 1284 581">
    <p class='ocr_par' dir='ltr' id='par_1_2' title="bbox 125 391 1284 581">
     <span class='ocr_line' id='line_1_2' title="bbox 126 391 1283 478; baseline -0.001 -19"><span class='ocrx_word' id='word_1_9' title='bbox 126 414 252 478; x_wconf 82' lang='lat' dir='ltr'>unquam</span> <span class='ocrx_word' id='word_1_10' title='bbox 278 392 333 457; x_wconf 89' lang='lat' dir='ltr'>boc</span> <span class='ocrx_word' id='word_1_11' title='bbox 360 394 538 460; x_wconf 80' lang='lat' dir='ltr'>asserueris.</span> <span class='ocrx_word' id='word_1_12' title='bbox 585 391 687 477; x_wconf 84' lang='lat' dir='ltr'>Quare</span> <span class='ocrx_word' id='word_1_13' title='bbox 712 416 777 458; x_wconf 86' lang='lat' dir='ltr'>cuna</span> <span class='ocrx_word' id='word_1_14' title='bbox 805 395 841 459; x_wconf 86' lang='lat' dir='ltr'>iis</span> <span class='ocrx_word' id='word_1_15' title='bbox 867 414 940 478; x_wconf 88' lang='lat' dir='ltr'>quac</span> <span class='ocrx_word' id='word_1_16' title='bbox 966 393 1135 478; x_wconf 90' lang='lat' dir='ltr'>procreavit</span> <span class='ocrx_word' id='word_1_17' title='bbox 1156 414 1173 456; x_wconf 91' lang='lat' dir='ltr'>e</span> <span class='ocrx_word' id='word_1_18' title='bbox 1192 394 1283 458; x_wconf 83' lang='lat' dir='ltr'>nihilo</span> 
     </span>
     <span class='ocr_line' id='line_1_3' title="bbox 125 495 1284 581; baseline -0.002 -21"><span class='ocrx_word' id='word_1_19' title='bbox 125 495 229 561; x_wconf 84' lang='lat' dir='ltr'>similis</span> <span class='ocrx_word' id='word_1_20' title='bbox 251 506 282 559; x_wconf 88' lang='grc' dir='ltr'><strong>ει</strong></span> <span class='ocrx_word' id='word_1_21' title='bbox 304 496 436 581; x_wconf 88' lang='lat' dir='ltr'>aequalis</span> <span class='ocrx_word' id='word_1_22' title='bbox 457 517 524 560; x_wconf 87' lang='lat' dir='ltr'>esso</span> <span class='ocrx_word' id='word_1_23' title='bbox 549 507 691 581; x_wconf 81' lang='lat' dir='ltr'>nequeat,</span> <span class='ocrx_word' id='word_1_24' title='bbox 722 497 913 560; x_wconf 82' lang='lat' dir='ltr'>eademnam</span> <span class='ocrx_word' id='word_1_25' title='bbox 938 496 984 560; x_wconf 85' lang='lat' dir='ltr'>sui</span> <span class='ocrx_word' id='word_1_26' title='bbox 1010 495 1199 560; x_wconf 82' lang='lat' dir='ltr'>dissimilibus</span> <span class='ocrx_word' id='word_1_27' title='bbox 1226 496 1284 580; x_wconf 90' lang='lat' dir='ltr'>pati</span> 
     </span>
    </p>
   </div>
   <div class='ocr_carea' id='block_1_3' title="bbox 12 597 1284 684">
    <p class='ocr_par' dir='ltr' id='par_1_3' title="bbox 12 597 1284 684">
     <span class='ocr_line' id='line_1_4' title="bbox 12 597 1284 684; baseline -0.003 -19"><span class='ocrx_word' id='word_1_28' title='bbox 12 661 16 665; x_wconf 84' lang='lat'>.</span> <span class='ocrx_word' id='word_1_29' title='bbox 125 599 205 662; x_wconf 89' lang='lat' dir='ltr'>nulla</span> <span class='ocrx_word' id='word_1_30' title='bbox 228 599 344 663; x_wconf 89' lang='lat' dir='ltr'>rationc</span> <span class='ocrx_word' id='word_1_31' title='bbox 371 599 496 683; x_wconf 80' lang='lat' dir='ltr'>poterit3</span> <span class='ocrx_word' id='word_1_32' title='bbox 529 599 634 684; x_wconf 88' lang='lat' dir='ltr'>quibus</span> <span class='ocrx_word' id='word_1_33' title='bbox 653 599 708 663; x_wconf 86' lang='lat' dir='ltr'>hoc</span> <span class='ocrx_word' id='word_1_34' title='bbox 728 599 887 678; x_wconf 87' lang='lat' dir='ltr'>convenit,</span> <span class='ocrx_word' id='word_1_35' title='bbox 918 597 1284 663; x_wconf 88' lang='lat' dir='ltr'>utenibilotamabillo</span> 
     </span>
    </p>
   </div>
   <div class='ocr_carea' id='block_1_4' title="bbox 125 699 1286 1093">
    <p class='ocr_par' dir='ltr' id='par_1_4' title="bbox 125 699 1286 1093">
     <span class='ocr_line' id='line_1_5' title="bbox 125 699 1283 786; baseline -0.001 -23"><span class='ocrx_word' id='word_1_36' title='bbox 125 700 188 786; x_wconf 90' lang='lat' dir='ltr'>ipsa</span> <span class='ocrx_word' id='word_1_37' title='bbox 208 702 348 785; x_wconf 90' lang='lat' dir='ltr'>producta</span> <span class='ocrx_word' id='word_1_38' title='bbox 364 701 442 780; x_wconf 85' lang='lat' dir='ltr'>sint,</span> <span class='ocrx_word' id='word_1_39' title='bbox 468 724 553 785; x_wconf 89' lang='lat' dir='ltr'>qnam</span> <span class='ocrx_word' id='word_1_40' title='bbox 570 722 645 785; x_wconf 90' lang='lat' dir='ltr'>qnae</span> <span class='ocrx_word' id='word_1_41' title='bbox 665 701 737 786; x_wconf 89' lang='lat' dir='ltr'>ipsis</span> <span class='ocrx_word' id='word_1_42' title='bbox 757 701 874 778; x_wconf 80' lang='lat' dir='ltr'>instuit,</span> <span class='ocrx_word' id='word_1_43' title='bbox 899 702 1003 785; x_wconf 85' lang='lat' dir='ltr'>quibus</span> <span class='ocrx_word' id='word_1_44' title='bbox 1021 723 1073 786; x_wconf 90' lang='lat' dir='ltr'>per</span> <span class='ocrx_word' id='word_1_45' title='bbox 1091 699 1283 785; x_wconf 67' lang='lat' dir='ltr'>privationem</span> 
     </span>
     <span class='ocr_line' id='line_1_6' title="bbox 125 801 1282 886; baseline -0.003 -18"><span class='ocrx_word' id='word_1_46' title='bbox 125 803 261 868; x_wconf 86' lang='lat' dir='ltr'>accidunt</span> <span class='ocrx_word' id='word_1_47' title='bbox 287 801 449 868; x_wconf 89' lang='lat' dir='ltr'>contraria.</span> <span class='ocrx_word' id='word_1_48' title='bbox 496 802 578 867; x_wconf 88' lang='lat' dir='ltr'>llaec</span> <span class='ocrx_word' id='word_1_49' title='bbox 603 804 680 866; x_wconf 89' lang='lat' dir='ltr'>enim</span> <span class='ocrx_word' id='word_1_50' title='bbox 706 803 804 866; x_wconf 83' lang='lat' dir='ltr'>onrrria</span> <span class='ocrx_word' id='word_1_51' title='bbox 825 803 943 866; x_wconf 87' lang='lat' dir='ltr'>minime</span> <span class='ocrx_word' id='word_1_52' title='bbox 970 802 1116 886; x_wconf 90' lang='lat' dir='ltr'>aseipsis</span> <span class='ocrx_word' id='word_1_53' title='bbox 1138 802 1282 880; x_wconf 82' lang='lat' dir='ltr'>existunt,</span> 
     </span>
     <span class='ocr_line' id='line_1_7' title="bbox 125 904 1286 990; baseline -0.004 -19"><span class='ocrx_word' id='word_1_54' title='bbox 125 908 177 971; x_wconf 87' lang='lat' dir='ltr'>sed</span> <span class='ocrx_word' id='word_1_55' title='bbox 192 925 231 970; x_wconf 85' lang='lat' dir='ltr'>ea</span> <span class='ocrx_word' id='word_1_56' title='bbox 252 905 378 989; x_wconf 77' lang='lat' dir='ltr'>benigna</span> <span class='ocrx_word' id='word_1_57' title='bbox 395 906 491 968; x_wconf 91' lang='lat' dir='ltr'>dantis</span> <span class='ocrx_word' id='word_1_58' title='bbox 508 905 684 990; x_wconf 65' lang='lat' dir='ltr'>largitioner</span> <span class='ocrx_word' id='word_1_59' title='bbox 717 905 821 989; x_wconf 86' lang='lat' dir='ltr'>quibus</span> <span class='ocrx_word' id='word_1_60' title='bbox 845 905 933 968; x_wconf 91' lang='lat' dir='ltr'>etiam</span> <span class='ocrx_word' id='word_1_61' title='bbox 956 915 1055 989; x_wconf 93' lang='lat' dir='ltr'>utpote</span> <span class='ocrx_word' id='word_1_62' title='bbox 1073 926 1088 967; x_wconf 93' lang='grc' dir='ltr'><strong>ε</strong></span> <span class='ocrx_word' id='word_1_63' title='bbox 1107 904 1197 967; x_wconf 83' lang='lat' dir='ltr'>nihilo</span> <span class='ocrx_word' id='word_1_64' title='bbox 1219 925 1286 989; x_wconf 92' lang='lat' dir='ltr'>pro·</span> 
     </span>
     <span class='ocr_line' id='line_1_8' title="bbox 125 1006 1286 1093; baseline -0.004 -19"><span class='ocrx_word' id='word_1_65' title='bbox 125 1007 220 1074; x_wconf 89' lang='lat' dir='ltr'>ductis</span> <span class='ocrx_word' id='word_1_66' title='bbox 238 1006 296 1092; x_wconf 86' lang='lat' dir='ltr'>pati</span> <span class='ocrx_word' id='word_1_67' title='bbox 318 1007 426 1092; x_wconf 80' lang='lat' dir='ltr'>aliquid</span> <span class='ocrx_word' id='word_1_68' title='bbox 445 1009 606 1092; x_wconf 83' lang='lat' dir='ltr'>contingit,</span> <span class='ocrx_word' id='word_1_69' title='bbox 639 1030 703 1072; x_wconf 92' lang='lat' dir='ltr'>cnm</span> <span class='ocrx_word' id='word_1_70' title='bbox 724 1008 761 1071; x_wconf 88' lang='lat' dir='ltr'>iis</span> <span class='ocrx_word' id='word_1_71' title='bbox 781 1009 852 1092; x_wconf 86' lang='lat' dir='ltr'>ipsis</span> <span class='ocrx_word' id='word_1_72' title='bbox 871 1007 958 1071; x_wconf 81' lang='lat' dir='ltr'>relius</span> <span class='ocrx_word' id='word_1_73' title='bbox 977 1008 1146 1093; x_wconf 87' lang='lat' dir='ltr'>privantur,</span> <span class='ocrx_word' id='word_1_74' title='bbox 1177 1026 1286 1090; x_wconf 90' lang='lat' dir='ltr'>quaen</span> 
     </span>
    </p>
   </div>
   <div class='ocr_carea' id='block_1_5' title="bbox 126 1107 1399 1194">
    <p class='ocr_par' dir='ltr' id='par_1_5' title="bbox 126 1107 1399 1194">
     <span class='ocr_line' id='line_1_9' title="bbox 126 1107 1399 1194; baseline -0.002 -21"><span class='ocrx_word' id='word_1_75' title='bbox 126 1110 267 1194; x_wconf 73' lang='lat' dir='ltr'>largitore</span> <span class='ocrx_word' id='word_1_76' title='bbox 289 1110 339 1179; x_wconf 88' lang='lat' dir='ltr'>illo</span> <span class='ocrx_word' id='word_1_77' title='bbox 356 1110 589 1174; x_wconf 89' lang='lat' dir='ltr'>communicatae</span> <span class='ocrx_word' id='word_1_78' title='bbox 614 1112 748 1189; x_wconf 78' lang='lat' dir='ltr'>lucrant3</span> <span class='ocrx_word' id='word_1_79' title='bbox 782 1111 830 1194; x_wconf 87' lang='lat' dir='ltr'>qui</span> <span class='ocrx_word' id='word_1_80' title='bbox 848 1130 943 1193; x_wconf 89' lang='lat' dir='ltr'>nequo</span> <span class='ocrx_word' id='word_1_81' title='bbox 963 1110 1021 1194; x_wconf 92' lang='lat' dir='ltr'>pati</span> <span class='ocrx_word' id='word_1_82' title='bbox 1039 1107 1147 1193; x_wconf 89' lang='lat' dir='ltr'>aliquid</span> <span class='ocrx_word' id='word_1_83' title='bbox 1175 1118 1283 1193; x_wconf 88' lang='lat' dir='ltr'>potest,</span> <span class='ocrx_word' id='word_1_84' title='bbox 1397 1171 1399 1181; x_wconf 78' lang='grc'><strong>,</strong></span> 
     </span>
    </p>
   </div>
   <div class='ocr_carea' id='block_1_6' title="bbox 52 1206 1353 4152">
    <p class='ocr_par' dir='ltr' id='par_1_6' title="bbox 89 1206 1353 3439">
     <span class='ocr_line' id='line_1_10' title="bbox 128 1206 1286 1297; baseline -0.002 -23"><span class='ocrx_word' id='word_1_85' title='bbox 128 1221 159 1275; x_wconf 83' lang='lat' dir='ltr'>et</span> <span class='ocrx_word' id='word_1_86' title='bbox 173 1233 190 1274; x_wconf 96' lang='lat' dir='ltr'>a</span> <span class='ocrx_word' id='word_1_87' title='bbox 206 1212 284 1276; x_wconf 90' lang='lat' dir='ltr'>nullo</span> <span class='ocrx_word' id='word_1_88' title='bbox 300 1213 358 1276; x_wconf 92' lang='lat' dir='ltr'>alio</span> <span class='ocrx_word' id='word_1_89' title='bbox 375 1212 462 1277; x_wconf 91' lang='lat' dir='ltr'>babet</span> <span class='ocrx_word' id='word_1_90' title='bbox 478 1223 510 1276; x_wconf 89' lang='lat' dir='ltr'>nt</span> <span class='ocrx_word' id='word_1_91' title='bbox 524 1213 581 1290; x_wconf 88' lang='lat' dir='ltr'>ait,</span> <span class='ocrx_word' id='word_1_92' title='bbox 615 1234 719 1297; x_wconf 81' lang='lat' dir='ltr'>neque</span> <span class='ocrx_word' id='word_1_93' title='bbox 737 1212 846 1297; x_wconf 91' lang='lat' dir='ltr'>privari</span> <span class='ocrx_word' id='word_1_94' title='bbox 868 1212 927 1276; x_wconf 87' lang='lat' dir='ltr'>ullo</span> <span class='ocrx_word' id='word_1_95' title='bbox 945 1212 1031 1276; x_wconf 83' lang='lat' dir='ltr'>moto</span> <span class='ocrx_word' id='word_1_96' title='bbox 1051 1220 1159 1295; x_wconf 86' lang='lat' dir='ltr'>potest.</span> <span class='ocrx_word' id='word_1_97' title='bbox 1205 1206 1286 1292; x_wconf 86' lang='lat' dir='ltr'>Qua-</span> 
     </span>
     <span class='ocr_line' id='line_1_11' title="bbox 129 1312 1285 1401; baseline 0 -27"><span class='ocrx_word' id='word_1_98' title='bbox 129 1322 248 1396; x_wconf 79' lang='lat' dir='ltr'><strong>propter</strong></span> <span class='ocrx_word' id='word_1_99' title='bbox 261 1334 325 1377; x_wconf 89' lang='lat' dir='ltr'>cum</span> <span class='ocrx_word' id='word_1_100' title='bbox 340 1315 471 1401; x_wconf 85' lang='lat' dir='ltr'>aequalis</span> <span class='ocrx_word' id='word_1_101' title='bbox 489 1313 547 1378; x_wconf 91' lang='lat' dir='ltr'>illis</span> <span class='ocrx_word' id='word_1_102' title='bbox 567 1337 625 1380; x_wconf 91' lang='lat' dir='ltr'>non</span> <span class='ocrx_word' id='word_1_103' title='bbox 644 1314 792 1392; x_wconf 75' lang='lat' dir='ltr'>ciiiilius,</span> <span class='ocrx_word' id='word_1_104' title='bbox 822 1312 974 1398; x_wconf 82' lang='lat' dir='ltr'>aliaeque</span> <span class='ocrx_word' id='word_1_105' title='bbox 990 1324 1091 1399; x_wconf 87' lang='lat' dir='ltr'>pater,</span> <span class='ocrx_word' id='word_1_106' title='bbox 1115 1333 1210 1396; x_wconf 88' lang='lat' dir='ltr'>nequo</span> <span class='ocrx_word' id='word_1_107' title='bbox 1226 1313 1285 1397; x_wconf 91' lang='lat' dir='ltr'>spi·</span> 
     </span>
     <span class='ocr_line' id='line_1_12' title="bbox 128 1413 1286 1501; baseline 0.001 -26"><span class='ocrx_word' id='word_1_108' title='bbox 128 1413 203 1477; x_wconf 87' lang='lat' dir='ltr'>ritus</span> <span class='ocrx_word' id='word_1_109' title='bbox 220 1426 357 1495; x_wconf 86' lang='lat' dir='ltr'>sanctus,</span> <span class='ocrx_word' id='word_1_110' title='bbox 387 1438 421 1480; x_wconf 88' lang='lat' dir='ltr'>ac</span> <span class='ocrx_word' id='word_1_111' title='bbox 438 1417 575 1480; x_wconf 87' lang='lat' dir='ltr'>diversus</span> <span class='ocrx_word' id='word_1_112' title='bbox 592 1417 630 1480; x_wconf 88' lang='lat' dir='ltr'>sit</span> <span class='ocrx_word' id='word_1_113' title='bbox 646 1415 682 1480; x_wconf 89' lang='lat' dir='ltr'>ab</span> <span class='ocrx_word' id='word_1_114' title='bbox 702 1416 768 1480; x_wconf 91' lang='lat' dir='ltr'>istis</span> <span class='ocrx_word' id='word_1_115' title='bbox 786 1416 879 1495; x_wconf 88' lang='lat' dir='ltr'>lilius,</span> <span class='ocrx_word' id='word_1_116' title='bbox 912 1417 1016 1501; x_wconf 86' lang='lat' dir='ltr'>quibua</span> <span class='ocrx_word' id='word_1_117' title='bbox 1036 1437 1101 1478; x_wconf 90' lang='lat' dir='ltr'>cum</span> <span class='ocrx_word' id='word_1_118' title='bbox 1117 1417 1218 1479; x_wconf 88' lang='lat' dir='ltr'>eadem</span> <span class='ocrx_word' id='word_1_119' title='bbox 1235 1435 1286 1500; x_wconf 91' lang='lat' dir='ltr'>ap-</span> 
     </span>
     <span class='ocr_line' id='line_1_13' title="bbox 128 1511 1287 1601; baseline 0.003 -24"><span class='ocrx_word' id='word_1_120' title='bbox 128 1515 285 1601; x_wconf 85' lang='lat' dir='ltr'>pellatione</span> <span class='ocrx_word' id='word_1_121' title='bbox 308 1518 426 1583; x_wconf 90' lang='lat' dir='ltr'>minime</span> <span class='ocrx_word' id='word_1_122' title='bbox 451 1511 638 1597; x_wconf 85' lang='lat' dir='ltr'>continetur,</span> <span class='ocrx_word' id='word_1_123' title='bbox 669 1518 720 1582; x_wconf 88' lang='lat' dir='ltr'>scd</span> <span class='ocrx_word' id='word_1_124' title='bbox 744 1519 883 1583; x_wconf 81' lang='lat' dir='ltr'>eximium</span> <span class='ocrx_word' id='word_1_125' title='bbox 904 1539 1011 1583; x_wconf 88' lang='lat' dir='ltr'>nomen</span> <span class='ocrx_word' id='word_1_126' title='bbox 1037 1517 1124 1580; x_wconf 89' lang='lat' dir='ltr'>babct</span> <span class='ocrx_word' id='word_1_127' title='bbox 1140 1527 1170 1580; x_wconf 92' lang='lat' dir='ltr'>et</span> <span class='ocrx_word' id='word_1_128' title='bbox 1185 1517 1287 1580; x_wconf 79' lang='lat' dir='ltr'>excel-</span> 
     </span>
     <span class='ocr_line' id='line_1_14' title="bbox 128 1618 1288 1706; baseline 0.002 -25"><span class='ocrx_word' id='word_1_129' title='bbox 128 1618 210 1695; x_wconf 87' lang='lat' dir='ltr'>lens,</span> <span class='ocrx_word' id='word_1_130' title='bbox 243 1618 445 1703; x_wconf 84' lang='lat' dir='ltr'>utipsnnrmet</span> <span class='ocrx_word' id='word_1_131' title='bbox 467 1621 574 1684; x_wconf 90' lang='lat' dir='ltr'>bonum</span> <span class='ocrx_word' id='word_1_132' title='bbox 600 1619 636 1682; x_wconf 90' lang='lat' dir='ltr'>ab</span> <span class='ocrx_word' id='word_1_133' title='bbox 655 1641 691 1683; x_wconf 85' lang='lat' dir='ltr'>eo</span> <span class='ocrx_word' id='word_1_134' title='bbox 715 1621 761 1704; x_wconf 89' lang='lat' dir='ltr'>qui</span> <span class='ocrx_word' id='word_1_135' title='bbox 785 1621 941 1705; x_wconf 86' lang='lat' dir='ltr'>ipsummet</span> <span class='ocrx_word' id='word_1_136' title='bbox 966 1620 1087 1706; x_wconf 89' lang='lat' dir='ltr'>perinde</span> <span class='ocrx_word' id='word_1_137' title='bbox 1108 1619 1216 1682; x_wconf 90' lang='lat' dir='ltr'>bonum</span> <span class='ocrx_word' id='word_1_138' title='bbox 1241 1629 1288 1683; x_wconf 98' lang='grc' dir='ltr'>εει</span> 
     </span>
     <span class='ocr_line' id='line_1_15' title="bbox 129 1721 1287 1808; baseline 0.001 -25"><span class='ocrx_word' id='word_1_139' title='bbox 129 1721 442 1807; x_wconf 83' lang='lat' dir='ltr'>protectumdicatnr,</span> <span class='ocrx_word' id='word_1_140' title='bbox 473 1743 614 1807; x_wconf 77' lang='lat' dir='ltr'>quaenam</span> <span class='ocrx_word' id='word_1_141' title='bbox 632 1743 700 1786; x_wconf 88' lang='lat' dir='ltr'>esse</span> <span class='ocrx_word' id='word_1_142' title='bbox 717 1733 813 1807; x_wconf 91' lang='lat' dir='ltr'>potest</span> <span class='ocrx_word' id='word_1_143' title='bbox 833 1744 897 1785; x_wconf 87' lang='lat' dir='ltr'>cum</span> <span class='ocrx_word' id='word_1_144' title='bbox 921 1723 957 1786; x_wconf 89' lang='lat' dir='ltr'>iis</span> <span class='ocrx_word' id='word_1_145' title='bbox 975 1743 1049 1807; x_wconf 88' lang='lat' dir='ltr'>quae</span> <span class='ocrx_word' id='word_1_146' title='bbox 1067 1721 1287 1808; x_wconf 83' lang='lat' dir='ltr'>oppositamcx</span> 
     </span>
     <span class='ocr_line' id='line_1_16' title="bbox 128 1821 1287 1908; baseline -0.002 -20"><span class='ocrx_word' id='word_1_147' title='bbox 128 1824 256 1888; x_wconf 88' lang='lat' dir='ltr'>adverso</span> <span class='ocrx_word' id='word_1_148' title='bbox 285 1823 478 1907; x_wconf 78' lang='lat' dir='ltr'>privationem</span> <span class='ocrx_word' id='word_1_149' title='bbox 503 1824 611 1888; x_wconf 89' lang='lat' dir='ltr'>babent</span> <span class='ocrx_word' id='word_1_150' title='bbox 637 1823 822 1888; x_wconf 72' lang='lat' dir='ltr'>commistio?</span> <span class='ocrx_word' id='word_1_151' title='bbox 876 1821 1104 1908; x_wconf 88' lang='lat' dir='ltr'>Supervacanea</span> <span class='ocrx_word' id='word_1_152' title='bbox 1130 1822 1287 1907; x_wconf 78' lang='lat' dir='ltr'>igiturest</span> 
     </span>
     <span class='ocr_line' id='line_1_17' title="bbox 129 1923 1287 2010; baseline -0.001 -20"><span class='ocrx_word' id='word_1_153' title='bbox 129 1925 211 1990; x_wconf 78' lang='lat' dir='ltr'>actii</span> <span class='ocrx_word' id='word_1_154' title='bbox 226 1925 419 2009; x_wconf 88' lang='lat' dir='ltr'>privationem</span> <span class='ocrx_word' id='word_1_155' title='bbox 443 1925 527 1988; x_wconf 90' lang='lat' dir='ltr'>uobis</span> <span class='ocrx_word' id='word_1_156' title='bbox 551 1926 718 1991; x_wconf 83' lang='lat' dir='ltr'>inreltcutis</span> <span class='ocrx_word' id='word_1_157' title='bbox 743 1925 849 1990; x_wconf 90' lang='lat' dir='ltr'>oratio.</span> <span class='ocrx_word' id='word_1_158' title='bbox 895 1923 973 1991; x_wconf 90' lang='lat' dir='ltr'>Nam</span> <span class='ocrx_word' id='word_1_159' title='bbox 994 1927 1143 2010; x_wconf 82' lang='lat' dir='ltr'>ingenitus</span> <span class='ocrx_word' id='word_1_160' title='bbox 1165 1926 1237 1988; x_wconf 85' lang='lat' dir='ltr'>deus</span> <span class='ocrx_word' id='word_1_161' title='bbox 1252 1946 1287 1989; x_wconf 88' lang='lat' dir='ltr'>ar</span> 
     </span>
     <span class='ocr_line' id='line_1_18' title="bbox 128 2026 1288 2113; baseline 0 -22"><span class='ocrx_word' id='word_1_162' title='bbox 128 2028 246 2113; x_wconf 76' lang='lat' dir='ltr'>genitus</span> <span class='ocrx_word' id='word_1_163' title='bbox 266 2027 342 2091; x_wconf 86' lang='lat' dir='ltr'>lilius</span> <span class='ocrx_word' id='word_1_164' title='bbox 361 2048 417 2090; x_wconf 92' lang='lat' dir='ltr'>non</span> <span class='ocrx_word' id='word_1_165' title='bbox 434 2047 474 2091; x_wconf 83' lang='lat' dir='ltr'>ex</span> <span class='ocrx_word' id='word_1_166' title='bbox 491 2038 655 2093; x_wconf 89' lang='lat' dir='ltr'>creatarum</span> <span class='ocrx_word' id='word_1_167' title='bbox 673 2050 770 2092; x_wconf 90' lang='lat' dir='ltr'>rerum</span> <span class='ocrx_word' id='word_1_168' title='bbox 786 2028 949 2112; x_wconf 91' lang='lat' dir='ltr'>privatione</span> <span class='ocrx_word' id='word_1_169' title='bbox 966 2028 1137 2112; x_wconf 82' lang='lat' dir='ltr'>dignitatem</span> <span class='ocrx_word' id='word_1_170' title='bbox 1154 2026 1288 2091; x_wconf 76' lang='lat' dir='ltr'>obtinent</span> 
     </span>
     <span class='ocr_line' id='line_1_19' title="bbox 89 2128 1287 2217; baseline 0.001 -25"><span class='ocrx_word' id='word_1_171' title='bbox 89 2186 92 2192; x_wconf 90' lang='lat'>.</span> <span class='ocrx_word' id='word_1_172' title='bbox 128 2150 229 2208; x_wconf 83' lang='lat' dir='ltr'>auam,</span> <span class='ocrx_word' id='word_1_173' title='bbox 261 2131 313 2194; x_wconf 88' lang='lat' dir='ltr'>sed</span> <span class='ocrx_word' id='word_1_174' title='bbox 334 2150 374 2192; x_wconf 80' lang='lat' dir='ltr'>cs</span> <span class='ocrx_word' id='word_1_175' title='bbox 393 2149 430 2192; x_wconf 89' lang='lat' dir='ltr'>eo</span> <span class='ocrx_word' id='word_1_176' title='bbox 449 2131 525 2214; x_wconf 91' lang='lat' dir='ltr'>qnod</span> <span class='ocrx_word' id='word_1_177' title='bbox 542 2142 648 2217; x_wconf 86' lang='lat' dir='ltr'>sponte</span> <span class='ocrx_word' id='word_1_178' title='bbox 666 2152 739 2210; x_wconf 90' lang='lat' dir='ltr'>sua,</span> <span class='ocrx_word' id='word_1_179' title='bbox 773 2132 977 2216; x_wconf 77' lang='lat' dir='ltr'>peculiariter,</span> <span class='ocrx_word' id='word_1_180' title='bbox 1011 2152 1047 2192; x_wconf 93' lang='lat' dir='ltr'>ac</span> <span class='ocrx_word' id='word_1_181' title='bbox 1064 2149 1200 2214; x_wconf 89' lang='lat' dir='ltr'>perscse</span> <span class='ocrx_word' id='word_1_182' title='bbox 1218 2128 1287 2193; x_wconf 88' lang='lat' dir='ltr'>sub·</span> 
     </span>
     <span class='ocr_line' id='line_1_20' title="bbox 127 2230 1288 2318; baseline 0.001 -23"><span class='ocrx_word' id='word_1_183' title='bbox 127 2233 252 2304; x_wconf 78' lang='lat' dir='ltr'>olentiae</span> <span class='ocrx_word' id='word_1_184' title='bbox 274 2252 346 2296; x_wconf 91' lang='lat' dir='ltr'>suae</span> <span class='ocrx_word' id='word_1_185' title='bbox 373 2231 576 2318; x_wconf 89' lang='lat' dir='ltr'>divinitatique</span> <span class='ocrx_word' id='word_1_186' title='bbox 601 2234 747 2318; x_wconf 85' lang='lat' dir='ltr'>congruit.</span> <span class='ocrx_word' id='word_1_187' title='bbox 803 2231 848 2296; x_wconf 90' lang='lat' dir='ltr'>lta</span> <span class='ocrx_word' id='word_1_188' title='bbox 874 2255 938 2297; x_wconf 91' lang='lat' dir='ltr'>cum</span> <span class='ocrx_word' id='word_1_189' title='bbox 963 2253 1073 2315; x_wconf 86' lang='lat' dir='ltr'>expers</span> <span class='ocrx_word' id='word_1_190' title='bbox 1096 2231 1158 2294; x_wconf 89' lang='lat' dir='ltr'>irae</span> <span class='ocrx_word' id='word_1_191' title='bbox 1181 2230 1288 2296; x_wconf 88' lang='lat' dir='ltr'>dicitur</span> 
     </span>
     <span class='ocr_line' id='line_1_21' title="bbox 126 2334 1353 2422; baseline 0 -24"><span class='ocrx_word' id='word_1_192' title='bbox 126 2335 218 2415; x_wconf 82' lang='lat' dir='ltr'>deus,</span> <span class='ocrx_word' id='word_1_193' title='bbox 252 2356 310 2398; x_wconf 91' lang='lat' dir='ltr'>non</span> <span class='ocrx_word' id='word_1_194' title='bbox 331 2334 358 2398; x_wconf 93' lang='lat' dir='ltr'>id</span> <span class='ocrx_word' id='word_1_195' title='bbox 379 2334 414 2399; x_wconf 89' lang='lat' dir='ltr'>ab</span> <span class='ocrx_word' id='word_1_196' title='bbox 438 2335 482 2400; x_wconf 91' lang='lat' dir='ltr'>ira</span> <span class='ocrx_word' id='word_1_197' title='bbox 499 2335 570 2420; x_wconf 18' lang='lat' dir='ltr'>ipsas</span> <span class='ocrx_word' id='word_1_198' title='bbox 585 2337 709 2422; x_wconf 89' lang='lat' dir='ltr'>petitur,</span> <span class='ocrx_word' id='word_1_199' title='bbox 741 2335 996 2419; x_wconf 84' lang='lat' dir='ltr'>sedcxeoquod</span> <span class='ocrx_word' id='word_1_200' title='bbox 1017 2334 1287 2419; x_wconf 82' lang='lat' dir='ltr'>irnperseseva-</span> <span class='ocrx_word' id='word_1_201' title='bbox 1346 2352 1353 2363; x_wconf 69' lang='lat'>¹</span> 
     </span>
     <span class='ocr_line' id='line_1_22' title="bbox 125 2433 1287 2525; baseline -0.001 -24"><span class='ocrx_word' id='word_1_202' title='bbox 125 2448 185 2502; x_wconf 88' lang='lat' dir='ltr'>cat.</span> <span class='ocrx_word' id='word_1_203' title='bbox 220 2433 285 2503; x_wconf 85' lang='lat' dir='ltr'>&#39;Sic</span> <span class='ocrx_word' id='word_1_204' title='bbox 312 2437 399 2501; x_wconf 89' lang='lat' dir='ltr'>etiarn</span> <span class='ocrx_word' id='word_1_205' title='bbox 422 2436 572 2522; x_wconf 80' lang='lat' dir='ltr'>ingenitus</span> <span class='ocrx_word' id='word_1_206' title='bbox 595 2439 775 2525; x_wconf 89' lang='lat' dir='ltr'>appellatur,</span> <span class='ocrx_word' id='word_1_207' title='bbox 810 2439 885 2520; x_wconf 90' lang='lat' dir='ltr'>quod</span> <span class='ocrx_word' id='word_1_208' title='bbox 906 2434 1187 2521; x_wconf 88' lang='lat' dir='ltr'>existataseipso‚</span> <span class='ocrx_word' id='word_1_209' title='bbox 1218 2437 1287 2500; x_wconf 86' lang='lat' dir='ltr'>licet</span> 
     </span>
     <span class='ocr_line' id='line_1_23' title="bbox 126 2536 1287 2625; baseline -0.005 -20"><span class='ocrx_word' id='word_1_210' title='bbox 126 2539 281 2605; x_wconf 88' lang='lat' dir='ltr'>abeodem</span> <span class='ocrx_word' id='word_1_211' title='bbox 305 2539 436 2624; x_wconf 75' lang='lat' dir='ltr'>ingenito</span> <span class='ocrx_word' id='word_1_212' title='bbox 457 2541 534 2606; x_wconf 89' lang='lat' dir='ltr'>blius</span> <span class='ocrx_word' id='word_1_213' title='bbox 558 2543 597 2606; x_wconf 85' lang='lat' dir='ltr'>sit</span> <span class='ocrx_word' id='word_1_214' title='bbox 618 2542 681 2625; x_wconf 88' lang='lat' dir='ltr'>ipse</span> <span class='ocrx_word' id='word_1_215' title='bbox 701 2540 831 2623; x_wconf 81' lang='lat' dir='ltr'>genitus.</span> <span class='ocrx_word' id='word_1_216' title='bbox 879 2536 979 2624; x_wconf 90' lang='lat' dir='ltr'>ltaque</span> <span class='ocrx_word' id='word_1_217' title='bbox 1002 2540 1112 2602; x_wconf 86' lang='lat' dir='ltr'>trustra</span> <span class='ocrx_word' id='word_1_218' title='bbox 1137 2548 1183 2602; x_wconf 89' lang='lat' dir='ltr'>est</span> <span class='ocrx_word' id='word_1_219' title='bbox 1199 2559 1287 2623; x_wconf 91' lang='lat' dir='ltr'>appo-</span> 
     </span>
     <span class='ocr_line' id='line_1_24' title="bbox 127 2640 1287 2727; baseline 0 -23"><span class='ocrx_word' id='word_1_220' title='bbox 127 2641 183 2704; x_wconf 87' lang='lat' dir='ltr'>sita</span> <span class='ocrx_word' id='word_1_221' title='bbox 198 2640 245 2704; x_wconf 85' lang='lat' dir='ltr'>illa</span> <span class='ocrx_word' id='word_1_222' title='bbox 264 2641 407 2705; x_wconf 85' lang='lat' dir='ltr'>vocabulo</span> <span class='ocrx_word' id='word_1_223' title='bbox 433 2645 569 2727; x_wconf 80' lang='lat' dir='ltr'>negatio,</span> <span class='ocrx_word' id='word_1_224' title='bbox 603 2665 669 2707; x_wconf 91' lang='lat' dir='ltr'>cum</span> <span class='ocrx_word' id='word_1_225' title='bbox 688 2642 724 2705; x_wconf 88' lang='lat' dir='ltr'>ad</span> <span class='ocrx_word' id='word_1_226' title='bbox 743 2662 809 2705; x_wconf 89' lang='lat' dir='ltr'>euru</span> <span class='ocrx_word' id='word_1_227' title='bbox 828 2644 1007 2706; x_wconf 80' lang='lat' dir='ltr'>transfertur</span> <span class='ocrx_word' id='word_1_228' title='bbox 1029 2641 1159 2726; x_wconf 90' lang='lat' dir='ltr'>quicum</span> <span class='ocrx_word' id='word_1_229' title='bbox 1178 2641 1287 2704; x_wconf 88' lang='lat' dir='ltr'>ceteris</span> 
     </span>
     <span class='ocr_line' id='line_1_25' title="bbox 129 2742 1288 2830; baseline 0.001 -26"><span class='ocrx_word' id='word_1_230' title='bbox 129 2742 176 2805; x_wconf 90' lang='lat' dir='ltr'>vel</span> <span class='ocrx_word' id='word_1_231' title='bbox 195 2763 234 2805; x_wconf 82' lang='lat' dir='ltr'>cx</span> <span class='ocrx_word' id='word_1_232' title='bbox 252 2742 344 2826; x_wconf 83' lang='lat' dir='ltr'>ipsius</span> <span class='ocrx_word' id='word_1_233' title='bbox 360 2743 408 2826; x_wconf 89' lang='lat' dir='ltr'>qui</span> <span class='ocrx_word' id='word_1_234' title='bbox 427 2746 605 2810; x_wconf 86' lang='lat' dir='ltr'>mentionem</span> <span class='ocrx_word' id='word_1_235' title='bbox 625 2744 709 2808; x_wconf 82' lang='lat' dir='ltr'>liuius</span> <span class='ocrx_word' id='word_1_236' title='bbox 734 2744 802 2806; x_wconf 87' lang='lat' dir='ltr'>lecit</span> <span class='ocrx_word' id='word_1_237' title='bbox 819 2743 956 2829; x_wconf 91' lang='lat' dir='ltr'>opinione</span> <span class='ocrx_word' id='word_1_238' title='bbox 979 2743 1142 2830; x_wconf 78' lang='lat' dir='ltr'>oocuparari</span> <span class='ocrx_word' id='word_1_239' title='bbox 1160 2763 1218 2806; x_wconf 91' lang='lat' dir='ltr'>nou</span> <span class='ocrx_word' id='word_1_240' title='bbox 1237 2763 1288 2825; x_wconf 91' lang='lat' dir='ltr'>po·</span> 
     </span>
     <span class='ocr_line' id='line_1_26' title="bbox 128 2839 1287 2930; baseline 0.002 -26"><span class='ocrx_word' id='word_1_241' title='bbox 128 2851 198 2906; x_wconf 89' lang='lat' dir='ltr'>test.</span> <span class='ocrx_word' id='word_1_242' title='bbox 232 2839 304 2906; x_wconf 87' lang='lat' dir='ltr'>Non</span> <span class='ocrx_word' id='word_1_243' title='bbox 323 2845 400 2907; x_wconf 88' lang='lat' dir='ltr'>euim</span> <span class='ocrx_word' id='word_1_244' title='bbox 415 2853 518 2910; x_wconf 87' lang='lat' dir='ltr'>&#39;cetera</span> <span class='ocrx_word' id='word_1_245' title='bbox 534 2845 692 2930; x_wconf 80' lang='lat' dir='ltr'>adaequari</span> <span class='ocrx_word' id='word_1_246' title='bbox 709 2866 773 2908; x_wconf 84' lang='lat' dir='ltr'>cum</span> <span class='ocrx_word' id='word_1_247' title='bbox 789 2846 890 2930; x_wconf 85' lang='lat' dir='ltr'>genito</span> <span class='ocrx_word' id='word_1_248' title='bbox 908 2857 1042 2930; x_wconf 88' lang='lat' dir='ltr'>possunt,</span> <span class='ocrx_word' id='word_1_249' title='bbox 1067 2867 1121 2909; x_wconf 87' lang='lat' dir='ltr'>nee</span> <span class='ocrx_word' id='word_1_250' title='bbox 1139 2844 1287 2928; x_wconf 78' lang='lat' dir='ltr'>ingenitus</span> 
     </span>
     <span class='ocr_line' id='line_1_27' title="bbox 129 2945 1287 3032; baseline 0.001 -24"><span class='ocrx_word' id='word_1_251' title='bbox 129 2963 213 3008; x_wconf 81' lang='lat' dir='ltr'>suam</span> <span class='ocrx_word' id='word_1_252' title='bbox 230 2964 296 3007; x_wconf 90' lang='lat' dir='ltr'>cum</span> <span class='ocrx_word' id='word_1_253' title='bbox 315 2945 424 3010; x_wconf 87' lang='lat' dir='ltr'>creatis</span> <span class='ocrx_word' id='word_1_254' title='bbox 451 2947 540 3010; x_wconf 87' lang='lat' dir='ltr'>rebus</span> <span class='ocrx_word' id='word_1_255' title='bbox 562 2946 755 3011; x_wconf 82' lang='lat' dir='ltr'>substantiam</span> <span class='ocrx_word' id='word_1_256' title='bbox 781 2946 989 3012; x_wconf 89' lang='lat' dir='ltr'>communicat.</span> <span class='ocrx_word' id='word_1_257' title='bbox 1034 2946 1122 3032; x_wconf 86' lang='lat' dir='ltr'>Quod</span> <span class='ocrx_word' id='word_1_258' title='bbox 1146 2968 1205 3010; x_wconf 88' lang='lat' dir='ltr'>non</span> <span class='ocrx_word' id='word_1_259' title='bbox 1228 2946 1287 3010; x_wconf 88' lang='lat' dir='ltr'>ulla</span> 
     </span>
     <span class='ocr_line' id='line_1_28' title="bbox 129 3045 1286 3135; baseline 0.005 -28"><span class='ocrx_word' id='word_1_260' title='bbox 129 3045 329 3132; x_wconf 83' lang='lat' dir='ltr'>praepotentis</span> <span class='ocrx_word' id='word_1_261' title='bbox 353 3045 554 3113; x_wconf 77' lang='lat' dir='ltr'>imbecillitate</span> <span class='ocrx_word' id='word_1_262' title='bbox 573 3047 636 3115; x_wconf 87' lang='lat' dir='ltr'>beri</span> <span class='ocrx_word' id='word_1_263' title='bbox 658 3050 816 3135; x_wconf 86' lang='lat' dir='ltr'>putandum</span> <span class='ocrx_word' id='word_1_264' title='bbox 837 3061 901 3130; x_wconf 88' lang='grc' dir='ltr'><strong>εει,</strong></span> <span class='ocrx_word' id='word_1_265' title='bbox 933 3050 986 3113; x_wconf 85' lang='lat' dir='ltr'>sed</span> <span class='ocrx_word' id='word_1_266' title='bbox 1003 3070 1039 3113; x_wconf 92' lang='lat' dir='ltr'>eo</span> <span class='ocrx_word' id='word_1_267' title='bbox 1053 3049 1191 3115; x_wconf 86' lang='lat' dir='ltr'>videlicet</span> <span class='ocrx_word' id='word_1_268' title='bbox 1209 3051 1286 3134; x_wconf 90' lang='lat' dir='ltr'>quod</span> 
     </span>
     <span class='ocr_line' id='line_1_29' title="bbox 128 3146 1286 3236; baseline 0.006 -25"><span class='ocrx_word' id='word_1_269' title='bbox 128 3146 274 3211; x_wconf 92' lang='lat' dir='ltr'>imbecilla</span> <span class='ocrx_word' id='word_1_270' title='bbox 291 3157 390 3211; x_wconf 88' lang='lat' dir='ltr'>cetera</span> <span class='ocrx_word' id='word_1_271' title='bbox 408 3149 442 3212; x_wconf 86' lang='lat' dir='ltr'>ad</span> <span class='ocrx_word' id='word_1_272' title='bbox 460 3160 681 3236; x_wconf 81' lang='lat' dir='ltr'>praepotentem</span> <span class='ocrx_word' id='word_1_273' title='bbox 698 3172 790 3235; x_wconf 90' lang='lat' dir='ltr'>usque</span> <span class='ocrx_word' id='word_1_274' title='bbox 805 3151 926 3236; x_wconf 90' lang='lat' dir='ltr'>provebi</span> <span class='ocrx_word' id='word_1_275' title='bbox 945 3163 1110 3236; x_wconf 85' lang='lat' dir='ltr'>nequeant,</span> <span class='ocrx_word' id='word_1_276' title='bbox 1143 3151 1180 3216; x_wconf 91' lang='lat' dir='ltr'>ob</span> <span class='ocrx_word' id='word_1_277' title='bbox 1200 3152 1286 3218; x_wconf 85' lang='lat' dir='ltr'>unius</span> 
     </span>
     <span class='ocr_line' id='line_1_30' title="bbox 130 3247 1286 3340; baseline 0.003 -25"><span class='ocrx_word' id='word_1_278' title='bbox 130 3251 176 3315; x_wconf 90' lang='lat' dir='ltr'>dei</span> <span class='ocrx_word' id='word_1_279' title='bbox 195 3260 225 3313; x_wconf 88' lang='lat' dir='ltr'>et</span> <span class='ocrx_word' id='word_1_280' title='bbox 243 3247 278 3311; x_wconf 88' lang='lat' dir='ltr'>ab</span> <span class='ocrx_word' id='word_1_281' title='bbox 295 3247 359 3334; x_wconf 86' lang='lat' dir='ltr'>ipso</span> <span class='ocrx_word' id='word_1_282' title='bbox 376 3252 563 3334; x_wconf 89' lang='lat' dir='ltr'>procedentis</span> <span class='ocrx_word' id='word_1_283' title='bbox 581 3252 726 3337; x_wconf 83' lang='lat' dir='ltr'>unigeniti</span> <span class='ocrx_word' id='word_1_284' title='bbox 752 3254 800 3316; x_wconf 89' lang='lat' dir='ltr'>lilii</span> <span class='ocrx_word' id='word_1_285' title='bbox 826 3276 891 3318; x_wconf 90' lang='lat' dir='ltr'>cum</span> <span class='ocrx_word' id='word_1_286' title='bbox 912 3254 1016 3340; x_wconf 92' lang='lat' dir='ltr'>spiritu</span> <span class='ocrx_word' id='word_1_287' title='bbox 1036 3265 1140 3319; x_wconf 89' lang='lat' dir='ltr'>saneto</span> <span class='ocrx_word' id='word_1_288' title='bbox 1157 3255 1286 3339; x_wconf 81' lang='lat' dir='ltr'>singula·</span> 
     </span>
     <span class='ocr_line' id='line_1_31' title="bbox 129 3351 700 3439; baseline 0.004 -23"><span class='ocrx_word' id='word_1_289' title='bbox 129 3373 192 3416; x_wconf 87' lang='lat' dir='ltr'>rem</span> <span class='ocrx_word' id='word_1_290' title='bbox 215 3351 398 3415; x_wconf 86' lang='lat' dir='ltr'>maiestatem</span> <span class='ocrx_word' id='word_1_291' title='bbox 422 3374 457 3416; x_wconf 90' lang='lat' dir='ltr'>ac</span> <span class='ocrx_word' id='word_1_292' title='bbox 478 3353 700 3439; x_wconf 86' lang='lat' dir='ltr'>praestantiam.</span> 
     </span>
    </p>

    <p class='ocr_par' dir='ltr' id='par_1_7' title="bbox 52 3449 1353 4152">
     <span class='ocr_line' id='line_1_32' title="bbox 215 3449 1285 3542; baseline 0.001 -25"><span class='ocrx_word' id='word_1_293' title='bbox 215 3453 296 3518; x_wconf 77' lang='lat' dir='ltr'>Aelii</span> <span class='ocrx_word' id='word_1_294' title='bbox 313 3449 411 3538; x_wconf 85' lang='lat' dir='ltr'>Caput</span> <span class='ocrx_word' id='word_1_295' title='bbox 426 3451 502 3518; x_wconf 82' lang='lat' dir='ltr'>XX.</span> <span class='ocrx_word' id='word_1_296' title='bbox 537 3451 612 3520; x_wconf 88' lang='lat' dir='ltr'>Cum</span> <span class='ocrx_word' id='word_1_297' title='bbox 631 3457 811 3542; x_wconf 85' lang='lat' dir='ltr'>privationes</span> <span class='ocrx_word' id='word_1_298' title='bbox 828 3459 992 3524; x_wconf 88' lang='lat' dir='ltr'>ablationes</span> <span class='ocrx_word' id='word_1_299' title='bbox 1010 3460 1070 3524; x_wconf 88' lang='lat' dir='ltr'>sint</span> <span class='ocrx_word' id='word_1_300' title='bbox 1084 3456 1285 3536; x_wconf 85' lang='lat' dir='ltr'>allectionem,</span> 
     </span>
     <span class='ocr_line' id='line_1_33' title="bbox 131 3556 1287 3647; baseline 0 -27"><span class='ocrx_word' id='word_1_301' title='bbox 131 3558 206 3640; x_wconf 91' lang='lat' dir='ltr'>quod</span> <span class='ocrx_word' id='word_1_302' title='bbox 226 3557 257 3619; x_wconf 91' lang='lat' dir='ltr'>in</span> <span class='ocrx_word' id='word_1_303' title='bbox 274 3557 329 3619; x_wconf 93' lang='lat' dir='ltr'>deo</span> <span class='ocrx_word' id='word_1_304' title='bbox 348 3567 394 3620; x_wconf 89' lang='lat' dir='ltr'>est</span> <span class='ocrx_word' id='word_1_305' title='bbox 409 3556 590 3640; x_wconf 82' lang='lat' dir='ltr'>ingenitum,</span> <span class='ocrx_word' id='word_1_306' title='bbox 614 3558 663 3621; x_wconf 90' lang='lat' dir='ltr'>vel</span> <span class='ocrx_word' id='word_1_307' title='bbox 680 3559 846 3624; x_wconf 83' lang='lat' dir='ltr'>allectionis</span> <span class='ocrx_word' id='word_1_308' title='bbox 863 3561 989 3647; x_wconf 87' lang='lat' dir='ltr'>privatio</span> <span class='ocrx_word' id='word_1_309' title='bbox 1006 3572 1068 3641; x_wconf 82' lang='lat' dir='ltr'>est,</span> <span class='ocrx_word' id='word_1_310' title='bbox 1102 3560 1150 3623; x_wconf 93' lang='lat' dir='ltr'>vel</span> <span class='ocrx_word' id='word_1_311' title='bbox 1169 3560 1287 3622; x_wconf 85' lang='lat' dir='ltr'>allectio</span> 
     </span>
     <span class='ocr_line' id='line_1_34' title="bbox 130 3656 1287 3747; baseline 0 -25"><span class='ocrx_word' id='word_1_312' title='bbox 130 3656 288 3744; x_wconf 87' lang='lat' dir='ltr'>privationi</span> <span class='ocrx_word' id='word_1_313' title='bbox 310 3658 470 3721; x_wconf 76' lang='lat' dir='ltr'>contraria.</span> <span class='ocrx_word' id='word_1_314' title='bbox 525 3659 616 3742; x_wconf 80' lang='lat' dir='ltr'>lgitur</span> <span class='ocrx_word' id='word_1_315' title='bbox 633 3658 659 3722; x_wconf 93' lang='lat' dir='ltr'>si</span> <span class='ocrx_word' id='word_1_316' title='bbox 677 3659 841 3725; x_wconf 84' lang='lat' dir='ltr'>allectionis</span> <span class='ocrx_word' id='word_1_317' title='bbox 860 3663 985 3747; x_wconf 87' lang='lat' dir='ltr'>privatio</span> <span class='ocrx_word' id='word_1_318' title='bbox 1007 3674 1069 3741; x_wconf 90' lang='lat' dir='ltr'>est,</span> <span class='ocrx_word' id='word_1_319' title='bbox 1093 3661 1238 3745; x_wconf 88' lang='lat' dir='ltr'>quomodo</span> <span class='ocrx_word' id='word_1_320' title='bbox 1258 3659 1287 3723; x_wconf 92' lang='lat' dir='ltr'>id</span> 
     </span>
     <span class='ocr_line' id='line_1_35' title="bbox 130 3759 1286 3846; baseline -0.001 -21"><span class='ocrx_word' id='word_1_321' title='bbox 130 3761 207 3846; x_wconf 86' lang='lat' dir='ltr'>quod</span> <span class='ocrx_word' id='word_1_322' title='bbox 225 3782 284 3826; x_wconf 92' lang='lat' dir='ltr'>non</span> <span class='ocrx_word' id='word_1_323' title='bbox 298 3759 378 3824; x_wconf 88' lang='lat' dir='ltr'>inest</span> <span class='ocrx_word' id='word_1_324' title='bbox 394 3762 450 3826; x_wconf 92' lang='lat' dir='ltr'>deo</span> <span class='ocrx_word' id='word_1_325' title='bbox 468 3771 605 3844; x_wconf 86' lang='lat' dir='ltr'>tauquam</span> <span class='ocrx_word' id='word_1_326' title='bbox 624 3759 695 3824; x_wconf 86' lang='lat' dir='ltr'>insit</span> <span class='ocrx_word' id='word_1_327' title='bbox 712 3761 868 3826; x_wconf 85' lang='lat' dir='ltr'>tribuitur?</span> <span class='ocrx_word' id='word_1_328' title='bbox 911 3764 953 3827; x_wconf 82' lang='lat' dir='ltr'>m</span> <span class='ocrx_word' id='word_1_329' title='bbox 967 3765 992 3829; x_wconf 90' lang='lat' dir='ltr'>si</span> <span class='ocrx_word' id='word_1_330' title='bbox 1010 3763 1127 3827; x_wconf 86' lang='lat' dir='ltr'>allectio</span> <span class='ocrx_word' id='word_1_331' title='bbox 1146 3762 1286 3845; x_wconf 88' lang='lat' dir='ltr'>quaedam</span> 
     </span>
     <span class='ocr_line' id='line_1_36' title="bbox 52 3861 1287 3948; baseline -0.001 -21"><span class='ocrx_word' id='word_1_332' title='bbox 52 3905 55 3910; x_wconf 93' lang='lat'><em>-</em></span> <span class='ocrx_word' id='word_1_333' title='bbox 130 3874 177 3928; x_wconf 86' lang='lat' dir='ltr'>cst</span> <span class='ocrx_word' id='word_1_334' title='bbox 200 3864 380 3948; x_wconf 84' lang='lat' dir='ltr'>ingenitum,</span> <span class='ocrx_word' id='word_1_335' title='bbox 413 3863 542 3948; x_wconf 85' lang='lat' dir='ltr'>genitam</span> <span class='ocrx_word' id='word_1_336' title='bbox 565 3861 758 3936; x_wconf 85' lang='lat' dir='ltr'>substantiam</span> <span class='ocrx_word' id='word_1_337' title='bbox 785 3863 917 3928; x_wconf 82' lang='lat' dir='ltr'>existere</span> <span class='ocrx_word' id='word_1_338' title='bbox 940 3877 1027 3943; x_wconf 89' lang='lat' dir='ltr'>ante,</span> <span class='ocrx_word' id='word_1_339' title='bbox 1061 3887 1095 3930; x_wconf 91' lang='lat' dir='ltr'>ac</span> <span class='ocrx_word' id='word_1_340' title='bbox 1114 3866 1194 3928; x_wconf 88' lang='lat' dir='ltr'>velut</span> <span class='ocrx_word' id='word_1_341' title='bbox 1218 3862 1287 3927; x_wconf 90' lang='lat' dir='ltr'>sub·</span> 
     </span>
     <span class='ocr_line' id='line_1_37' title="bbox 130 3962 1288 4050; baseline -0.001 -19"><span class='ocrx_word' id='word_1_342' title='bbox 130 3967 224 4031; x_wconf 83' lang='lat' dir='ltr'>sterni</span> <span class='ocrx_word' id='word_1_343' title='bbox 242 3986 366 4031; x_wconf 88' lang='lat' dir='ltr'>neccsse</span> <span class='ocrx_word' id='word_1_344' title='bbox 381 3979 444 4044; x_wconf 90' lang='grc' dir='ltr'><strong>εει,</strong></span> <span class='ocrx_word' id='word_1_345' title='bbox 477 3978 508 4031; x_wconf 89' lang='lat' dir='ltr'>ut</span> <span class='ocrx_word' id='word_1_346' title='bbox 524 3965 681 4029; x_wconf 86' lang='lat' dir='ltr'>allectione</span> <span class='ocrx_word' id='word_1_347' title='bbox 699 3962 747 4026; x_wconf 91' lang='lat' dir='ltr'>illa</span> <span class='ocrx_word' id='word_1_348' title='bbox 766 3966 884 4028; x_wconf 88' lang='lat' dir='ltr'>adeam</span> <span class='ocrx_word' id='word_1_349' title='bbox 903 3968 1062 4030; x_wconf 85' lang='lat' dir='ltr'>accedente</span> <span class='ocrx_word' id='word_1_350' title='bbox 1086 3964 1216 4050; x_wconf 82' lang='lat' dir='ltr'>ingenita</span> <span class='ocrx_word' id='word_1_351' title='bbox 1235 3988 1288 4030; x_wconf 91' lang='lat' dir='ltr'>no·</span> 
     </span>
     <span class='ocr_line' id='line_1_38' title="bbox 129 4065 1353 4152; baseline 0 -20"><span class='ocrx_word' id='word_1_352' title='bbox 129 4069 269 4134; x_wconf 88' lang='lat' dir='ltr'>minetur.</span> <span class='ocrx_word' id='word_1_353' title='bbox 316 4065 349 4132; x_wconf 90' lang='lat' dir='ltr'>Si</span> <span class='ocrx_word' id='word_1_354' title='bbox 374 4089 447 4142; x_wconf 89' lang='lat' dir='ltr'>vero</span> <span class='ocrx_word' id='word_1_355' title='bbox 469 4068 568 4152; x_wconf 85' lang='lat' dir='ltr'>genita</span> <span class='ocrx_word' id='word_1_356' title='bbox 594 4065 758 4131; x_wconf 86' lang='lat' dir='ltr'>substantia</span> <span class='ocrx_word' id='word_1_357' title='bbox 782 4065 931 4149; x_wconf 86' lang='lat' dir='ltr'>ingenitae</span> <span class='ocrx_word' id='word_1_358' title='bbox 948 4069 1092 4152; x_wconf 86' lang='lat' dir='ltr'>particeps</span> <span class='ocrx_word' id='word_1_359' title='bbox 1114 4067 1186 4145; x_wconf 85' lang='lat' dir='ltr'>luit,</span> <span class='ocrx_word' id='word_1_360' title='bbox 1217 4067 1288 4132; x_wconf 83' lang='lat' dir='ltr'>affe·</span> <span class='ocrx_word' id='word_1_361' title='bbox 1352 4093 1353 4096; x_wconf 44' lang='lat'>¹</span> 
     </span>
    </p>
   </div>
   <div class='ocr_carea' id='block_1_7' title="bbox 132 4227 1288 4577">
    <p class='ocr_par' dir='ltr' id='par_1_8' title="bbox 132 4227 1288 4577">
     <span class='ocr_line' id='line_1_39' title="bbox 167 4227 1288 4306; baseline 0 -16"><span class='ocrx_word' id='word_1_362' title='bbox 167 4239 206 4290; x_wconf 78' lang='lat'>12.</span> <span class='ocrx_word' id='word_1_363' title='bbox 224 4241 289 4290; x_wconf 76' lang='lat' dir='ltr'>Libri</span> <span class='ocrx_word' id='word_1_364' title='bbox 305 4241 389 4290; x_wconf 79' lang='lat' dir='ltr'>babent</span> <span class='ocrx_word' id='word_1_365' title='bbox 406 4234 589 4306; x_wconf 74' lang='grc' dir='ltr'><strong>αὖτογέννητον.</strong></span> <span class='ocrx_word' id='word_1_366' title='bbox 727 4233 819 4299; x_wconf 73' lang='grc' dir='ltr'><strong>ἕξεως,</strong></span> <span class='ocrx_word' id='word_1_367' title='bbox 837 4227 856 4302; x_wconf 79' lang='grc' dir='ltr'>ἦ</span> <span class='ocrx_word' id='word_1_368' title='bbox 874 4234 924 4300; x_wconf 70' lang='grc' dir='ltr'>ἕξις</span> <span class='ocrx_word' id='word_1_369' title='bbox 939 4235 1091 4304; x_wconf 76' lang='grc' dir='ltr'><strong>στερήσεως.</strong></span> <span class='ocrx_word' id='word_1_370' title='bbox 1125 4232 1192 4290; x_wconf 79' lang='lat' dir='ltr'>’All&#39;</span> <span class='ocrx_word' id='word_1_371' title='bbox 1205 4237 1228 4291; x_wconf 81' lang='lat' dir='ltr'>sl</span> <span class='ocrx_word' id='word_1_372' title='bbox 1242 4237 1288 4304; x_wconf 79' lang='grc' dir='ltr'>μιν</span> 
     </span>
     <span class='ocr_line' id='line_1_40' title="bbox 168 4298 1287 4371; baseline 0.003 -16"><span class='ocrx_word' id='word_1_373' title='bbox 168 4306 189 4355; x_wconf 90' lang='lat' dir='ltr'>t.</span> <span class='ocrx_word' id='word_1_374' title='bbox 204 4308 255 4360; x_wconf 81' lang='grc' dir='ltr'>τῶν</span> <span class='ocrx_word' id='word_1_375' title='bbox 269 4310 333 4358; x_wconf 82' lang='lat' dir='ltr'>obeat</span> <span class='ocrx_word' id='word_1_376' title='bbox 346 4322 428 4371; x_wconf 83' lang='lat' dir='ltr'>cupro,</span> <span class='ocrx_word' id='word_1_377' title='bbox 444 4310 529 4359; x_wconf 81' lang='lat' dir='ltr'>inserto</span> <span class='ocrx_word' id='word_1_378' title='bbox 543 4298 693 4369; x_wconf 66' lang='lat' dir='ltr'>advovocat</span> <span class='ocrx_word' id='word_1_379' title='bbox 728 4302 847 4370; x_wconf 74' lang='grc' dir='ltr'>στέρησις</span> <span class='ocrx_word' id='word_1_380' title='bbox 868 4302 950 4364; x_wconf 78' lang='grc' dir='ltr'><strong>ἐστιν,</strong></span> <span class='ocrx_word' id='word_1_381' title='bbox 975 4320 1035 4369; x_wconf 80' lang='lat' dir='ltr'>quoe</span> <span class='ocrx_word' id='word_1_382' title='bbox 1046 4308 1157 4358; x_wconf 83' lang='lat' dir='ltr'>Pctovtns</span> <span class='ocrx_word' id='word_1_383' title='bbox 1174 4320 1203 4357; x_wconf 78' lang='lat' dir='ltr'>ee</span> <span class='ocrx_word' id='word_1_384' title='bbox 1218 4321 1287 4370; x_wconf 82' lang='lat' dir='ltr'>supe·</span> 
     </span>
     <span class='ocr_line' id='line_1_41' title="bbox 134 4368 964 4436; baseline -0.002 -11"><span class='ocrx_word' id='word_1_385' title='bbox 134 4368 218 4434; x_wconf 64' lang='grc' dir='ltr'><strong>ιξιων.</strong></span> <span class='ocrx_word' id='word_1_386' title='bbox 725 4376 827 4424; x_wconf 80' lang='lat' dir='ltr'>rtortom</span> <span class='ocrx_word' id='word_1_387' title='bbox 841 4376 964 4436; x_wconf 79' lang='lat' dir='ltr'>suppleuit.</span> 
     </span>
     <span class='ocr_line' id='line_1_42' title="bbox 165 4435 1122 4508; baseline 0 -16"><span class='ocrx_word' id='word_1_388' title='bbox 165 4439 189 4491; x_wconf 79' lang='lat'>2.</span> <span class='ocrx_word' id='word_1_389' title='bbox 208 4443 287 4507; x_wconf 79' lang='lat' dir='ltr'>Supra</span> <span class='ocrx_word' id='word_1_390' title='bbox 304 4447 374 4508; x_wconf 80' lang='lat' dir='ltr'>culpo</span> <span class='ocrx_word' id='word_1_391' title='bbox 391 4441 475 4506; x_wconf 75' lang='grc' dir='ltr'><strong>ἕξεων.</strong></span> <span class='ocrx_word' id='word_1_392' title='bbox 509 4446 535 4494; x_wconf 88' lang='lat' dir='ltr'>ln</span> <span class='ocrx_word' id='word_1_393' title='bbox 550 4444 617 4495; x_wconf 88' lang='lat' dir='ltr'>codd.</span> <span class='ocrx_word' id='word_1_394' title='bbox 638 4457 693 4493; x_wconf 78' lang='lat' dir='ltr'>mer.</span> <span class='ocrx_word' id='word_1_395' title='bbox 761 4440 785 4490; x_wconf 84' lang='grc'>3.</span> <span class='ocrx_word' id='word_1_396' title='bbox 803 4435 840 4500; x_wconf 70' lang='lat' dir='ltr'>oie</span> <span class='ocrx_word' id='word_1_397' title='bbox 855 4438 945 4508; x_wconf 77' lang='grc' dir='ltr'><strong>προςὸν</strong></span> <span class='ocrx_word' id='word_1_398' title='bbox 961 4444 1025 4492; x_wconf 79' lang='lat' dir='ltr'>obest</span> <span class='ocrx_word' id='word_1_399' title='bbox 1041 4457 1122 4506; x_wconf 83' lang='lat' dir='ltr'>cupro.</span> 
     </span>
     <span class='ocr_line' id='line_1_43' title="bbox 132 4504 1044 4577; baseline 0.003 -18"><span class='ocrx_word' id='word_1_400' title='bbox 132 4512 154 4559; x_wconf 84' lang='grc' dir='ltr'><strong>ει</strong></span> <span class='ocrx_word' id='word_1_401' title='bbox 185 4510 211 4560; x_wconf 82' lang='lat' dir='ltr'>tn</span> <span class='ocrx_word' id='word_1_402' title='bbox 242 4511 295 4563; x_wconf 73' lang='lat' dir='ltr'>edit.</span> <span class='ocrx_word' id='word_1_403' title='bbox 321 4516 399 4576; x_wconf 76' lang='lat' dir='ltr'>princ</span> <span class='ocrx_word' id='word_1_404' title='bbox 427 4514 591 4564; x_wconf 79' lang='lat' dir='ltr'>desiderantur</span> <span class='ocrx_word' id='word_1_405' title='bbox 621 4512 694 4562; x_wconf 81' lang='lat' dir='ltr'>verbo</span> <span class='ocrx_word' id='word_1_406' title='bbox 761 4504 786 4560; x_wconf 81' lang='lat' dir='ltr'>l.</span> <span class='ocrx_word' id='word_1_407' title='bbox 803 4505 821 4575; x_wconf 72' lang='grc' dir='ltr'>εἰ</span> <span class='ocrx_word' id='word_1_408' title='bbox 838 4506 944 4577; x_wconf 72' lang='lat' dir='ltr'>paranni</span> <span class='ocrx_word' id='word_1_409' title='bbox 961 4525 1044 4574; x_wconf 73' lang='lat' dir='ltr'>cupro</span> 
     </span>
    </p>
   </div>
   <div class='ocr_carea' id='block_1_8' title="bbox 1009 4597 1082 4664">
    <p class='ocr_par' dir='ltr' id='par_1_9' title="bbox 1009 4597 1082 4664">
     <span class='ocr_line' id='line_1_44' title="bbox 1009 4597 1082 4664; baseline 0.027 -2"><span class='ocrx_word' id='word_1_410' title='bbox 1009 4597 1082 4664; x_wconf 80' lang='lat'>18*</span> 
     </span>
    </p>
   </div>
   <div class='ocr_carea' id='block_1_9' title="bbox 0 0 1557 5070">
    <p class='ocr_par' dir='ltr' id='par_1_10' title="bbox 0 0 1557 5070">
     <span class='ocr_line' id='line_1_45' title="bbox 0 0 1557 5070; baseline 0 0"><span class='ocrx_word' id='word_1_411' title='bbox 0 0 1557 5070; x_wconf 95' lang='lat' dir='ltr'> </span> 
     </span>
    </p>
   </div>
  </div>
 </body>
</html>
