3096 5070
309 1106 697 1198 CLARISSIMO
728 1102 1044 1197 OEHLERO
1076 1105 1203 1195 SUO

679 1310 705 1358 S.
732 1309 761 1357 P.
790 1308 819 1356 Ι).

484 1439 758 1497 nutemus
779 1437 1011 1497 ulmus.

237 1807 311 1871 Quod
330 1809 388 1872 Tu,
413 1806 560 1858 amicissime
578 1805 701 1871 Oehlere,
727 1807 788 1858 mihi
805 1823 884 1874 nuper
902 1805 1013 1856 detulisti
1029 1821 1133 1871 munus,
1159 1813 1187 1855 ut
1203 1804 1328 1874 symbolae

169 1889 254 1942 durem
272 1891 297 1941 in
315 1890 449 1959 Epiphanii
465 1891 568 1942 Penuria
586 1909 600 1941 a
617 1892 655 1942 Te
673 1891 787 1953 edenda,
813 1889 840 1940 id
858 1907 889 1940 eo
906 1889 1030 1941 lubentius
1046 1889 1160 1958 suscepi,
1178 1889 1247 1958 quod
1266 1888 1329 1958 Epi·

168 1974 276 2043 phuuio,
303 1975 339 2026 uti
355 1975 454 2043 reliquis
471 1974 591 2026 ecclesiae
610 1976 721 2027 Graecae
737 1975 916 2044 scriptoribus,
945 1981 1046 2042 operam
1063 1973 1216 2042 philologum
1238 1973 1329 2028 indes

168 2059 299 2109 iuventute
313 2077 448 2110 naremem.
485 2062 540 2122 Qua
556 2060 581 2109 in
600 2077 627 2111 re
645 2060 708 2112 iilud
725 2060 830 2112 maxime
848 2069 1032 2127 spectaverant,
1059 2071 1086 2111 ut
1103 2059 1259 2128 exploratum
1277 2059 1327 2111 he-

168 2144 262 2211 beoem,
280 2143 339 2211 qnid
357 2143 393 2194 illi
409 2161 424 2194 a
441 2143 544 2214 παιδὲίᾳ
561 2144 696 2215 ἱλληνικῄ,
723 2144 869 2213 praesertim
887 2143 1037 2212 philosopha
1054 2155 1080 2195 ct
1098 2143 1252 2212 potissimum
1268 2144 1328 2195 Plu-

168 2229 268 2290 toniee,
296 2229 321 2279 in
342 2228 471 2280 doctrinae
488 2230 585 2281 ratione
601 2230 676 2298 inque
694 2231 808 2282 oratione
824 2228 930 2282 mutuati
948 2239 1048 2296 meent,
1065 2239 1156 2297 utque,
1174 2228 1324 2296 comparatis

169 2313 330 2383 scriptonbue
355 2312 463 2364 classicis
490 2325 516 2365 ct
540 2314 726 2378 ecclesiasticis,
757 2315 816 2383 qaid
842 2314 878 2365 illi
904 2312 951 2364 sibi
968 2311 1074 2363 invicem
1099 2312 1162 2364 lucis
1187 2312 1327 2377 adferrent,

170 2399 346 2467 patefacerem.
380 2400 470 2466 Neque
482 2415 541 2449 vero
557 2398 618 2450 heec
635 2400 717 2451 stadia
731 2401 832 2451 Petrum
850 2394 995 2465 ὄρθοδόξων
1013 2399 1129 2466 operibus
1143 2399 1329 2467 circumscripte

170 2502 224 2537 esee
242 2484 386 2546 colueram,
405 2483 449 2534 sed
468 2484 543 2535 etiem
561 2485 752 2536 Haereticorum
769 2482 896 2536 doctum
914 2482 1135 2550 perlustraveram,
1157 2499 1232 2550 quum
1249 2483 1328 2551 pleri·

170 2586 218 2637 que
235 2568 333 2619 iliorum
351 2586 381 2619 ex
399 2567 502 2620 Platone
520 2579 547 2618 et
564 2587 594 2619 ex
611 2569 745 2643 Platonicis
769 2568 874 2637 plurime
892 2569 927 2619 ite
944 2567 1088 2631 hauserint,
1115 2576 1141 2618 ut
1159 2565 1251 2634 placita
1268 2567 1328 2618 Pie-

170 2653 255 2705 tonica
272 2653 402 2705 doctrinae
421 2653 574 2705 Christianae
592 2653 703 2721 pervim
721 2672 750 2706 ac
768 2653 882 2706 fraudem
900 2671 950 2705 non
968 2650 1158 2704 accommodare
1174 2651 1264 2716 solum,
1282 2650 1329 2704 sed

171 2739 246 2790 etiem
272 2738 421 2790 substituere
446 2750 603 2792 conarentur.
647 2742 734 2808 itaque
759 2738 922 2807 Epiphaniam
949 2738 1051 2789 minime
1075 2737 1247 2805 neglexeram
1272 2735 1328 2787 ire-

170 2824 257 2892 quenti
281 2836 365 2874 autem
382 2823 434 2874 eius
451 2838 497 2875 usu
521 2841 707 2892 cognoveram,
733 2824 857 2875 neminem
883 2822 958 2875 facile
974 2823 1124 2892 scriptorum
1149 2831 1264 2875 veterum
1282 2820 1326 2875 ille

172 2908 356 2976 corruptiorem
374 2925 435 2959 esse.

239 2995 284 3043 Est
300 3003 384 3044 antem
402 2993 519 3061 profecto
537 2992 690 3061 Epiphaniae
708 2992 794 3047 ἕλκεσι
812 2992 911 3062 βρύων,
935 2993 1010 3061 inque
1028 3010 1058 3045 eo
1077 2992 1233 3062 personando
1250 2990 1327 3044 bodie

171 3077 247 3129 etiam
264 3077 357 3129 criticis
375 3077 506 3144 plurimum
523 3077 613 3145 reliqui
632 3088 671 3130 est
689 3078 791 3131 iactam.
825 3078 890 3130 Nem
908 3077 1003 3129 Petevii
1020 3078 1045 3129 in
1063 3094 1119 3129 enm
1137 3094 1210 3130 curae
1227 3077 1327 3131 critices
1365 3120 1367 3124 ,

170 3150 242 3214 tenio
266 3162 320 3213 viro
346 3161 413 3214 head
437 3179 538 3230 prorsus
563 3161 653 3231 dignae
670 3173 735 3214 sunt.
771 3161 833 3214 (inm
850 3163 915 3214 euim
932 3163 1025 3214 criseas
1038 3162 1164 3226 scheidio,
1189 3160 1327 3230 dequibus

171 3247 371 3311 mendicemus,
399 3259 500 3314 praeter
523 3247 603 3310 illud,
629 3248 697 3317 quod
715 3248 740 3298 in
765 3244 918 3327 ‹bebetione
934 3259 972 3298 eet
989 3248 1114 3315 positum,
1140 3247 1181 3298 rix
1203 3246 1326 3315 adhibuit,
1424 3260 1472 3305 ..-·
1521 3248 1524 3253 ’

171 3343 224 3383 tam
242 3333 267 3383 in
286 3350 318 3385 co
335 3332 424 3383 instem
439 3332 657 3401 reprehensionem
674 3332 793 3395 incurrit,
810 3331 879 3401 quod
896 3333 922 3383 in
936 3332 1101 3400 expurgandis
1117 3330 1221 3394 mendis,
1237 3333 1326 3401 quibus

172 3416 249 3468 editio
263 3418 379 3486 princeps
397 3428 486 3482 scatet,
504 3436 569 3470 nore
587 3417 676 3469 menda
693 3417 760 3468 hund
778 3417 838 3468 setis
857 3418 922 3468 cavit
940 3428 965 3467 et
982 3417 1100 3485 genuinae
1117 3416 1183 3468 illius
1196 3416 1325 3481 lectiones,

172 3501 223 3551 eive
241 3519 299 3564 eus,
327 3503 379 3554 eive
396 3502 584 3573 typothetarum
600 3502 770 3571 negligentia,
795 3520 851 3553 cum
867 3501 993 3553 mendosis
1010 3502 1157 3554 commutari
1176 3518 1260 3568 puseus
1279 3509 1325 3555 est.

173 3585 280 3636 Omnino
296 3586 410 3639 Petarias
426 3587 451 3638 in
470 3587 569 3639 edendo
587 3587 727 3656 Epiphanio
752 3587 830 3655 magis
855 3587 1015 3656 theologum,
1042 3586 1223 3652 chronologum
1239 3595 1266 3635 et
1282 3602 1324 3636 ar-

173 3668 350 3737 chaeolngnm,
380 3689 454 3740 quam
478 3673 590 3724 criticum
617 3673 676 3740 egit.
718 3674 769 3724 ium
795 3690 855 3724 vcro
875 3672 974 3724 codices
991 3669 1182 3738 manuscripti,
1215 3681 1243 3721 ut
1266 3678 1325 3721 sunt

173 3753 275 3806 omnino
294 3756 399 3823 perrari,
424 3757 477 3824 itu,
494 3766 600 3826 excepto
619 3759 735 3824 Veneto,
762 3756 828 3807 haud
844 3757 880 3808 itu
896 3757 1000 3808 maltum
1017 3754 1121 3807 subsidii
1137 3752 1170 3804 ad
1187 3752 1325 3807 emenden-

172 3838 232 3890 dum
250 3838 411 3907 Epiphaniam
429 3841 569 3892 conferunt.
605 3842 660 3908 ipse
676 3851 759 3892 autem
776 3843 902 3904 Venetus,
926 3853 1036 3892 ceterum
1053 3855 1153 3889 mancus
1162 3876 1171 3900 ,
1188 3838 1236 3890 etsi
1251 3838 1278 3889 in
1295 3856 1325 3892 ee

172 3924 255 3992 operis
272 3935 359 3991 parte,
385 3940 458 3991 quam
477 3923 667 3992 complectitur,
693 3935 746 3975 tum
763 3925 1012 3993 transpositionibus,
1038 3935 1091 3975 tum
1116 3923 1210 3976 lacunis
1226 3923 1326 3994 egregie

172 4009 287 4062 medetur
304 4019 330 4060 et
347 4008 458 4077 plurimis
474 4008 537 4060 locis
555 4007 678 4075 corruptis
695 4009 826 4076 genuinum
839 4010 939 4062 exbibet
950 4009 1105 4076 scripturam,
1121 4008 1189 4061 baud
1206 4027 1264 4062 raro
1281 4021 1325 4062 te-

171 4113 228 4147 men
245 4114 291 4147 uos
308 4093 432 4146 destituit
467 4095 523 4156 Quo
541 4092 682 4160 diligentius
695 4110 853 4162 quaecunque
870 4095 895 4146 iu
915 4093 1041 4145 codicibus
1058 4092 1158 4164 reliquis
1174 4094 1250 4164 inque
1267 4093 1335 4147 edi-2

96 4241 104 4259 ι
171 4181 241 4232 tione
259 4179 371 4248 principe
394 4178 427 4230 ad
445 4179 517 4230 crisin
546 4176 709 4230 factitandam
733 4179 884 4246 expediunt,
909 4178 991 4229 excuti
1015 4175 1115 4232 debent.
1149 4181 1238 4248 Neque
1263 4195 1324 4232 vero

171 4265 314 4334 negligendi
335 4274 394 4316 suut
410 4265 545 4333 scriptores
572 4274 626 4315 tum
642 4263 676 4332 ii,
702 4281 733 4315 ex
750 4263 837 4333 qnibru
864 4262 1015 4330 Epiphanius
1041 4264 1138 4332 bausit,
1163 4276 1217 4316 tum
1234 4264 1276 4332 qui
1293 4280 1325 4316 ex

172 4349 313 4419 Epiphanio
331 4351 371 4402 rel
388 4367 418 4401 ee
437 4349 581 4401 auctoribus
601 4348 633 4399 ab
651 4366 682 4401 eo
700 4348 841 4418 compilatis
858 4348 988 4416 decerptas
1004 4349 1137 4417 particulas
1155 4368 1199 4402 suu
1215 4348 1241 4399 in
1257 4349 1323 4400 scri-

172 4445 218 4505 pte
235 4435 421 4487 trunstulerunt.
462 4436 531 4487 iisse
554 4444 638 4486 autem
654 4432 763 4487 subsidit
788 4433 829 4485 ubi
854 4450 899 4485 noe
924 4433 996 4484 simui
1021 4451 1076 4486 urm
1102 4433 1228 4487 codicibus
1248 4449 1323 4485 mauu

172 4519 270 4592 scriptis
286 4519 420 4589 deficiunt,
437 4538 476 4573 res
492 4519 524 4572 ud
542 4521 709 4575 meteororum
725 4518 799 4585 redit,
817 4536 866 4589 qus
881 4518 948 4573 baud
965 4519 1017 4573 seio
1034 4535 1068 4571 eu
1084 4535 1160 4573 nemo
1171 4518 1323 4589 scriptorum

1063 4607 1120 4675 1*
