3096 5070
378 288 516 341 eauaau
532 289 597 340 urs.
610 288 655 342 ru.
672 287 755 340 rora.
769 289 790 338 r.
812 285 913 336 naua.
934 283 1056 336 uxxru.
1258 272 1299 336 87

139 407 193 473 ista
210 411 400 494 respondent,
422 413 512 490 Apud
525 413 622 484 deam
646 407 710 471 istis
730 428 815 485 vero,
837 410 893 468 Per
911 425 964 478 me,
992 403 1077 481 baec,
1101 407 1297 482 Adsederam·

140 516 236 575 Onnin
256 535 311 593 per
327 517 416 592 ipsunt
436 515 516 593 saeta
532 522 613 583 sunt,
646 515 749 572 otniae
770 511 950 592 apsosaetunn
975 516 1019 568 est
1033 509 1115 566 nettt.
1161 505 1222 573 Pru
1243 507 1298 571 bac

139 636 231 692 voce,
254 618 410 686 Fundavit,
436 614 529 690 istud,
563 616 644 690 Qatod
655 615 762 693 sertum
779 623 838 685 est,
871 615 900 671 in
916 613 977 689 apso
995 612 1052 669 orto
1065 619 1137 669 erat.
1185 605 1241 673 Cui
1257 610 1299 673 si·

142 717 209 780 mile
228 726 275 779 est
291 716 378 779 illud:
403 720 437 777 ln
453 720 513 795 apso
530 726 627 776 ereata
647 726 715 776 eunt
734 718 837 776 omnib.
885 708 962 774 Nam
980 709 1025 773 bis
1044 709 1160 788 verbis,
1184 715 1224 773 Et
1238 734 1300 774 oen-

139 821 202 881 bum
224 840 292 881 earo
310 821 495 899 factumest,
530 816 578 881 illa
599 817 794 901 respondent,
827 818 972 895 Sapientia
992 816 1155 894 aedffieem't
1174 815 1233 875 sili
1250 818 1299 876 da-

139 943 223 983 mam.
271 916 344 983 ltem
371 939 423 1003 pro
447 917 509 994 lris,
543 922 630 980 Eram
656 922 733 999 opud
755 923 844 998 npsom
872 937 1052 997 componens,
1088 911 1215 978 loannes
1242 914 1298 978 ista

139 1022 274 1107 scripsit,
303 1024 369 1082 Non
384 1023 569 1100 potestfilius
584 1042 602 1081 n
618 1026 709 1102 serpso
725 1023 823 1100 satmre
843 1024 1007 1101 quaequam,
1040 1022 1100 1079 nisi
1111 1022 1187 1099 qnod
1199 1021 1453 1092 onlderdtmmtmt.

135 1137 248 1206 putrem
265 1126 438 1204 foetentem:
471 1145 543 1203 pune
557 1129 630 1186 entia
646 1127 796 1204 nitefacit,
822 1126 915 1184 eadem
933 1133 963 1184 et
965 1124 1053 1202 filius
1070 1123 1202 1182 seniliter
1212 1123 1296 1202 fucit.

141 1225 292 1290 Habemus
309 1225 397 1307 igitur
412 1245 450 1287 ex
462 1247 514 1288 ore
532 1226 654 1290 duorum
671 1227 719 1290 vel
736 1227 822 1289 trium
843 1225 959 1288 testium
970 1224 1026 1286 tilii
1039 1224 1198 1285 secundum
1216 1233 1301 1286 natu·

139 1332 207 1390 ram'
217 1327 431 1390 similitudinem
448 1349 513 1391 cum
529 1341 611 1412 putre
630 1328 860 1412 comprobatam.
907 1324 989 1391 Unus
1005 1325 1110 1410 quippe
1125 1325 1300 1410 sapientiam
1373 1329 1388 1356 ’

133 1427 280 1513 ‘sapientis
298 1428 387 1492 iulium
408 1431 572 1514 praedicat,
604 1431 680 1494 alter
700 1430 746 1494 dei
765 1430 886 1493 verbum
906 1428 1086 1512 unigenitum
1104 1428 1207 1505 deum,
1241 1439 1301 1491 ter-

141 1533 198 1595 tius
212 1532 257 1594 dei
276 1531 365 1595 lulium
383 1532 539 1616 imaginem
557 1533 691 1597 affirmat.
738 1533 823 1596 Adeo
840 1543 872 1595 ιιι
885 1536 934 1593 dei
946 1533 1077 1604 omium,
1102 1542 1132 1591 et
1146 1535 1297 1611 sapientia,

139 1640 275 1715 etenngo
293 1657 379 1698 unum
406 1656 546 1720 prorsus,
578 1646 609 1699 ut
631 1646 718 1699 antea
740 1636 929 1712 dictumest,
959 1634 1094 1716 idemque
1117 1632 1298 1717 significent,

139 1759 172 1801 ae
191 1737 236 1801 dei
254 1737 403 1824 patrisque
427 1739 587 1801 secundum
611 1737 770 1802 essentiam
792 1737 870 1800 lilius
894 1736 1087 1799 communiter
1110 1736 1146 1798 ab
1166 1736 1300 1800 omnibus
1392 1774 1396 1783 ·

138 1851 339 1903 asseveretur.
385 1838 509 1903 Praeter
531 1840 602 1903 baec
621 1862 693 1903 vero
714 1840 803 1902 divini
828 1860 883 1901 nos
908 1838 1054 1902 sermonis
1080 1837 1240 1903 auctoritas
1263 1838 1298 1902 ad

139 1942 216 2005 illam
233 1941 381 2005 essentiae
398 1944 478 2006 velut
498 1943 631 2006 manibus
647 1943 885 2006 contrectandam
902 1939 1138 2018 similitudinem,
1164 1938 1301 2004 Thomas

140 2044 252 2121 instar,
276 2044 410 2122 adducit,
441 2066 506 2107 oum
523 2048 561 2107 ita
580 2046 724 2129 loquiturz
756 2045 1133 2125 Sn‘eutpnterdaletm‘tnrn
1150 2047 1297 2124 inserpso,

140 2151 181 2208 ito
196 2150 300 2228 elfilr‘o
314 2150 489 2233 dedicantem
504 2150 606 2209 dolere
623 2153 652 2209 in
667 2151 770 2228 serpso.
817 2144 945 2209 Etenim·
954 2146 979 2208 si
997 2145 1069 2208 llaec
1083 2144 1193 2222 verba,
1217 2149 1303 2208 Sient

136 2261 220 2330 pater
235 2251 336 2323 tedet,
361 2247 404 2310 sic
422 2249 605 2334 accipiuntur
620 2260 652 2312 ut
667 2270 725 2312 oon
743 2250 777 2312 ad
797 2249 874 2311 aliud
893 2249 1028 2333 quiddam
1045 2250 1230 2327 remeantur,
1265 2269 1300 2312 ac

139 2352 287 2415 diversum
311 2356 422 2434 (neque
447 2350 524 2413 enim
548 2351 623 2413 aliud
641 2363 687 2413 est
705 2362 806 2437 pater,
839 2351 915 2415 aliud
939 2351 999 2414 vita
1017 2371 1090 2434 quae
1113 2361 1158 2414 est
1174 2350 1204 2413 in
1221 2351 1299 2436 ipso,

138 2454 220 2537 quasi
239 2454 315 2516 aliud
330 2456 369 2516 sit
383 2455 459 2537 quod
477 2453 602 2532 babeat,
627 2454 703 2517 aliud
720 2456 795 2538 quod
815 2454 915 2517 baberi
931 2455 1062 2532 dicatur,
1086 2453 1137 2516 sed
1155 2452 1219 2537 ipse
1236 2453 1302 2517 sine

137 2557 196 2620 ulla
212 2555 425 2640 compositione
442 2555 501 2620 vita
517 2566 564 2618 est
577 2567 675 2642 patere
708 2578 797 2643 porro
819 2558 896 2620 sicut
915 2556 1001 2619 babet
1016 2557 1097 2641 ipso,
1129 2553 1172 2617 sio
1191 2565 1221 2617 et
1239 2555 1300 2619 lilio

137 2657 267 2735 dederit,
292 2658 425 2722 nimirum
440 2658 512 2722 eitra
532 2658 792 2744 compositionem,
816 2669 892 2722 utet
907 2661 1015 2744 pater),
1040 2658 1225 2722 manilestum
1242 2668 1300 2739 est,

138 2780 201 2822 cum
219 2761 258 2824 itu
276 2761 354 2824 illam
371 2761 477 2824 babeat
494 2761 591 2838 lilius,
623 2782 678 2823 nec
699 2771 835 2846 tauquam
855 2761 1004 2844 ingenitus
1020 2761 1143 2839 babeat,
1175 2760 1298 2823 eandem

138 2862 358 2947 compositionis
374 2866 459 2926 modo
479 2885 537 2926 aon
553 2863 679 2941 babere,
712 2886 747 2927 ac
765 2865 911 2928 simillime
933 2863 963 2926 in
983 2863 1135 2943 omnibus,
1169 2864 1244 2947 quod
1263 2863 1299 2927 ad

138 2966 295 3027 essentiam
318 2966 441 3043 attinet,
476 2987 511 3028 ac
535 2976 636 3049 pater,
672 2966 802 3050 citraque
827 2965 1081 3050 compositionem.
1128 2963 1195 3029 Neo
1221 2965 1300 3028 enim

138 3076 185 3128 est
201 3066 373 3144 obscurum,
398 3068 425 3129 id
446 3068 520 3151 quod
538 3067 634 3132 simile
652 3079 715 3148 est,
739 3071 814 3132 idem
831 3069 946 3152 penitus
965 3090 1029 3132 cum
1048 3089 1084 3131 eo
1100 3069 1183 3131 cuius
1203 3068 1300 3132 simile

137 3178 265 3231 estesse
286 3190 343 3230 nou
361 3190 459 3253 posse.
506 3167 599 3235 cuias
617 3172 659 3234 rei
675 3181 849 3255 argumento
867 3170 922 3249 sit,
948 3171 1022 3255 quod
1042 3170 1117 3234 idem
1137 3171 1186 3234 ille
1205 3172 1299 3236 iactus

137 3271 171 3335 ad
189 3271 336 3334 homiuum
353 3272 571 3337 similitudinem
586 3273 631 3336 dei
651 3274 746 3351 filius,
779 3273 847 3336 licet
872 3273 959 3336 lroam
983 3274 1088 3351 luerit,
1122 3296 1180 3338 nou
1202 3285 1300 3337 tamen

136 3372 211 3436 idern
228 3396 292 3438 cum
312 3373 428 3438 bomine
444 3377 558 3461 penitus
578 3376 677 3440 luerit.
723 3376 770 3439 Ao
787 3377 901 3440 tametsi
919 3387 1055 3460 suscepta
1077 3382 1174 3440 earnes
1186 3382 1439 3458 pecean'rtnn.s.a

137 3478 320 3538 srnutaetadene
337 3478 522 3562 passionibus
539 3478 615 3556 illis,
647 3499 664 3541 a
682 3478 786 3562 quibus
803 3478 901 3542 caruis
921 3491 1070 3564 peccatum
1088 3480 1296 3564 proficiscitur,

139 3574 285 3640 obnoxius
299 3592 398 3659 esset,
423 3581 585 3646 cuiusmodi
600 3591 669 3644 sunt
685 3584 776 3644 lamas
795 3603 830 3644 ac
846 3582 927 3661 sitis,
951 3594 1127 3667 ceteraeque
1145 3582 1172 3645 id
1189 3602 1296 3664 genus,

139 3674 215 3737 idem
231 3688 327 3743 tamen
344 3684 420 3766 quod
436 3685 470 3746 ad
487 3684 584 3746 corais
601 3694 751 3768 peccatum
768 3685 896 3770 pertinet
911 3708 967 3749 oon
988 3686 1051 3748 luit.
1100 3682 1300 3767 Quamobrem

138 3799 178 3842 ex
194 3782 362 3862 apostolicis
383 3785 463 3846 bisce
488 3785 663 3848 testimoniis
690 3786 742 3848 lilii
766 3790 925 3852 secundum
951 3785 1109 3850 essentiam
1132 3806 1197 3850 cum
1216 3797 1310 3870 patre*

138 3881 297 3945 similitudo
317 3885 474 3968 colligitur.

222 3983 262 4049 Ut
279 3986 356 4048 enim
380 3985 527 4049 bominum
547 3986 593 4048 ille
612 3986 715 4049 similis
735 3989 846 4069 tactus,
877 4001 907 4054 et
924 3991 1011 4054 bomo
1028 4001 1110 4069 erat,
1141 4000 1171 4053 et
1190 4012 1248 4054 oon
1266 3991 1297 4054 iu
1314 4013 1375 4082 ⁶⁸1)-
1386 4014 1433 4068 px,

137 4087 271 4151 omnibus
293 4098 376 4167 erat,
412 4082 499 4150 bomo
524 4088 655 4172 quidem,
692 4100 835 4173 quatenus
857 4114 975 4156 carnem
1001 4094 1132 4177 suscepit
1158 4093 1296 4175 bominis,

172 4259 210 4310 to.
237 4256 301 4327 ἔχειν
326 4263 408 4311 vitiose
432 4264 495 4310 eetot
514 4223 538 4310 ta
562 4261 599 4310 ed.
617 4260 699 4312 Petou.
734 4262 780 4312 len.
798 4276 814 4310 o
830 4277 862 4313 m.
878 4278 916 4325 pr.

138 4331 216 4378 Coton.
232 4332 338 4391 repetita.
770 4329 809 4382 13.
829 4329 956 4392 emblem:
972 4335 1024 4384 cod.
1039 4335 1134 4398 llbedlp.

173 4397 210 4448 ll.
237 4397 325 4461 νοῆται
348 4400 384 4449 ed.
403 4400 483 4448 Petuu.
518 4401 610 4450 νοεῖται
630 4399 698 4449 codd.
770 4394 808 4449 ll.
835 4397 871 4459 εἰς
891 4392 1017 4463 ἀπόδειξιν
1032 4407 1164 4466 mtptcotue
1180 4408 1213 4455 tat
1228 4406 1298 4455 Pato-

137 4478 192 4515 mss.
210 4471 232 4514 et
247 4467 285 4514 ed.
301 4469 378 4528 princ.
733 4469 793 4516 olus.
829 4468 899 4530 Quae
916 4469 1016 4521 rervel
1036 4469 1095 4524 hiuc
1112 4471 1298 4535 demonstratae

175 4533 212 4583 ιι,
227 4525 269 4585 olel
284 4532 412 4594 corbicus
426 4535 477 4584 cod.
491 4534 597 4598 ltbedtp,
613 4539 634 4585 et
647 4536 697 4586 eod.
733 4538 800 4586 uertit
819 4538 952 4589 canemus.
