3096 5070
418 282 554 337 ransart
572 283 635 334 ιιι.
649 283 693 334 ιιι.
707 280 789 335 tou.
804 283 836 334 ιι.
855 280 954 333 nana.
971 282 1115 333 nxxvtu.
1282 268 1345 333 429

189 401 229 466 illi
247 403 382 487 corpori,
416 403 445 466 in
469 425 526 488 quo
546 404 617 468 deus
641 402 842 480 habitaverat,
877 422 929 487 per
945 421 1086 464 summam
1107 400 1294 484 ignominiam
1311 402 1346 466 il-

189 504 323 569 laterent
352 527 410 589 quo
428 506 542 589 quidem
569 525 608 568 ex
634 525 758 590 corpore
781 514 916 588 suscepta
940 503 1018 566 adei
1038 502 1130 565 verbo
1152 502 1276 567 hominis
1301 511 1347 568 est

188 616 291 670 natura
315 617 480 670 contracta.
526 605 609 672 Unde
629 618 658 670 et
676 618 778 671 sancta
803 607 850 670 illa
873 616 902 668 et
920 606 1088 690 incorrupta
1111 625 1180 668 caro
1207 603 1345 668 fabricata

188 718 249 788 est,
280 720 389 772 etcum
408 708 567 772 salvatoris
592 708 745 772 divinitate
769 708 936 771 coniuncta.
984 703 1234 789 Quemadmodum
1256 727 1345 790 ange·

187 810 233 876 lus
251 809 372 876 Gabriel
397 810 456 874 illic
477 821 601 874 testatus
620 821 676 874 est.
725 816 866 893 Spiritus,
901 808 1011 893 inquit,
1044 814 1152 872 domini
1169 813 1487 890 supernominantm.

188 918 218 976 iu
235 924 276 986 te,
308 925 336 974 et
351 917 442 973 uirtus
464 915 599 974 altissimi
616 915 795 975 obumbrabit
811 925 855 974 te:
887 916 1003 994 ideoque
1026 924 1054 974 et
1069 917 1145 993 quod
1162 924 1296 974 nuscetur
1310 935 1348 972 es

190 1027 217 1077 te
233 1026 379 1087 sunctum,
415 1016 561 1076 uocabitur
585 1019 678 1076 Fabiis
698 1020 753 1077 dei.
810 1011 1007 1098 Quamobrem
1032 1035 1089 1098 quo
1117 1015 1231 1077 tandem
1262 1024 1347 1099 pacto

189 1138 255 1181 cum
273 1126 354 1179 tauta
370 1116 477 1200 talique
495 1117 610 1200 virgine
627 1113 725 1180 Maria
743 1117 873 1202 copulari
887 1137 977 1180 ausus
992 1117 1093 1179 esset?
1128 1113 1258 1200 Ecquem
1274 1136 1346 1180 vern

191 1219 315 1283 lrnctum
329 1239 364 1281 ea
382 1218 516 1302 quaestio
534 1219 617 1282 nobis
635 1220 748 1298 attulit,
774 1230 868 1282 utrum
885 1218 962 1282 illins
979 1219 1219 1282 consuetudinem
1239 1217 1347 1281 habue-

189 1319 250 1383 rit?
293 1317 397 1385 Utrum
417 1341 489 1384 vero
510 1321 626 1384 tandem
643 1321 736 1405 magis
759 1320 925 1405 eligendum
943 1332 1008 1398 est,
1041 1322 1096 1383 deo
1113 1320 1277 1384 istiusmodi
1295 1339 1347 1382 ne·

189 1422 269 1505 gotia
284 1424 484 1503 committere,
509 1444 545 1486 an
561 1425 598 1486 ad
616 1423 763 1487 deteriora
783 1423 928 1487 violenter
941 1422 1122 1507 irrumpere?
1166 1418 1253 1505 Quod
1268 1421 1345 1484 enim

190 1544 330 1608 nusquam
347 1525 375 1588 in
394 1526 487 1589 sacms
504 1525 597 1589 literis
620 1525 760 1609 scriptum
780 1536 881 1605 extet,
916 1524 972 1588 nisi
992 1525 1203 1588 crediderimus
1219 1521 1345 1588 Mariam

190 1647 255 1690 cnm
272 1627 336 1690 viro
353 1638 454 1713 postea
470 1628 681 1706 consuevisse,
714 1648 768 1691 nos
790 1629 877 1691 vitam
894 1638 1044 1691 aeternam
1065 1626 1184 1690 minime
1204 1647 1347 1691 consecu-

190 1738 290 1807 turos,
325 1729 377 1793 sed
401 1729 510 1793 indicio
541 1730 796 1808 condemnandos,
832 1729 939 1793 nemini
962 1750 1029 1793 esse
1056 1739 1153 1814 potest
1177 1729 1345 1792 obscurum.

192 1827 346 1914 Quaenam
373 1851 445 1894 vero
470 1831 588 1915 scriptis
606 1852 751 1916 expressa
775 1833 864 1894 sunt?
895 1832 995 1915 ntique
1012 1833 1145 1895 honesta.
1193 1828 1346 1913 Quaenam

194 1933 305 2018 porro?
326 1933 414 1996 iusta.
454 1929 537 2015 Quae
555 1933 693 2018 inquam?
716 1935 851 2014 honesta,
876 1947 908 1994 ut
919 1935 1095 1995 audientibus
1113 1937 1264 1995 concilium
1276 1955 1347 2014 gru-
1360 1953 1381 1997 n
1396 1952 1419 1996 t.
1432 1956 1454 2010 s,
1468 1953 1502 1997 aa.

192 2040 232 2097 tris
243 2041 345 2116 possit.
392 2035 434 2097 At
453 2033 586 2098 homines
614 2035 791 2100 necessariis
815 2035 924 2100 relictis
950 2036 986 2099 iis
1004 2056 1077 2119 quae
1100 2057 1164 2098 cum
1186 2035 1252 2099 bdei
1270 2007 1379 2099 veri-⁹
1396 2005 1420 2048 '¹'
1433 2008 1453 2062 ⁴¹
1466 2007 1487 2048 θ’

192 2146 253 2201 tate
268 2157 302 2200 ac
318 2135 364 2199 dei
380 2136 597 2221 praedicatione
613 2138 768 2203 coniuncta
783 2148 851 2202 suut
869 2137 1032 2221 perniciosa
1048 2136 1104 2200 sibi
1118 2159 1267 2222 quaeque,
1294 2160 1347 2201 uu·

192 2240 344 2323 docunque
361 2239 526 2324 potuerint,
559 2240 731 2323 excogitare
755 2240 953 2318 contendunt,
987 2238 1060 2302 heu!
1107 2240 1182 2323 quod
1202 2239 1249 2303 vel
1266 2240 1346 2324 cogi-

192 2349 255 2404 tare
279 2340 433 2404 molestum
457 2352 521 2421 est,
545 2363 609 2404 oum
634 2341 712 2405 nulla
736 2344 891 2427 praecique
914 2344 953 2404 sit
975 2341 1004 2404 in
1028 2341 1171 2427 scriptura
1195 2341 1317 2405 mentio.

278 2441 396 2505 Etenim
412 2442 438 2506 si
456 2443 598 2507 eiusmodi
614 2444 749 2528 quiddam
770 2444 817 2507 illa
833 2453 1108 2522 commemorasset,
1143 2445 1275 2527 prolecto
1297 2464 1347 2507 ve·
1359 2470 1419 2539 qq„
1431 2472 1499 2522 xpp,

190 2542 306 2608 ritatem
326 2545 418 2629 ipsam
441 2544 506 2609 sine
532 2546 589 2610 ulla
612 2545 856 2630 tergiversatione
881 2547 1095 2632 profiteremur.
1140 2546 1190 2609 An
1209 2546 1285 2609 enim
1303 2545 1347 2609 in·

189 2645 333 2710 honestae
350 2658 419 2710 sunt
438 2648 577 2733 nuptiae?
606 2659 656 2712 aut
674 2650 812 2733 prolanns
830 2661 876 2712 est
893 2659 993 2726 torus,
1026 2660 1056 2710 et
1071 2671 1126 2710 non
1140 2653 1237 2729 potrus
1251 2653 1345 2710 inno·
1360 2672 1430 2717 nesi.
1441 2675 1498 2728 nn

190 2752 324 2810 echan?
368 2748 416 2811 An
440 2750 565 2833 denique
591 2750 772 2818 adulteratae
795 2761 864 2815 sunt
890 2751 1029 2836 nuptiae?
1073 2749 1254 2835 Quamquam
1280 2772 1346 2835 pro·

190 2849 295 2934 phetae
313 2870 347 2913 ac
367 2851 518 2935 pontilioes
535 2851 571 2914 ab
589 2851 645 2916 illis
663 2853 826 2934 abstinent,
851 2865 882 2917 ut
903 2852 1063 2917 maioribus
1082 2853 1280 2916 lunationibus
1297 2875 1345 2916 nc-

191 2962 345 3036 oupentur.
391 2950 509 3015 Etenim
527 2950 670 3039 Moyses,
695 2967 883 3041 posteaquam
903 2956 1042 3042 propheta
1061 2976 1127 3020 esse
1143 2958 1258 3041 coepit,
1283 2957 1346 3020 nul·

190 3051 249 3116 lam
266 3053 387 3138 amplius
404 3077 469 3118 cum
488 3076 582 3119 uxore
603 3059 844 3144 consuetudinem
872 3059 986 3138 babuit,
1018 3079 1111 3142 neque
1130 3057 1239 3122 liberos
1259 3059 1288 3121 in
1309 3079 1345 3122 eo

193 3165 273 3218 statu
289 3156 437 3241 suscepit,
461 3157 567 3243 qnippe
585 3160 632 3244 qui
651 3182 716 3224 oum
736 3160 854 3224 donnino
871 3161 973 3224 maiori
993 3160 1070 3224 vitae
1086 3182 1159 3224 suae
1178 3172 1260 3246 parte
1279 3181 1345 3225 ver-

191 3269 319 3320 saretur.
367 3257 454 3323 Ausi
470 3261 577 3346 nuptiis
600 3283 706 3326 vacare
723 3263 882 3340 voluisset,
912 3268 1102 3344 quadragenta
1124 3276 1219 3326 noctes
1235 3268 1497 3344 camisianum

192 3364 221 3421 in
243 3370 336 3421 monte
360 3364 430 3422 Sura
455 3382 647 3445 perseverare
672 3366 834 3450 potuisset?
877 3363 1029 3429 Potuisset
1052 3367 1245 3451 qnadraginta
1268 3376 1345 3430 totos

193 3481 288 3524 annos
308 3461 336 3524 in
354 3462 510 3527 solitudine
530 3465 565 3527 ad
585 3466 749 3530 divinarum
773 3488 806 3529 se
827 3486 924 3530 rerum
951 3469 1231 3533 administrationem
1250 3466 1346 3532 inten-

193 3562 284 3626 dere?
327 3559 508 3628 Sacerdotis
525 3569 653 3630 vacaret
681 3589 822 3632 enarrare
847 3569 893 3633 dci
917 3571 1079 3653 mysteria?
1107 3593 1172 3634 cnm
1192 3572 1248 3634 deo
1263 3571 1345 3633 deni-

192 3684 249 3750 que
272 3677 412 3751 perpetuo
433 3667 558 3749 colloqui
582 3669 744 3753 nuptiarum
763 3670 922 3734 obstrietus
949 3692 1039 3736 onere
1064 3673 1224 3758 potuisset?
1266 3669 1344 3736 Nam

192 3768 219 3832 si
235 3769 271 3831 de
288 3768 372 3831 nobis
394 3769 544 3853 apostolus
562 3781 662 3853 aperte
680 3771 865 3855 pronuntiat,
897 3778 948 3834 Ad
964 3786 1086 3854 tempus,
1119 3786 1151 3836 ut
1166 3788 1265 3837 uacent
1279 3797 1344 3837 ora·
1360 3800 1486 3859 tonnas

193 3876 280 3950 tioni,
313 3881 423 3955 quanto
443 3872 518 3934 istud
539 3871 632 3955 ipsum
651 3872 686 3935 de
705 3873 853 3957 prophetis
875 3875 979 3959 potiori
998 3876 1062 3938 iure
1079 3875 1212 3940 dicetur?
1256 3877 1345 3961 Atqui

190 3969 290 4039 Maria
316 3973 499 4059 prophetissa
522 3973 585 4037 tuit.
631 3979 783 4054 Ingressus
804 3985 847 4036 est
867 3982 956 4050 enim,
993 3979 1104 4061 inquit,
1134 3983 1172 4040 ud
1185 3983 1487 4063 prophetis-mna

192 4099 268 4151 sum,
293 4089 321 4138 et
337 4082 366 4138 iu
386 4087 466 4139 utero
481 4083 622 4158 concepit,
648 4089 678 4138 et
688 4082 799 4158 peperit
806 4080 922 4157 filiurn:
956 4092 984 4141 et
1000 4083 1075 4141 dabri
1090 4085 1218 4144 domibus
1234 4087 1273 4145 od
1290 4105 1343 4158 me,

193 4245 272 4312 qnid?
290 4247 362 4297 insta.
399 4246 485 4308 Quid?
510 4248 647 4299 mactanda
663 4259 689 4299 et
703 4247 752 4299 ho-
823 4247 881 4298 Ctr.
900 4250 971 4300 XVl.
997 4277 1030 4290 -·
1078 4253 1099 4303 l.
1131 4255 1167 4317 Oi.
1190 4256 1287 4306 Lobsclt.
1312 4258 1346 4306 ad

194 4323 270 4364 nesta.
306 4317 362 4376 Quo
382 4315 468 4364 demus
486 4316 561 4366 etiam
577 4323 627 4367 cetl.
786 4319 910 4379 runaut.
927 4334 983 4381 paq.
1001 4314 1059 4370 245.

227 4381 251 4432 4.
270 4383 354 4448 δῶμεν
370 4387 420 4434 eod.
438 4385 551 4448 ltttedt'p„
569 4391 589 4436 ct
603 4389 638 4435 ito
652 4389 754 4438 conrad
820 4390 844 4436 2.
863 4381 985 4455 ἀπέχεται
1001 4391 1051 4437 cod.
1068 4391 1166 4453 llbediq.

195 4450 323 4500 Carnarius
350 4454 375 4501 in
402 4455 504 4503 omioni
521 4455 615 4505 Mino.
641 4455 680 4508 dai
707 4451 751 4520 μὲν
819 4454 844 4504 3.
863 4457 975 4518 Suspicor
994 4450 1040 4508 κᾶν
1057 4458 1094 4525 τῷ
1118 4461 1264 4524 συνομιλεῖν.
1299 4462 1343 4514 Ps-

193 4519 243 4569 ond
262 4520 308 4569 lea.
326 4524 347 4569 et
363 4522 420 4570 editt
436 4523 495 4571 libri.
721 4575 723 4579 ,
785 4524 864 4575 tonius
879 4527 964 4575 maluit
977 4523 1021 4577 nul
1037 4522 1065 4579 ad
1084 4527 1228 4596 συνομιλῶν.
