3096 5070
435 285 573 338 ramnum
590 287 654 338 cru.
669 287 855 339 urrann.
873 286 972 339 nasu.
985 286 1132 338 nxxvm
1291 274 1354 339 tat

197 410 296 488 cpea'a‘n
310 409 464 468 mulcerem.
511 404 579 491 Quo
596 405 665 469 illud
680 406 929 492 intelligeremus,
954 404 1101 469 dominum
1118 405 1230 490 sibiipsi
1247 427 1353 490 corpus

198 505 330 572 ablaria
347 509 488 586 firmisse,
520 509 676 573 ecclesiam
701 530 774 573 vero
798 530 838 573 cx
864 510 928 594 ipso
954 509 1046 572 latere
1071 508 1151 571 velut
1173 509 1353 571 aedificatam

198 610 306 690 inisse,
339 611 385 674 coi
404 611 468 674 eius
485 611 559 676 latus
584 622 631 675 est
647 611 766 697 cuspide
787 612 968 686 sauciatum,
1002 610 1038 673 ab
1058 610 1219 694 eodemque
1234 609 1353 696 saugui-

197 712 242 776 nis
264 722 295 776 et
316 734 410 798 aquae
433 714 468 777 ad
491 713 632 777 lotionem
655 722 785 778 nostram
809 714 985 800 profluxisse
1009 710 1162 798 mysteria.

280 917 342 981 lam
365 939 439 981 vero
461 918 537 1001 quod
559 915 685 981 Mariam
713 915 854 1004 loscpbns
880 918 1056 1002 cognovisse
1080 915 1204 994 dieitur,
1236 937 1293 978 nou
1317 916 1354 980 ad
1377 928 1460 994 ,rap

194 1040 280 1083 usum
305 1020 431 1104 aliquem
454 1020 587 1104 corporis
609 1031 696 1105 atque
721 1021 847 1085 usitatae
870 1021 1092 1084 consuetudinis
1120 1019 1274 1082 referenda
1297 1019 1353 1081 ista
1394 997 1456 1048 xx·

195 1121 323 1205 cognitio
351 1132 408 1187 est.
454 1120 515 1186 Sed
538 1122 605 1185 ideo
631 1124 789 1208 coguovit,
823 1123 899 1208 quod
919 1122 966 1187 cni
990 1122 1130 1186 diviuitu's
1146 1121 1286 1185 bonorem
1304 1120 1355 1182 ba·

195 1224 258 1287 beri
277 1225 393 1288 viderat
417 1224 538 1288 eandem
560 1225 674 1289 honore
692 1236 866 1310 prosecutus
891 1225 989 1289 tuerit.
1035 1222 1143 1308 Neque
1169 1222 1246 1286 enim
1271 1232 1352 1287 tauto

194 1325 272 1388 illam
289 1327 443 1412 splendore
459 1348 492 1390 ao
509 1326 603 1410 gloria
620 1327 779 1414 praeditam
798 1338 951 1414 putaverat
968 1328 1062 1391 donoc
1079 1348 1095 1390 e
1112 1325 1234 1388 muliere
1251 1335 1349 1389 natum

195 1427 342 1492 domiuum
362 1429 580 1493 animadvertit.
628 1427 714 1513 Quod
733 1441 828 1495 autem
845 1430 1065 1518 scriptumest,
1098 1435 1258 1511 Antequam
1282 1450 1504 1513 aaa-mmm,

194 1537 337 1606 venereae,
372 1536 483 1594 abusam
500 1538 588 1594 estr'n
604 1545 685 1595 utera
702 1536 821 1609 babens,
856 1534 892 1597 ob
911 1555 973 1597 cam
993 1553 1127 1596 caussam
1150 1531 1279 1610 eddium,
1314 1552 1351 1595 oe

194 1634 309 1698 illorum
328 1634 525 1697 invalesceret
543 1633 643 1721 opinio
667 1635 714 1720 qni
742 1636 952 1700 incarnationis
976 1635 1148 1721 mysterium
1173 1634 1353 1698 arbitrantur

195 1735 272 1798 virili
294 1757 382 1821 opera
406 1737 632 1822 interventuque
656 1740 829 1823 perlectum.
876 1736 941 1801 Hoc
967 1738 1043 1801 enim
1066 1735 1152 1799 dicit:
1186 1737 1351 1821 Antequam

193 1838 279 1902 lieret
296 1838 392 1913 istud,
418 1840 493 1922 quod
514 1840 640 1902 loturum
661 1840 884 1926 expectabatur,
909 1841 1024 1904 tametsi
1041 1863 1187 1927 nunquam
1205 1838 1349 1903 extiterit.

193 1938 233 2006 Ut
256 1941 333 2004 cuim
352 1940 453 2003 demus
475 1941 561 2020 illud,
597 1939 751 2027 losepbum
778 1941 941 2006 maritalem
966 1965 1031 2006 cum
1053 1943 1167 2028 virgine
1191 1942 1351 2028 copulatio·

194 2063 260 2106 nem
277 2063 413 2127 sperasse
429 2043 520 2127 (qood
541 2043 655 2128 quidem
672 2066 724 2129 pro
744 2047 847 2109 affecta
864 2047 923 2109 iam
940 2046 1017 2109 illius
1034 2057 1129 2110 aetate
1148 2045 1210 2108 lieri
1230 2044 1349 2108 minimo

194 2148 341 2231 poterat),
380 2156 477 2208 tamen
501 2144 645 2229 scriptura
670 2145 733 2231 ipsa
758 2149 945 2232 praemunire
970 2168 1044 2226 nos,
1079 2159 1109 2210 ct
1133 2146 1291 2211 admonere
1315 2166 1350 2210 ac

192 2247 341 2312 cautiores
354 2247 470 2312 ellicere
487 2247 589 2310 voluit.
635 2244 786 2332 Siquidem
804 2251 851 2313 vel
870 2249 924 2313 boc
945 2250 1038 2336 ipsum
1059 2250 1134 2334 qood
1155 2260 1222 2312 tuuc
1238 2259 1351 2334 tempo·

192 2350 234 2416 ris
252 2350 413 2435 agebatur,
447 2349 580 2428 divinus,
614 2349 748 2435 inquam,
778 2351 828 2416 ille
848 2364 947 2438 partus
965 2352 1080 2416 abuarde
1102 2351 1280 2437 persuadere
1299 2374 1350 2436 po-

192 2464 250 2520 test
266 2452 481 2519 sanctissimam
498 2453 642 2538 virginem
663 2453 769 2516 nullius
785 2465 887 2539 postea
913 2455 969 2519 viri
994 2453 1234 2518 cousuetudinem
1258 2452 1349 2516 admi·

191 2559 287 2637 sisseq
317 2555 558 2640 quemadmodum
576 2556 700 2640 angelus
724 2552 848 2642 losepbo
868 2557 903 2621 dc
920 2557 998 2620 illius
1018 2577 1102 2641 quam
1126 2556 1224 2618 aniam
1241 2576 1348 2619 couce-

192 2671 275 2746 perat
290 2655 436 2743 opinionis
463 2657 590 2721 falsitate
612 2659 770 2743 persuasit.
815 2657 894 2723 Nam
913 2659 1114 2745 superioribus
1134 2657 1214 2721 bisce
1234 2657 1346 2738 verbis,

191 2767 350 2844 Antequam
365 2768 559 2835 concederent,
586 2761 690 2846 quibus
707 2781 755 2825 res
770 2762 799 2825 iu
815 2764 1021 2848 expectatione
1040 2762 1151 2847 posita,
1177 2781 1235 2822 uon
1251 2771 1346 2843 gesta,

192 2863 373 2941 declaratur,
407 2865 583 2928 simillimum
601 2865 739 2948 estquod
757 2865 906 2948 sequitur,
941 2869 1009 2926 Cum
1029 2876 1103 2925 esset
1117 2868 1225 2936 iustus,
1258 2865 1351 2923 noluit

191 2969 268 3027 ellam
295 2971 460 3042 traducere,
492 2972 543 3029 sed
566 2970 675 3029 occulte
698 2970 847 3029 demittere.
905 2964 998 3050 Quasi
1028 2966 1120 3028 malus
1146 2966 1201 3028 iam
1228 2964 1264 3027 ob
1289 2974 1348 3026 tra-

192 3068 356 3131 ductionem
376 3071 455 3133 illam
472 3079 571 3147 esset,
604 3091 667 3132 cum
694 3092 752 3133 nou
778 3070 866 3133 luerit
891 3079 999 3132 tamen.
1045 3065 1173 3131 Perinde
1190 3079 1277 3151 atque
1295 3088 1348 3130 au·

190 3171 275 3255 gelus
299 3169 384 3235 docet
401 3173 437 3237 iis
454 3171 570 3235 verbis:
604 3175 675 3234 Noli
690 3178 788 3235 triaere
802 3179 930 3253 accepere
945 3176 1068 3233 Mariam
1087 3175 1233 3250 conrirgem
1251 3182 1345 3245 tuam,·

191 3293 265 3357 qnae
291 3274 415 3336 nondum
443 3274 552 3337 coniux
578 3286 675 3353 esset,
710 3296 795 3360 quam
816 3285 846 3337 tn
862 3274 987 3337 violatae
1006 3273 1160 3359 pudicitiae
1180 3283 1347 3356 conspectam

190 3374 299 3453 babes,
326 3373 400 3442 licet
421 3376 486 3439 talis
506 3377 624 3439 minime
641 3377 677 3439 sit
696 3377 811 3461 qualem
832 3376 1002 3456 arbitraris,
1027 3390 1084 3439 etc.
1129 3374 1207 3438 Nam
1224 3374 1346 3437 subinde

190 3474 220 3538 iu
239 3477 487 3560 consequentibus
504 3478 598 3556 addit,
625 3483 705 3557 Quod
719 3484 791 3540 earm
806 3492 902 3541 aarum
920 3491 964 3540 est
978 3484 1007 3540 r'a
1022 3483 1099 3559 ipsa,
1125 3477 1206 3561 qnasi
1224 3477 1280 3539 iam
1299 3496 1347 3539 es-

191 3589 364 3641 setnatum.
414 3575 486 3642 lllnd
505 3599 595 3658 vero,
626 3583 843 3658 Parnetfila'um,
876 3582 911 3644 ad
932 3583 1056 3644 loturum
1074 3591 1187 3664 tempus
1205 3580 1345 3641 relcrtur.

190 3677 235 3743 lta
251 3680 328 3742 enim
347 3700 379 3742 se
398 3702 447 3744 res
464 3680 606 3759 habebut3
631 3681 681 3743 ssd
699 3683 733 3744 ad
752 3682 834 3744 iidem
852 3682 1052 3747 stabiliendam
1071 3682 1149 3765 prius
1169 3681 1217 3744 illa
1234 3680 1345 3744 denun-

189 3781 274 3845 tiatio
298 3782 373 3845 lacta
397 3794 461 3861 est,
494 3781 657 3846 cuiusmodi
676 3793 706 3845 et
723 3782 773 3846 illa
797 3783 886 3846 verba
910 3796 997 3848 sonte
1028 3789 1197 3866 Priusquam
1216 3788 1346 3844 conueni-

189 3896 262 3947 rent.
308 3881 365 3948 Ubi
383 3887 515 3949 snfficere
542 3884 626 3947 nobis
646 3883 732 3948 debet
751 3905 896 3968 nunquam
912 3885 988 3949 istud
1007 3886 1125 3950 omniuo
1142 3905 1208 3949 esse
1225 3886 1343 3963 lactum,
1456 3878 1458 3881 ’

189 3993 283 4050 Bauer
297 3993 408 4069 peperit
420 3991 519 4069 filium
542 4009 622 4049 suum
641 3991 878 4068 primogenitum
912 3988 988 4072 quod
1007 3989 1131 4052 eundem
1156 4008 1274 4051 sensum
1293 3988 1343 4051 ba·

189 4089 256 4168 bet,
288 4101 316 4152 et
338 4091 373 4153 ad
392 4090 590 4154 admirabilem
612 4090 648 4152 de
666 4088 781 4173 virgine
800 4089 997 4174 cognitionem
1020 4091 1165 4169 refertur,
1195 4089 1242 4153 cui
1265 4112 1344 4154 sum-

190 4210 254 4254 mus
278 4192 372 4255 bonor
395 4213 410 4255 a
434 4193 490 4255 deo
509 4193 701 4278 tribueretur.

275 4291 385 4359 Verum
409 4315 448 4359 ne
469 4295 534 4379 quis
556 4315 596 4359 ex
613 4317 650 4359 eo
667 4294 743 4380 quod
766 4294 909 4381 scriptum
936 4305 1000 4376 est,
1034 4301 1193 4377 Antequam
1216 4300 1344 4358 canuem'-
1386 4326 1447 4395 (qq,

1373 4395 1448 4451 XXI.

188 4464 302 4512 cambuta
315 4463 455 4531 γεγένηται.
490 4468 608 4517 ltoettam
622 4469 750 4518 Carnarim
783 4466 989 4533 primogenitum,
1016 4465 1105 4517 eodem
1123 4465 1199 4518 modo
1216 4465 1343 4536 interpre-

188 4533 257 4582 vertit
282 4532 329 4592 Et,
356 4534 441 4584 Dnuec
463 4534 561 4604 peperit
584 4534 661 4585 lilium
683 4551 753 4587 auum
787 4535 835 4585 tari
852 4535 944 4600 debes,
962 4545 1066 4603 propter
1082 4541 1132 4587 cett.
1286 4547 1288 4550 ’
