3096 5070
202 336 266 399 452
622 346 745 401 sANc'rl
762 347 931 399 ΕΡΙΡΗΔΝΠ

203 490 264 552 τρμ
285 460 422 538 κανόνος.
435 461 555 546 σφόδρα
570 431 799 547 ήσφαλισγιέόης.
843 463 900 530 Διό
921 461 988 530 ούτε
1013 464 1159 549 ἐπιτρέπει
1178 461 1294 543 όθεῑος
1313 465 1367 533 λό-

203 591 256 651 γος
277 567 395 650 γυναικί
422 567 454 630 ἐν
469 568 606 654 ἐκκλησία
620 574 732 647 λαλεῖν,
760 564 829 633 ούτε
851 563 1008 632 αὐθεντεῖν
1029 567 1147 652 ύνδρός.
1193 570 1253 633 Καί
1266 566 1366 636 πολλοὶ

203 670 264 734 ἐστι
285 670 354 755 περί
374 665 483 734 τούτου
502 669 604 755 λέγειν.
660 704 664 716 ¹

66 886 135 954 Κεφ.
155 879 186 937 δ’.
293 876 524 959 Παρατηρητέον
544 875 577 940 δέ
597 873 645 940 ότι
662 871 729 961 ύχρι
747 878 944 940 διακονισσοῖν
961 872 1054 958 μόνον
1072 874 1105 942 τό
1122 877 1367 960 ἐκκλησιαστικὸν

204 974 353 1059 ἐπεδεήθη
376 975 486 1062 τύγμα,
516 975 608 1062 γήρας
633 1003 663 1042 τε
687 975 838 1059 ιόνόμασι,
868 979 920 1042 καὶ
941 976 1055 1043 τούτων
1068 975 1121 1054 τός
1136 980 1179 1044 ἐτι
1199 981 1367 1066 γραοτέρας

69 1106 190 1168 mim.
204 1078 419 1166 πρεσβύτιδας,
449 1076 586 1162 ούδαμοῠ
602 1081 634 1146 δέ
658 1082 887 1165 πρεσβυτιρίδας
903 1077 926 1162 η’
940 1082 1070 1166 λιρίσσοις
1089 1083 1254 1166 προςέταξε.
1298 1085 1364 1149 Καὶ

202 1179 258 1267 γαρ
276 1178 343 1247 ούτε
368 1180 505 1248 διακονοι
526 1183 558 1247 ἐν
579 1185 856 1272 ιῇέκκλησιαστική
873 1181 952 1260 τύξει
973 1180 1192 1266 ἐπιστεύθησαν
1204 1211 1231 1250 τι
1248 1185 1364 1269 μυστή-

203 1310 269 1371 ριον
288 1287 437 1365 ἐπιτελεῖν,
459 1281 531 1351 ἄλλα
548 1284 642 1366 μόνον
657 1289 807 1351 διακονεῖν
823 1284 859 1349 τό
873 1283 1087 1369 ἐπιτελούμενα.
1133 1285 1240 1353 Πόθεν
1256 1288 1289 1353 δέ
1303 1287 1365 1354 πύ-

201 1395 247 1453 λιν
264 1383 367 1470 ήμῐνό
382 1385 486 1463 καινός
508 1394 608 1470 μῦθος
626 1380 715 1464 ούτος
735 1385 903 1474 ἐγήγερταις
950 1385 1056 1454 Πόθεν
1079 1396 1230 1474 γυναικοῖν
1253 1396 1363 1472 τῦφος,

202 1490 254 1554 καί
271 1493 360 1571 μανία
384 1499 604 1573 γυναικωνῖτις;
651 1490 757 1556 Πόθεν
775 1493 941 1573 τρεφομένη
960 1488 981 1573 ή
997 1495 1088 1556 κακία
1110 1490 1160 1557 διό
1180 1499 1256 1576 ιτῆς
1270 1492 1364 1560 πόλιν

202 1591 334 1673 θήλεως,
365 1588 438 1674 ἡμῖν
456 1590 489 1658 τό
509 1600 588 1675 θῆλυ
612 1600 666 1675 τῆς
679 1590 825 1670 ύπονοίας
842 1602 904 1669 τοῖς
921 1592 1111 1680 φρονήμασιν
1131 1596 1303 1679 ἐπιχέοασα,
1325 1595 1362 1663 τό

203 1696 346 1780 σφέτερον
365 1691 556 1777 ἡδυπαθείας
578 1697 770 1783 ἐργαζομένη,
799 1694 861 1761 ύπό
879 1702 933 1761 τοῦ
955 1698 1152 1782 προκειμένου
1168 1700 1224 1775 ἐξω
1246 1703 1362 1782 βαίνειν

201 1795 256 1878 τήν
275 1796 415 1862 τάλαιναν
430 1805 491 1863 τοῖν
504 1796 677 1884 ύνθριόποτν
699 1799 792 1881 φύσιν
813 1801 950 1884 ἐπιχειρεῖ
967 1797 1153 1884 όναγκύζεινς
1195 1796 1279 1866 ’M
1301 1801 1361 1885 μήν

201 1906 257 1964 τού
272 1896 339 1981 Ἰούβ
354 1899 509 1983 δεξόμεθα
523 1899 558 1966 τό
574 1899 716 1987 φρόνημα
728 1899 761 1967 τό
775 1900 893 1987 στερεόν
907 1907 961 1966 τοῦ
973 1899 1118 1984 α’θλητοῦ,
1136 1903 1360 1988 ἐξοπλισοόμεθα

200 1999 256 2084 τήν
278 2005 398 2067 δικαίαν
424 2002 584 2088 απόκρισιν
609 2005 659 2070 ἐπί
679 2013 743 2080 τοῖς
765 2008 886 2088 χείλεσιν
910 2000 1124 2086 αναλαβύντες,
1157 2009 1284 2089 εἴπωμεν
1307 2009 1359 2072 καί

200 2101 286 2169 αύτολ
296 2156 305 2182 ,
316 2104 432 2191 Ὥςπερ
449 2110 502 2188 μία
514 2113 574 2172 τῶν
587 2104 731 2192 ύφρόνων
745 2114 897 2192 γυναικῶν
912 2105 1061 2189 ἐλόλησας.
1107 2108 1215 2175 Πόθεν
1228 2107 1285 2195 γαρ
1301 2106 1354 2174 ούκ

201 2205 401 2292 ἐμβρόντητον
424 2205 457 2274 τό
481 2216 617 2275 τοιοῦτον
640 2207 803 2291 φανήσεται
825 2211 914 2275 παντί
930 2216 972 2297 τῷ
988 2208 1107 2274 σύνεσιν
1123 2212 1230 2294 έχοντι,
1257 2212 1307 2275 καί
1320 2211 1352 2274 ἐν

199 2316 263 2398 θεῷ
277 2312 463 2399 κεκτημένοις
502 2311 609 2377 Πόθεν
621 2311 680 2377 ούκ
694 2309 886 2378 είδοιλοποιόν
899 2308 932 2377 τό
949 2309 1139 2396 ἐπιτήδευμα,
1159 2314 1209 2378 καί
1219 2308 1253 2376 τό
1264 2313 1348 2396 ἐγγεί·

200 2439 280 2497 ρημα
303 2412 489 2495 διαβολικόν;
535 2412 694 2500 Προφύσει
718 2413 773 2500 γαρ
796 2419 915 2480 δικαίου
939 2412 985 2479 ύιί
1008 2412 1187 2492 ύπνιςδύνοιν
1209 2410 1264 2494 τήν
1285 2410 1349 2477 διό-

200 2539 286 2580 νοιαν
310 2511 328 2580 ό
349 2512 488 2598 διύβολος
516 2524 575 2582 τῶν
596 2513 785 2602 α’νθρούποτν,
813 2515 867 2600 τήν
888 2516 1005 2600 θνητήν
1030 2519 1118 2598 φύσιν
1143 2522 1290 2581 θιοποιῶν
1310 2517 1352 2591 είς

199 2615 380 2700 ὀφθαλμούς
404 2615 592 2705 οἲνθροόποιν,
624 2616 811 2705 ύνδροιίκελα
839 2617 990 2706 ύγύλματα
1013 2618 1062 2687 διό
1081 2621 1226 2694 ποικιλίας
1246 2624 1355 2701 τεχνῶν

200 2722 352 2807 διέγραψε.
397 2726 458 2787 Καί
470 2721 632 2805 τεθνήκασι
647 2723 701 2804 μέν
715 2725 747 2787 οί
756 2722 1018 2808 προςκυνούμενοι,
1039 2720 1076 2788 τύ
1092 2721 1124 2788 δέ
1136 2719 1251 2788 τούτων
1268 2718 1355 2806 ύγύλ-

198 2850 278 2907 ματα
301 2827 376 2906 μηδέ
399 2850 471 2890 ποτε
489 2823 615 2909 ζήσαντα
636 2822 716 2909 (ούτε
738 2823 795 2911 γαρ
812 2824 901 2910 νεκρύ
919 2824 1041 2891 δύναται
1061 2826 1198 2910 γενέσθαι
1215 2821 1252 2888 τύ
1268 2824 1356 2906 μηδέ-

198 2952 269 2991 ποτε
291 2927 429 3010 ζήσαντα)
458 2926 646 3013 προςκυνητύ
671 2926 896 3013 παρειςύγουσι,
929 2924 980 2992 δια
1004 2926 1201 3010 μοιχευσύσης
1224 2929 1359 3003 διανοίας

199 3025 258 3094 ύπό
277 3037 329 3095 τοῦ
353 3029 421 3107 ένός
444 3033 495 3096 καὶ
519 3030 613 3113 μόνον
636 3038 730 3111 θεοῦ,
762 3028 804 3107 οἱς
820 3027 1030 3113 ήπολύκοινος
1054 3028 1151 3115 πόρνη
1175 3030 1224 3094 ἐπί
1246 3025 1358 3112 πολλήν

198 3129 327 3198 ύτοπίαν
344 3138 518 3215 πολυμιξίας
536 3136 745 3219 ἐρεθισθεῖσα,
774 3135 825 3198 καί
840 3131 873 3198 τό
892 3139 1015 3217 σῶφρον
1030 3129 1258 3217 ύποτριψαμένη
1280 3137 1357 3213 ’τῆς

197 3241 251 3299 τοῦ
269 3233 336 3311 ένός
360 3235 470 3322 ἄνδρας
487 3236 635 3320 εύνομίας.
682 3239 743 3301 Ναί
760 3236 819 3319 μήν
834 3235 919 3322 ύγιον
933 3227 971 3319 ήν
985 3232 1018 3300 τό
1040 3243 1125 3317 σῶμα
1145 3240 1198 3316 τῆς
1215 3237 1356 3317 Μαρίας·

199 3336 237 3402 ού
254 3336 314 3419 μήν
329 3337 411 3414 θεός.
457 3340 520 3403 Ναί
532 3337 570 3421 δή
586 3341 739 3424 παρθένος
752 3332 791 3421 ἦν
808 3335 1001 3423 ήπαρθένος,
1025 3340 1076 3402 καί
1089 3338 1273 3419 τετιμημένη,
1296 3331 1356 3400 αλλ’
1403 3394 1405 3405 τ

199 3436 255 3504 ούκ
280 3443 321 3517 είς
346 3439 546 3527 προςκύνησιν
570 3438 643 3524 ἡμῖν
666 3445 807 3520 δοθεῖσα,
836 3438 909 3506 ἄλλα
922 3445 1130 3526 προςκυνούσα
1145 3436 1197 3505 τόν
1214 3442 1245 3517 ἐξ
1263 3437 1357 3521 αύτῆς

199 3545 285 3627 σαρκί
302 3545 528 3629 γεγεννημένον,
551 3541 612 3610 ύπό
631 3544 770 3631 ούρανοῑν
787 3544 818 3609 δέ
836 3546 869 3609 ἐκ
885 3540 1005 3608 κόλπων
1024 3541 1172 3630 πατρῴαν
1191 3539 1356 3630 παραγενό-

199 3671 296 3728 μενον.
342 3649 403 3711 Καὶ
418 3645 468 3711 διό
483 3653 569 3712 τοῦτο
584 3645 617 3713 τό
633 3645 800 3733 εύαγγέλιον
814 3648 1037 3727 ἐπασφαλίζεται
1050 3642 1129 3727 ἡμᾶς
1139 3646 1238 3730 λέγον,
1260 3642 1357 3709 αύτού

197 3755 252 3813 τοῦ
277 3753 384 3835 κυρίου
406 3747 558 3831 φήσαντος
580 3748 642 3829 ότι,
679 3754 714 3814 Τί
737 3752 803 3832 ἐμοὶ
823 3751 873 3815 καί
900 3750 961 3824 σολ,
993 3746 1095 3834 γύναις
1142 3746 1235 3813 Ούποι
1252 3743 1358 3830 ήκειή

198 3848 262 3935 ούρα
277 3878 344 3933 μου.
378 3850 446 3917 Ἵνα
461 3848 523 3919 α’πό
540 3858 606 3930 τοῦ,
639 3852 748 3932 Γύναι,
770 3857 798 3918 τί
812 3853 879 3936 ἐμοί
895 3853 947 3916 καί
966 3853 1026 3930 σοί,
1061 3848 1102 3933 μή
1119 3876 1195 3928 τινες
1213 3853 1357 3934 νομίσωσι

198 3953 405 4040 περισσότερον
420 3952 495 4020 εἶναι
510 3953 564 4039 τήν
578 3953 664 4041 ύγίαν
678 3956 848 4041 παρθένον,
870 3962 998 4040 γυναῖκα
1014 3952 1125 4036 ταύτην
1139 3955 1290 4037 κέκληκεν,
1314 3949 1357 4029 οἷς

198 4057 412 4143 προφητεύων,
443 4066 502 4124 τοῖν
520 4058 684 4141 μελλόντων
702 4061 821 4124 ἐσεσθαι
845 4059 896 4123 ἐπὶ
919 4065 973 4140 τῆς
992 4064 1048 4143 γῆς
1068 4055 1233 4140 σχισμύτων
1255 4078 1286 4120 τε
1303 4056 1357 4121 καλ

233 4231 292 4281 Cn».
306 4233 347 4283 IV.
365 4263 400 4274 -
443 4232 464 4283 1.
482 4236 519 4284 Διι
535 4235 634 4296 {ortam
655 4235 699 4286 τοῦ
714 4247 759 4297 ρο·
825 4228 906 4299 θοήν
921 4234 1029 4284 mendose
1046 4237 1109 4283 ταλαί
1123 4235 1148 4282 ιἰι
1165 4233 1201 4282 ιιλ
1210 4234 1293 4283 Ριιον.
1310 4233 1356 4284 co·

196 4301 243 4350 ιλιι
259 4303 425 4352 scribendum?
791 4303 837 4352 λου.
853 4306 924 4364 repet
