3096 5070
335 352 337 354 ,
389 291 525 344 ransart
545 290 608 342 ure.
622 290 666 342 nr.
682 289 763 343 rou.
778 289 799 340 r.
818 287 918 340 naun.
935 287 1057 338 uxxur.
1238 273 1298 338 tot

142 412 241 492 halet,
265 411 359 492 dlios,
384 409 697 475 administrandorum
714 419 797 494 petre
813 409 911 471 laeere
927 406 1045 480 dieitur,
1070 427 1128 470 uon
1143 405 1219 470 idem
1230 425 1299 470 essa

140 514 284 594 eum'illo,
309 525 360 578 aut
374 513 525 600 principali
541 512 626 575 modo
645 513 756 574 faeere.
801 507 880 574 Nam
900 528 1099 593 quaecumque
1116 518 1197 592 pater
1215 506 1297 586 laeit,

140 617 241 680 eadem
262 627 291 679 et
308 616 402 695 lilius,
434 635 492 678 non
510 614 613 676 eodem
633 623 730 677 tamen
748 613 853 689 modo,
884 612 937 675 sed
963 609 1099 673 similiter
1122 608 1202 673 lauit.
1249 606 1298 674 Ex

140 720 273 804 hisvero
295 717 431 782 omnibns
448 715 632 801 perspieuum
650 722 697 778 est
715 715 806 777 filiam
821 715 850 776 in
868 713 1003 777 omnibus
1024 711 1114 797 petris
1131 731 1199 775 ease
1217 710 1299 775 nimi·

140 821 209 898 lem,
226 820 469 904 quemadmodum
481 817 556 881 lilius
576 815 666 901 patria
681 836 749 879 esse
764 815 868 880 similis
883 815 981 892 debet,
1005 836 1024 878 a
1042 836 1100 899 quo
1117 812 1234 899 proprie
1254 823 1300 876 eut

140 920 464 1007 arlegitirnegenitus.
510 916 582 983 lllud
599 919 675 982 euim
695 928 741 983 est
757 918 932 994 absurdum,
964 916 1134 994 filiumdei,
1168 914 1299 999 quisae·

140 1026 214 1090 eolis
229 1022 364 1087 omnibus
385 1021 517 1084 anterior
534 1031 601 1099 eat,
633 1031 665 1084 et
686 1020 860 1083 naturaliter
880 1021 952 1083 deus
970 1040 987 1080 a
1004 1021 1059 1082 deo
1079 1028 1160 1103 patre
1181 1037 1298 1102 prooes-

140 1128 196 1205 sit,
229 1146 293 1188 eum
318 1132 436 1209 praeter
458 1133 592 1186 naturam
613 1143 695 1186 auam
716 1122 802 1186 homo
820 1131 927 1185 estex
943 1119 1038 1185 llario
1056 1120 1172 1204 virgine
1190 1121 1297 1197 laetus,

140 1229 169 1290 iu
181 1248 221 1291 eo
238 1227 322 1310 ipso,
354 1225 429 1309 quod
445 1235 564 1310 praeter
579 1236 712 1288 naturam
730 1211 871 1303 habebat,
903 1224 1079 1288 naturalium
1095 1222 1242 1286 hominum
1258 1221 1300 1284 si·

141 1329 237 1391 milem
255 1315 410 1406 extitisse,
440 1337 557 1412 praeter
575 1337 709 1391 naturam
726 1337 822 1390 autem
838 1335 904 1390 erat
920 1327 960 1390 illi
976 1326 1023 1411 qui
1048 1326 1119 1389 deas
1137 1334 1235 1403 esset,
1267 1334 1299 1388 ut

142 1431 227 1493 homo
244 1431 345 1506 lieret,
369 1440 399 1491 at
416 1428 445 1490 iu
462 1450 516 1508 eo,
542 1431 617 1513 qnod
636 1427 690 1512 ipsi
710 1428 844 1491 naturale
861 1439 924 1508 est,
956 1449 1013 1490 non
1031 1449 1099 1490 esse
1116 1427 1225 1512 patris,
1250 1424 1299 1509 qui

141 1553 173 1595 se
190 1531 342 1617 genuerit,
367 1531 502 1595 similem.
548 1528 582 1595 Si
600 1531 676 1592 enim
694 1529 724 1592 in
743 1552 796 1609 eo,
821 1531 896 1615 quod
916 1540 1181 1615 praeteritotorum
1199 1528 1297 1605 habet,

56 1712 57 1715 Ἴ
141 1655 242 1698 eorum
256 1633 359 1696 similia
374 1644 420 1697 est
436 1633 540 1718 quibus
556 1632 626 1696 illud
642 1632 735 1716 ipsum
754 1633 929 1695 naturaliter
945 1633 1101 1708 eotrvenit,
1127 1630 1217 1694 multo
1237 1651 1298 1693 ma·

140 1738 185 1821 gin
202 1736 232 1800 iu
249 1757 304 1816 eo,
337 1737 413 1821 quod
431 1735 564 1801 naturale
581 1745 611 1798 et
625 1734 744 1799 insitum
761 1733 868 1813 habet,
901 1735 993 1820 patris
1009 1732 1086 1797 illiue
1103 1732 1208 1797 similis
1227 1731 1297 1809 erit,

141 1860 234 1924 aquo
260 1838 434 1902 naturaliter
458 1848 504 1901 eet
524 1848 554 1900 et
578 1837 707 1922 legitime
729 1839 859 1920 genitus.
905 1834 983 1900 lliue
1007 1835 1107 1920 itaque
1134 1833 1299 1919 eolligimua

142 1942 231 2019 illud,
262 1941 339 2024 quod
366 1940 513 2017 diximus,
545 1939 669 2004 similem
694 1939 724 2002 in
745 1939 879 2003 omnibus
897 1959 965 2002 esee
982 1939 1073 2023 patris
1087 1938 1177 2002 lilium
1195 1958 1234 2001 ex
1250 1959 1299 2002 sa·

142 2063 259 2108 erorum
276 2041 415 2105 librorum
438 2041 614 2105 anctoritate
634 2040 816 2126 pronuntiari
835 2042 957 2125 insuper
972 2051 1128 2126 oportere,
1160 2039 1299 2124 quemad·
1362 2087 1363 2090 ,

142 2145 258 2208 modum
283 2142 387 2207 similis
410 2142 558 2207 notionem
583 2142 620 2208 iia
642 2163 717 2226 quae
741 2142 877 2227 proxime
899 2143 1193 2206 commemoravimus
1213 2142 1299 2207 nobis

140 2246 291 2332 apostolus
308 2244 436 2308 tradidit.
481 2242 599 2308 Etenim
615 2245 719 2309 similis
733 2257 791 2326 est,
811 2257 956 2330 quatenus
971 2246 1031 2308 vita
1048 2265 1088 2308 ex
1105 2246 1177 2323 vita,
1201 2245 1299 2311 lumen

142 2369 164 2423 e,
175 2348 306 2427 lumine,
330 2367 419 2411 verus
437 2367 479 2409 ex
496 2366 580 2424 vero,
606 2357 635 2409 et
652 2348 797 2433 sapientia
813 2370 829 2413 a
846 2348 979 2433 sapiente
998 2346 1141 2433 procedit.
1185 2348 1298 2432 Atque,

140 2461 174 2515 ut
196 2472 256 2514 uno
279 2449 371 2515 verbo
400 2448 511 2526 diram,
542 2448 646 2511 iisdem
670 2469 687 2512 e
711 2450 865 2536 seripturis
894 2461 1009 2514 onustat
1035 2472 1093 2514 nou
1121 2450 1240 2513 notione
1263 2470 1299 2514 ae

142 2554 292 2617 voluntate
306 2551 400 2616 solum
416 2551 507 2629 illius,
531 2551 584 2614 ned
600 2554 760 2617 seeundum
779 2554 833 2626 huo
852 2553 944 2638 ipsam
970 2554 1045 2638 quod
1064 2562 1129 2630 est,
1153 2563 1184 2615 et
1204 2551 1300 2616 subsi-

140 2656 209 2731 stit,
226 2665 328 2738 ¹atque
344 2653 464 2732 existit,
496 2652 621 2717 similem
636 2655 666 2718 in
683 2656 817 2750 omnibus
836 2676 904 2720 esse
927 2656 1022 2741 patri,
1055 2655 1102 2740 qni
1126 2676 1160 2722 se
1184 2654 1301 2738 genuit,

141 2755 381 2840 quemadmodum
404 2756 480 2841 patri
502 2755 581 2819 lilius
599 2756 704 2820 similis
719 2770 778 2823 est.

226 2854 353 2941 Quodsi
371 2859 440 2922 novi
458 2859 497 2921 illi
515 2858 656 2922 haeretiei
672 2860 824 2929 nobiseum
840 2861 1022 2945 disputantes
1037 2861 1198 2944 ingenitum
1215 2857 1452 2943 geni-cnmxtx

143 2968 260 3044 tamquo
277 2959 422 3039 dixerint,
447 2961 492 3025 sie
509 2961 567 3025 illis
583 2983 792 3027 ooeurremns:
817 2962 954 3047 quoniam
967 2963 1151 3027 substantiae
1177 2983 1297 3040 nomeu,

141 3083 199 3146 quo
217 3072 317 3147 patres
333 3062 377 3127 usi
394 3072 480 3140 nutat,
511 3083 547 3126 eo
565 3067 642 3148 quod
660 3064 689 3128 in
708 3068 853 3151 scriptura
870 3087 928 3129 uon
945 3076 1047 3144 extat,
1079 3066 1154 3130 mala
1174 3065 1232 3128 lide
1251 3085 1299 3129 ra·

141 3164 287 3249 pudiatis,
318 3184 413 3248 neque
437 3186 491 3228 nos
515 3165 637 3250 ingeniti
660 3167 853 3246 vocabulum,
884 3182 1020 3252 tanquam
1039 3169 1148 3252 scripto
1166 3190 1226 3232 nou
1244 3189 1299 3232 ex·

140 3287 291 3350 pressum,
314 3266 503 3331 admittimus.
547 3265 626 3331 Nam
644 3269 844 3354 inoorroqtum
860 3270 995 3355 quidem,
1029 3282 1059 3335 et
1083 3293 1140 3335 non
1166 3282 1299 3356 aspertu-

141 3369 245 3446 bilem,
279 3377 310 3430 et
336 3368 528 3433 immortalem
555 3381 644 3434 vorat
669 3373 838 3457 apostolus,
870 3374 1032 3457 ingenitum
1056 3394 1128 3438 vero
1157 3394 1298 3458 nunqnam

140 3469 285 3553 scriptura
311 3470 483 3534 nominavit.
528 3472 652 3537 Accedit
680 3476 755 3558 quod
778 3475 946 3559 ingenitus,
978 3476 1018 3539 nti
1041 3475 1188 3554 diximus,
1225 3496 1298 3538 nou·

141 3570 207 3632 dum
222 3572 314 3654 ipsam
333 3574 426 3657 patris
441 3573 590 3637 notionem
608 3575 774 3660 signilioat,
808 3598 902 3662 neque
922 3579 1053 3662 genitum
1070 3579 1186 3663 proprie
1206 3577 1297 3640 lilium

143 3671 293 3755 exprimit,
310 3676 360 3736 sed
379 3675 413 3736 ad
432 3675 528 3738 onrnia
544 3680 688 3761 >producta
710 3681 905 3744 communiter
923 3680 1061 3764 pertinet.
1085 3678 1164 3744 Nam
1182 3680 1230 3764 qui
1247 3700 1299 3762 ge·

140 3772 232 3837 uitum
257 3774 343 3851 dieit,
375 3776 543 3860 productam
569 3779 704 3862 quiddam
728 3781 834 3864 aliquid
855 3803 921 3846 esse
947 3786 1148 3860 demonstrat,
1181 3782 1298 3845 minime

140 3886 238 3938 tamen
271 3875 380 3954 lilium,
424 3879 470 3961 qui
502 3879 538 3940 ab
571 3890 692 3942 aeterno
725 3883 881 3966 productus
912 3885 1113 3967 eorteipiatur,
1156 3885 1295 3949 ostendit.

140 3973 341 4060 Quamobrem
365 4000 430 4042 oum
454 3980 500 4043 dei
526 3980 617 4043 filium
635 3981 671 4043 ab
690 3993 812 4046 aeterno
831 3986 1028 4070 intelligamus
1049 3986 1198 4065 existere,
1227 3987 1298 4051 illud

139 4082 234 4164 ipsum
252 4101 357 4144 nomen
377 4094 528 4165 praeterea
549 4102 730 4166 nequaqnam
746 4084 940 4166 admittimnn3
965 4088 1100 4172 quoniam
1122 4088 1211 4174 patris
1230 4091 1298 4154 atit-

139 4204 196 4266 qne
213 4204 318 4247 nomen
335 4185 370 4248 ed
387 4184 464 4248 aliud
483 4186 616 4270 quiddam
636 4186 833 4250 habitudinem
852 4189 1012 4273 signifieat.
1061 4189 1144 4256 Unde
1161 4193 1231 4256 lieet
1247 4214 1298 4278 pa-

174 4387 357 4440 cm.XlX.-
378 4390 398 4442 l.
408 4388 475 4444 κενοὶ
490 4392 558 4442 redd.
574 4405 629 4442 mar.
639 4396 702 4442 utar·
737 4390 864 4446 uinuaed.
883 4381 977 4446 Petne(

140 4470 191 4519 que.
234 4519 243 4541 ,
768 4462 792 4513 3.
810 4457 910 4517 ου’δίπω
932 4466 1002 4517 redd.
1023 4482 1078 4519 mer.
1099 4475 1194 4534 uterque
1216 4473 1238 4521 rt
1257 4470 1295 4519 ad.

172 4525 195 4576 2.
213 4524 314 4582 oudino
328 4529 398 4579 codd.
412 4542 467 4578 mer.
480 4533 502 4578 rt
516 4529 546 4579 ed
558 4532 633 4592 ortua
658 4525 700 4586 oti·
731 4533 809 4596 prine-
843 4525 951 4588 adamae
967 4536 1004 4592 td.
1020 4537 1103 4596 Puteo.
