3096 5070
185 275 247 340 770
639 285 748 339 tucax
765 286 891 339 aaron.

185 403 297 457 Platonis
320 403 392 455 loeus
409 421 439 454 ex
456 403 591 456 Phaedone
607 403 641 455 ds
658 404 747 457 mortis
760 416 763 461 Ι
777 404 918 472 Prophetae
933 404 1032 456 Doridis
1045 421 1162 457 excessus
1172 402 1261 473 qualis
1276 401 1360 453 uerit

218 489 365 540 definitione
382 492 440 539 880.

183 575 466 627 Pneumatomaclrorum
479 574 588 626 haeresis
602 578 643 628 84.
657 575 746 626 ordine

812 493 870 539 408.
884 518 917 528 -
950 489 1012 541 item
1029 502 1056 541 et
1071 489 1140 540 Petri
1156 490 1186 540 iu
1204 488 1274 541 actis
1292 486 1357 538 ibid.

778 575 919 641 Prophetae
935 573 1092 626 Antiochiam
1106 575 1250 642 migrantes
1267 573 1357 624 famen

218 658 402 726 septuagesima
415 669 503 727 quartu
518 662 575 709 888.
586 688 619 700 -
651 659 700 727 ipsi
714 677 744 710 ex
761 658 764 705 Ι
812 659 959 711 nuntiarunt
975 664 1034 712 408.

220 743 315 794 Arianis
331 753 357 793 et
374 743 504 794 catholicis
520 744 622 796 couliati
637 748 695 796 sut.
713 773 744 785 -
780 744 922 812 Prophetae
936 744 995 797 olim
1006 745 1150 808 necessarii,
1167 745 1216 796 sed
1230 753 1296 812 post
1310 741 1356 794 ad·

219 832 251 883 de
267 849 326 885 reru
350 829 400 881 litle
423 839 450 879 et
463 829 553 897 spiritu
576 829 699 898 quaedum
715 846 745 881 ex

218 923 345 969 Ancorato
365 914 497 982 Epiphauii
513 926 634 982 excerpta
652 918 709 965 888.

183 1001 341 1053 Poeuiteutia
352 999 428 1068 lapsis
439 1000 596 1062 conceditur,
613 998 744 1068 exemplis·

218 1104 266 1154 que
288 1103 347 1138 vere
370 1085 555 1154 poenitentium
574 1085 601 1137 id
624 1084 746 1153 probatur

814 841 916 881 ventum
940 829 1034 882 Christi
1057 842 1206 892 cessurrmt,
1235 827 1354 898 quamvis

814 931 865 964 nou
888 915 1018 966 necesarii
1037 926 1122 967 tamen
1140 932 1195 967 noa
1210 912 1353 983 spernendi

814 998 883 1067 qnod
898 999 1029 1070 multiplici
1044 1000 1212 1052 similitudine
1231 998 1351 1051 declara-

816 1095 855 1135 tur
873 1088 931 1134 888.

218 1175 277 1223 800.
298 1199 329 1211 -
371 1170 461 1237 quibus
485 1170 567 1222 verbis
592 1170 618 1221 ia
642 1170 745 1221 cantico
781 1169 977 1238 Prophetarum,
992 1171 1170 1239 apostolorum
1186 1181 1217 1223 et
1236 1187 1349 1238 evenge-

218 1257 348 1325 eieganter
369 1254 519 1324 depingatur
542 1259 600 1306 501.
619 1283 651 1296 -
686 1266 746 1323 post

216 1353 325 1393 mortem
342 1341 514 1409 poeniteutiae
528 1340 609 1393 nullus
624 1350 664 1391 est
675 1341 745 1393 locus

218 1431 276 1479 808.

813 1255 925 1306 litterum
948 1255 1078 1307 consentio
1101 1256 1127 1306 in
1146 1275 1208 1308 vera
1230 1255 1284 1307 fide
1302 1256 1348 1307 tri·

814 1341 900 1391 uitatis
916 1345 976 1394 488.

780 1426 922 1494 Prophetae
940 1425 991 1477 reri
1008 1445 1023 1476 a
1041 1426 1105 1478 salso
1132 1426 1273 1479 discrimen
1289 1430 1345 1477 404.

184 1512 369 1565 Poeuiteatium
395 1528 447 1561 nou
474 1528 549 1561 anam
578 1511 633 1563 dari
657 1522 746 1563 contra
781 1512 922 1580 Prophetae
945 1512 1145 1580 suiuompotes,
1176 1523 1208 1562 et
1233 1529 1263 1562 eu
1285 1527 1344 1579 quae

219 1599 356 1662 Nouatum,
374 1595 420 1646 ted
428 1595 525 1663 saepius
539 1596 634 1660 iterari,
650 1606 677 1646 et
691 1614 745 1647 esse

216 1682 359 1734 hominibus
380 1680 545 1732 necessariam
568 1685 627 1735 488.
645 1710 680 1721 -
713 1681 746 1733 de

812 1595 926 1648 dicerent
948 1596 1115 1664 intelligenter
1137 1596 1275 1648 vaticinati
1288 1604 1340 1647 suut

813 1685 872 1732 408.

219 1785 248 1819 ea
263 1766 402 1833 explicetur
424 1765 536 1834 apostoli
550 1766 620 1818 locus
635 1771 694 1818 484.
712 1796 744 1807 -
779 1767 931 1834 Prophetise
960 1785 1003 1818 cur
1028 1769 1166 1836 loquantur
1196 1765 1232 1818 de
1260 1766 1337 1817 futuro

219 1869 262 1903 cnr
291 1851 397 1902 ecclesia
421 1851 605 1918 poenitentiam
627 1852 746 1905 admittat

217 1936 277 1988 ibid.

812 1870 858 1920 per
874 1863 970 1921 tempus
987 1853 1149 1920 praeteritum
1166 1852 1211 1904 rel
1228 1868 1343 1920 praecem

813 1941 888 1988 1088.

184 2023 280 2074 Poetae
297 2021 404 2090 gentiles
426 2022 500 2074 initio
524 2039 628 2091 operum
651 2023 743 2087 Musas,
778 2022 953 2090 Prophetisrae
972 2022 1083 2073 Priscilla
1105 2032 1133 2073 et
1151 2021 1311 2081 Maximilla,
1330 2039 1345 2072 a

219 2106 354 2159 Christiani
363 2122 448 2158 verum
459 2107 577 2160 invocant
589 2110 662 2161 deum
674 2114 698 2161 2.
710 2138 740 2149 -

218 2191 329 2244 omuinm
341 2209 425 2244 rernm
433 2192 537 2244 scientis
547 2193 596 2245 soli
609 2193 658 2245 deo
670 2211 741 2245 com·

216 2276 283 2346 petit
301 2282 325 2329 2.

185 2361 337 2431 Polyandrie
349 2362 478 2431 sepulcra,
505 2379 568 2431 quae
583 2373 610 2414 et
628 2362 670 2414 ubi
685 2374 743 2415 tuat

218 2451 275 2501 182.

184 2532 333 2586 Pontificum
354 2532 522 2584 homanorum
541 2551 617 2601 usque
631 2532 665 2584 ad
678 2533 741 2585 nni-

218 2630 300 2671 cetum
316 2617 440 2669 succendo
458 2622 516 2668 101.

183 2703 344 2773 Porphyrius,
361 2703 443 2753 etalii
455 2702 561 2769 gentiles
579 2702 743 2771 evangelistas

217 2788 433 2856 reprehenderunt
449 2792 508 2839 488.

183 2873 328 2924 Potumunis
340 2874 366 2924 in
381 2873 513 2924 Eusebium
528 2873 652 2926 libertatis
666 2872 743 2941 plene

219 2976 269 3009 unx
288 2962 345 3009 788.

183 3043 326 3096 Potestates
341 3061 357 3096 a
372 3043 422 3096 deo
434 3044 596 3106 constitutae,
612 3055 639 3095 et
654 3046 680 3094 in
697 3060 743 3094 eo·

218 3129 275 3180 dem
291 3144 369 3196 reguo
385 3129 512 3181 stabilitae
527 3129 568 3180 uni
590 3140 673 3180 tamen
690 3128 744 3195 regi

218 3227 308 3282 pureut
327 3217 386 3265 284.

184 3300 379 3367 Praeceptorum
405 3316 569 3368 quorumnam
600 3297 743 3351 obseruatio

217 3384 251 3436 sit
268 3386 406 3437 necessarie
419 3389 477 3435 not.

185 3469 328 3538 Presbyteri
343 3470 396 3520 lieri
411 3487 463 3521 nou
478 3481 582 3538 ponunt
594 3469 701 3533 uxorati,
719 3479 746 3519 et

218 3554 250 3607 de
267 3554 411 3606 clericorum
426 3554 548 3607 caelibatu
561 3553 672 3606 notanda
686 3557 744 3606 488.

219 3667 252 3679 -
278 3658 321 3692 cur
344 3639 457 3691 nonnulli
480 3639 619 3708 presbyteri
642 3640 746 3708 aliisque

222 3726 249 3776 iu
266 3725 394 3777 ordinibus
411 3725 543 3777 constituti
560 3725 651 3777 liberor
666 3725 747 3777 tusci-

222 3812 293 3881 piant
310 3828 340 3863 ex
358 3811 475 3861 uxoribus
492 3810 553 3862 ibid.

185 3897 320 3964 Presbyter
335 3913 386 3945 non
404 3906 443 3947 est
461 3914 507 3964 par
520 3896 641 3964 episcopo
659 3905 747 3948 contra

218 3981 317 4033 Aetium
337 3984 395 4032 808.

183 4067 306 4136 Principia
323 4068 374 4119 duo
400 4060 472 4118 simul
501 4084 556 4118 este
574 4084 626 4119 aon
641 4077 746 4135 possunt

220 4158 278 4206 800.

185 4237 310 4307 Principis
336 4255 391 4288 este
413 4239 485 4306 plura
506 4255 558 4289 non
582 4246 689 4306 possunt
713 4253 746 4288 ue

219 4340 294 4374 unum
310 4324 415 4377 alterum
432 4323 545 4375 destruat
563 4327 621 4376 888.

812 2111 906 2159 Ioanne
920 2108 946 2157 iu
957 2107 1107 2175 Apocalypsi
1119 2107 1268 2175 praedictae
1287 2110 1346 2158 488.

777 2193 903 2261 Propheta
925 2193 950 2242 in
974 2193 1053 2244 veteri
1069 2203 1224 2244 testamento
1250 2191 1348 2243 dicitur

810 2278 898 2329 ridens
914 2281 973 2328 408.

777 2363 875 2414 Pruuici
901 2362 1000 2414 nomine
1028 2362 1088 2431 quid
1112 2363 1278 2430 intelligatur,
1310 2371 1339 2411 et

810 2449 929 2500 Prunicae
950 2447 1141 2515 pulchritudinis
1156 2464 1203 2498 voa
1221 2445 1282 2514 quid
1301 2445 1341 2495 si·

810 2534 911 2600 gnificet
929 2537 967 2582 88

777 2618 868 2669 Psalmi
892 2622 932 2668 88.
961 2617 1029 2668 loetts
1056 2617 1192 2686 explicatur
1216 2621 1279 2667 878.
1307 2646 1346 2657 -

811 2703 872 2753 item
890 2701 979 2753 Psalmi
998 2707 1056 2753 188.
1075 2702 1197 2772 expositio
1215 2701 1281 2752 ibit.

778 2788 915 2840 Ptolemaei
936 2806 1006 2839 error
1022 2787 1113 2856 impius
1130 2786 1194 2838 cirea
1217 2786 1283 2854 legis
1297 2805 1350 2837 au-

812 2885 908 2924 ctorem
930 2878 986 2923 221.
1003 2902 1040 2912 —
1073 2873 1126 2923 eius
1140 2872 1267 2922 refutatio
1286 2877 1351 2923 222.

811 2969 836 3009 et
851 2975 920 3026 seqq.
932 2986 964 2998 -
988 2975 1052 3026 quas
1064 2956 1183 3009 confinxit
1197 2955 1233 3006 de
1249 2957 1352 3024 triper-

811 3043 859 3093 tita
873 3042 933 3110 legis
943 3042 1065 3093 divisione
1073 3040 1223 3092 refelluntur
1241 3046 1307 3093 884.
1317 3073 1353 3084 -

811 3146 827 3179 a
842 3127 988 3179 Ptolemaeo
1009 3127 1042 3177 de
1062 3125 1170 3192 legatio
1191 3125 1352 3179 disseritur:

811 3213 852 3264 lex
878 3213 960 3264 omnis
982 3210 1102 3264 triferium
1128 3209 1267 3262 distributa
1295 3224 1350 3276 est,

811 3315 874 3367 quae
888 3299 998 3366 quinque
1020 3296 1090 3348 libris
1107 3296 1205 3363 Moysis
1220 3298 1352 3350 contine-

811 3396 853 3435 tnr
870 3387 928 3433 att.
946 3412 977 3422 —
1013 3399 1093 3450 neque
1107 3399 1123 3432 a
1135 3380 1191 3432 solo
1207 3380 1260 3432 deo
1278 3401 1351 3451 pro-

814 3469 898 3529 iecte,
925 3468 970 3519 ced
992 3466 1085 3535 partim
1101 3485 1116 3517 a
1133 3466 1224 3535 Moyse
1247 3470 1353 3535 partim

813 3553 974 3605 areuioribus
988 3552 1049 3604 ibid.
1063 3580 1095 3593 -
1113 3551 1151 3602 lex
1160 3551 1273 3620 coniugii
1286 3573 1353 3622 per-

813 3651 891 3708 petuo
905 3636 1031 3689 retinendi
1045 3647 1084 3688 ost
1097 3654 1112 3687 a
1126 3636 1191 3702 deo,
1210 3639 1353 3705 repudium

813 3744 828 3776 u
845 3726 936 3793 Moyse
954 3727 1012 3774 818.
1030 3750 1063 3763 -
1097 3739 1179 3772 rursus
1196 3720 1237 3772 lex
1255 3741 1272 3773 a
1291 3725 1353 3777 solo

813 3809 862 3860 deo
878 3809 994 3877 prolecta
1008 3809 1034 3858 iu
1052 3807 1100 3858 tria
1120 3806 1230 3857 membra
1247 3807 1355 3860 dividi-

811 3904 852 3946 tur
866 3899 925 3949 818.
939 3924 971 3935 -
1004 3894 1045 3946 lex
1058 3891 1173 3959 decalogi
1187 3892 1272 3959 qualis
1284 3894 1355 3948 ibid.

813 4011 846 4021 -
864 3979 924 4049 quid
940 3980 967 4030 in
982 3978 1062 4030 veteri
1085 3977 1141 4044 lege
1159 3977 1279 4030 Christus
1296 3980 1354 4032 im·

813 4065 919 4135 pleverit
932 4064 993 4117 ibid.
1010 4092 1043 4103 -
1077 4061 1139 4129 legis
1153 4072 1254 4129 purtem
1272 4065 1357 4133 typi-

814 4169 868 4203 cam
883 4169 913 4203 ac
930 4147 1092 4218 symbolicum
1111 4146 1221 4197 ebrinus
1239 4147 1277 4199 sd
1296 4151 1357 4218 spi·

814 4236 911 4287 sitalem
920 4251 1018 4286 sensnm
1027 4230 1160 4294 transtulit,
1179 4241 1286 4285 tautum
1296 4253 1358 4290 non

812 4319 913 4372 sustulit
930 4324 990 4371 880.

184 4407 294 4459 Prii-attio
310 4408 398 4477 quibus
415 4409 489 4463 rebus
505 4409 608 4479 proprie
623 4407 747 4461 tribuatur
761 4478 764 4499 ι
781 4405 986 4459 Ptolemuitarum
999 4401 1114 4463 haeresis,
1131 4414 1256 4469 quaeest
1272 4406 1358 4462 xm.

218 4496 276 4544 880.

760 4504 764 4569 j
813 4501 872 4560 poet
886 4488 1097 4543 cttrinimimum
1111 4491 1216 4540 814.-
1246 4490 1282 4542 ab
1302 4511 1357 4545 su·
