<?xml version="1.0" encoding="UTF-8"?>
<!DOCTYPE html PUBLIC "-//W3C//DTD XHTML 1.0 Transitional//EN"
    "http://www.w3.org/TR/xhtml1/DTD/xhtml1-transitional.dtd">
<html xmlns="http://www.w3.org/1999/xhtml" xml:lang="en" lang="en">
 <head>
  <title>
</title>
<meta http-equiv="Content-Type" content="text/html;charset=utf-8" />
  <meta name='ocr-system' content='tesseract 3.04.00' />
  <meta name='ocr-capabilities' content='ocr_page ocr_carea ocr_par ocr_line ocrx_word'/>
</head>
<body>
  <div class='ocr_page' id='page_1' title='image "./corporishaerese00unkngoog/corporishaerese00unkngoog_0653.png"; bbox 0 0 3096 5070; ppageno 0'>
   <div class='ocr_carea' id='block_1_1' title="bbox 89 51 1079 343">
    <p class='ocr_par' dir='ltr' id='par_1_1' title="bbox 89 51 1079 343">
     <span class='ocr_line' id='line_1_1' title="bbox 143 51 289 217; baseline -0.007 -152"><span class='ocrx_word' id='word_1_1' title='bbox 143 51 149 65; x_wconf 92' lang='lat'><strong>.</strong></span> <span class='ocrx_word' id='word_1_2' title='bbox 196 54 289 217; x_wconf 38' lang='grc' dir='ltr'>’ὦ</span> 
     </span>
     <span class='ocr_line' id='line_1_2' title="bbox 89 100 1079 343; baseline -0.006 1"><span class='ocrx_word' id='word_1_3' title='bbox 89 228 110 271; x_wconf 51' lang='lat'><strong>³</strong></span> <span class='ocrx_word' id='word_1_4' title='bbox 133 100 328 343; x_wconf 39' lang='grc' dir='ltr'>ἧῃίδ</span> <span class='ocrx_word' id='word_1_5' title='bbox 612 285 775 338; x_wconf 70' lang='lat' dir='ltr'>monum</span> <span class='ocrx_word' id='word_1_6' title='bbox 792 287 837 339; x_wconf 82' lang='grc' dir='ltr'>υτ</span> <span class='ocrx_word' id='word_1_7' title='bbox 855 285 1079 338; x_wconf 58' lang='lat' dir='ltr'>commutem„</span> 
     </span>
    </p>
   </div>
   <div class='ocr_carea' id='block_1_2' title="bbox 266 397 1443 2766">
    <p class='ocr_par' dir='ltr' id='par_1_2' title="bbox 266 397 1439 557">
     <span class='ocr_line' id='line_1_3' title="bbox 266 397 1439 473; baseline -0.001 -18"><span class='ocrx_word' id='word_1_8' title='bbox 266 405 283 456; x_wconf 93' lang='grc' dir='ltr'>Ι.</span> <span class='ocrx_word' id='word_1_9' title='bbox 292 403 333 458; x_wconf 80' lang='lat'>29.</span> <span class='ocrx_word' id='word_1_10' title='bbox 352 397 406 459; x_wconf 75' lang='grc' dir='ltr'>ἀλλ’</span> <span class='ocrx_word' id='word_1_11' title='bbox 419 400 550 473; x_wconf 64' lang='grc' dir='ltr'>η’δέτησαν</span> <span class='ocrx_word' id='word_1_12' title='bbox 564 402 590 458; x_wconf 86' lang='grc' dir='ltr'>έν</span> <span class='ocrx_word' id='word_1_13' title='bbox 605 398 692 471; x_wconf 83' lang='grc' dir='ltr'>άγιῦνι.</span> <span class='ocrx_word' id='word_1_14' title='bbox 712 432 741 444; x_wconf 89' lang='grc'><strong>-</strong></span> <span class='ocrx_word' id='word_1_15' title='bbox 766 404 781 454; x_wconf 95' lang='grc' dir='ltr'>Ι.</span> <span class='ocrx_word' id='word_1_16' title='bbox 798 404 823 458; x_wconf 77' lang='lat'>³.</span> <span class='ocrx_word' id='word_1_17' title='bbox 841 405 873 456; x_wconf 79' lang='lat' dir='ltr'>ab</span> <span class='ocrx_word' id='word_1_18' title='bbox 889 405 934 455; x_wconf 82' lang='lat' dir='ltr'><strong>inf.</strong></span> <span class='ocrx_word' id='word_1_19' title='bbox 953 398 1034 463; x_wconf 82' lang='grc' dir='ltr'>οῦτως</span> <span class='ocrx_word' id='word_1_20' title='bbox 1047 402 1136 466; x_wconf 65' lang='grc' dir='ltr'>καθώς</span> <span class='ocrx_word' id='word_1_21' title='bbox 1150 400 1233 472; x_wconf 81' lang='grc' dir='ltr'>κάγυλ.</span> <span class='ocrx_word' id='word_1_22' title='bbox 1253 432 1281 442; x_wconf 85' lang='grc'>-</span> <span class='ocrx_word' id='word_1_23' title='bbox 1307 403 1439 472; x_wconf 82' lang='grc' dir='ltr'>λμουιιλι.</span> 
     </span>
     <span class='ocr_line' id='line_1_4' title="bbox 266 483 1242 557; baseline -0.004 -15"><span class='ocrx_word' id='word_1_24' title='bbox 266 486 460 557; x_wconf 76' lang='grc' dir='ltr'>γαμησάτωσαν</span> <span class='ocrx_word' id='word_1_25' title='bbox 479 491 541 538; x_wconf 84' lang='lat' dir='ltr'>Ven.</span> <span class='ocrx_word' id='word_1_26' title='bbox 578 489 646 539; x_wconf 89' lang='lat' dir='ltr'>Idem</span> <span class='ocrx_word' id='word_1_27' title='bbox 664 487 680 538; x_wconf 91' lang='grc'>1.</span> <span class='ocrx_word' id='word_1_28' title='bbox 697 489 740 540; x_wconf 83' lang='lat' dir='ltr'>ult.</span> <span class='ocrx_word' id='word_1_29' title='bbox 759 489 819 553; x_wconf 76' lang='grc' dir='ltr'>καὶ,</span> <span class='ocrx_word' id='word_1_30' title='bbox 837 500 895 540; x_wconf 74' lang='lat' dir='ltr'>ante</span> <span class='ocrx_word' id='word_1_31' title='bbox 912 483 968 543; x_wconf 81' lang='grc' dir='ltr'>κατ’</span> <span class='ocrx_word' id='word_1_32' title='bbox 986 485 1072 554; x_wconf 83' lang='grc' dir='ltr'>αῦτῦν,</span> <span class='ocrx_word' id='word_1_33' title='bbox 1091 507 1140 539; x_wconf 85' lang='grc' dir='ltr'>σου</span> <span class='ocrx_word' id='word_1_34' title='bbox 1158 489 1242 538; x_wconf 74' lang='lat' dir='ltr'>habet.</span> 
     </span>
    </p>

    <p class='ocr_par' dir='ltr' id='par_1_3' title="bbox 267 571 1441 1321">
     <span class='ocr_line' id='line_1_5' title="bbox 334 571 1438 646; baseline -0.002 -18"><span class='ocrx_word' id='word_1_35' title='bbox 334 575 413 646; x_wconf 68' lang='lat' dir='ltr'>Peg.</span> <span class='ocrx_word' id='word_1_36' title='bbox 434 575 509 630; x_wconf 75' lang='lat'>1⁷2.</span> <span class='ocrx_word' id='word_1_37' title='bbox 545 573 562 625; x_wconf 93' lang='grc' dir='ltr'>Ι.</span> <span class='ocrx_word' id='word_1_38' title='bbox 578 574 603 624; x_wconf 75' lang='grc' dir='ltr'>Ί.</span> <span class='ocrx_word' id='word_1_39' title='bbox 620 574 644 625; x_wconf 90' lang='grc' dir='ltr'><strong>Γ</strong></span> <span class='ocrx_word' id='word_1_40' title='bbox 645 572 836 640; x_wconf 77' lang='grc' dir='ltr'>τιμησάτωσαν,</span> <span class='ocrx_word' id='word_1_41' title='bbox 855 571 893 641; x_wconf 71' lang='grc' dir='ltr'>μὴ</span> <span class='ocrx_word' id='word_1_42' title='bbox 910 592 966 641; x_wconf 87' lang='grc' dir='ltr'>πυρ.</span> <span class='ocrx_word' id='word_1_43' title='bbox 984 573 1041 639; x_wconf 77' lang='grc' dir='ltr'>(καὶ</span> <span class='ocrx_word' id='word_1_44' title='bbox 1058 574 1142 640; x_wconf 80' lang='lat' dir='ltr'>deest)</span> <span class='ocrx_word' id='word_1_45' title='bbox 1163 575 1225 623; x_wconf 81' lang='lat' dir='ltr'>ven.</span> <span class='ocrx_word' id='word_1_46' title='bbox 1248 601 1275 612; x_wconf 67' lang='lat'>«-</span> <span class='ocrx_word' id='word_1_47' title='bbox 1310 572 1328 624; x_wconf 94' lang='grc' dir='ltr'>Ι.</span> <span class='ocrx_word' id='word_1_48' title='bbox 1343 575 1371 626; x_wconf 76' lang='grc' dir='ltr'>ὁ.</span> <span class='ocrx_word' id='word_1_49' title='bbox 1389 573 1438 626; x_wconf 90' lang='grc' dir='ltr'>τοῦ</span> 
     </span>
     <span class='ocr_line' id='line_1_6' title="bbox 268 649 1438 727; baseline -0.004 -15"><span class='ocrx_word' id='word_1_50' title='bbox 268 655 383 727; x_wconf 71' lang='grc' dir='ltr'>ῥήματος</span> <span class='ocrx_word' id='word_1_51' title='bbox 397 661 441 712; x_wconf 83' lang='grc' dir='ltr'>τοῦ</span> <span class='ocrx_word' id='word_1_52' title='bbox 459 657 591 725; x_wconf 77' lang='grc' dir='ltr'><strong>εἰρημένου</strong></span> <span class='ocrx_word' id='word_1_53' title='bbox 607 661 669 710; x_wconf 84' lang='lat' dir='ltr'>ven.</span> <span class='ocrx_word' id='word_1_54' title='bbox 690 688 718 698; x_wconf 90' lang='lat'><em>-</em></span> <span class='ocrx_word' id='word_1_55' title='bbox 755 659 775 710; x_wconf 98' lang='grc' dir='ltr'>Ι.</span> <span class='ocrx_word' id='word_1_56' title='bbox 788 659 812 711; x_wconf 78' lang='grc'>8.</span> <span class='ocrx_word' id='word_1_57' title='bbox 833 659 855 713; x_wconf 79' lang='lat' dir='ltr'>d</span> <span class='ocrx_word' id='word_1_58' title='bbox 872 658 963 713; x_wconf 78' lang='grc' dir='ltr'>δὲκαὶ</span> <span class='ocrx_word' id='word_1_59' title='bbox 981 649 1054 718; x_wconf 85' lang='grc' dir='ltr'>οῦτος</span> <span class='ocrx_word' id='word_1_60' title='bbox 1071 657 1152 726; x_wconf 74' lang='grc' dir='ltr'>ἑαυτῷ</span> <span class='ocrx_word' id='word_1_61' title='bbox 1172 654 1201 711; x_wconf 84' lang='grc' dir='ltr'>οῦ</span> <span class='ocrx_word' id='word_1_62' title='bbox 1218 651 1354 724; x_wconf 83' lang='grc' dir='ltr'>δεδῦνηται</span> <span class='ocrx_word' id='word_1_63' title='bbox 1370 658 1438 708; x_wconf 85' lang='lat' dir='ltr'>Ven.</span> 
     </span>
     <span class='ocr_line' id='line_1_7' title="bbox 267 737 1436 814; baseline -0.001 -19"><span class='ocrx_word' id='word_1_64' title='bbox 267 746 304 795; x_wconf 81' lang='lat' dir='ltr'>Ex</span> <span class='ocrx_word' id='word_1_65' title='bbox 329 743 418 794; x_wconf 84' lang='lat' dir='ltr'>eodem</span> <span class='ocrx_word' id='word_1_66' title='bbox 437 744 587 812; x_wconf 73' lang='lat' dir='ltr'>paulopost</span> <span class='ocrx_word' id='word_1_67' title='bbox 609 742 714 794; x_wconf 76' lang='lat' dir='ltr'>restitue</span> <span class='ocrx_word' id='word_1_68' title='bbox 735 739 894 814; x_wconf 71' lang='grc' dir='ltr'>εῦνουχέσὶλη.</span> <span class='ocrx_word' id='word_1_69' title='bbox 915 773 945 782; x_wconf 93' lang='grc'>-</span> <span class='ocrx_word' id='word_1_70' title='bbox 981 742 997 793; x_wconf 94' lang='grc' dir='ltr'>Ι.</span> <span class='ocrx_word' id='word_1_71' title='bbox 1013 743 1038 795; x_wconf 84' lang='grc'>9.</span> <span class='ocrx_word' id='word_1_72' title='bbox 1055 738 1167 810; x_wconf 85' lang='grc' dir='ltr'>οῦρανιῦν</span> <span class='ocrx_word' id='word_1_73' title='bbox 1183 740 1226 797; x_wconf 80' lang='grc' dir='ltr'>διά</span> <span class='ocrx_word' id='word_1_74' title='bbox 1243 741 1273 797; x_wconf 81' lang='grc' dir='ltr'>τὸ</span> <span class='ocrx_word' id='word_1_75' title='bbox 1290 737 1339 796; x_wconf 82' lang='grc' dir='ltr'>ῦπῦ</span> <span class='ocrx_word' id='word_1_76' title='bbox 1358 737 1436 811; x_wconf 63' lang='lat' dir='ltr'>imp.</span> 
     </span>
     <span class='ocr_line' id='line_1_8' title="bbox 268 822 1439 898; baseline 0 -16"><span class='ocrx_word' id='word_1_77' title='bbox 268 822 429 898; x_wconf 65' lang='grc' dir='ltr'>εῦνονχίσθαι</span> <span class='ocrx_word' id='word_1_78' title='bbox 445 832 508 878; x_wconf 78' lang='lat' dir='ltr'>Ven.</span> <span class='ocrx_word' id='word_1_79' title='bbox 530 856 558 866; x_wconf 84' lang='lat'><em>-</em></span> <span class='ocrx_word' id='word_1_80' title='bbox 594 828 611 878; x_wconf 92' lang='grc' dir='ltr'>Ι.</span> <span class='ocrx_word' id='word_1_81' title='bbox 629 827 664 879; x_wconf 80' lang='lat' dir='ltr'>II.</span> <span class='ocrx_word' id='word_1_82' title='bbox 684 831 741 895; x_wconf 81' lang='grc' dir='ltr'>λυμ.</span> <span class='ocrx_word' id='word_1_83' title='bbox 758 823 838 883; x_wconf 83' lang='grc' dir='ltr'>αῦτοῦ</span> <span class='ocrx_word' id='word_1_84' title='bbox 856 826 885 884; x_wconf 81' lang='grc' dir='ltr'>τῦ</span> <span class='ocrx_word' id='word_1_85' title='bbox 903 827 978 895; x_wconf 80' lang='grc' dir='ltr'>μέλος</span> <span class='ocrx_word' id='word_1_86' title='bbox 993 830 1054 878; x_wconf 84' lang='lat' dir='ltr'>Ven.</span> <span class='ocrx_word' id='word_1_87' title='bbox 1073 857 1105 867; x_wconf 90' lang='lat'>-</span> <span class='ocrx_word' id='word_1_88' title='bbox 1140 829 1158 878; x_wconf 96' lang='grc' dir='ltr'>Ι.</span> <span class='ocrx_word' id='word_1_89' title='bbox 1175 827 1212 880; x_wconf 80' lang='lat'>16.</span> <span class='ocrx_word' id='word_1_90' title='bbox 1232 829 1333 896; x_wconf 78' lang='lat' dir='ltr'>depone</span> <span class='ocrx_word' id='word_1_91' title='bbox 1352 824 1439 882; x_wconf 77' lang='grc' dir='ltr'>ὅτοι-</span> 
     </span>
     <span class='ocr_line' id='line_1_9' title="bbox 269 906 1437 978; baseline 0.001 -15"><span class='ocrx_word' id='word_1_92' title='bbox 269 913 349 974; x_wconf 84' lang='grc' dir='ltr'>οῦτος.</span> <span class='ocrx_word' id='word_1_93' title='bbox 386 913 509 964; x_wconf 69' lang='lat' dir='ltr'>Aniculae</span> <span class='ocrx_word' id='word_1_94' title='bbox 528 908 652 968; x_wconf 61' lang='lat' dir='ltr'>&amp;excidit</span> <span class='ocrx_word' id='word_1_95' title='bbox 671 913 745 963; x_wconf 73' lang='lat' dir='ltr'>etiam</span> <span class='ocrx_word' id='word_1_96' title='bbox 763 914 871 965; x_wconf 73' lang='lat' dir='ltr'>abedit.</span> <span class='ocrx_word' id='word_1_97' title='bbox 891 916 973 964; x_wconf 80' lang='lat' dir='ltr'>Petav.</span> <span class='ocrx_word' id='word_1_98' title='bbox 994 912 1083 964; x_wconf 86' lang='lat' dir='ltr'><strong>Colon.</strong></span> <span class='ocrx_word' id='word_1_99' title='bbox 1119 914 1168 963; x_wconf 87' lang='lat' dir='ltr'>Pro</span> <span class='ocrx_word' id='word_1_100' title='bbox 1190 906 1298 978; x_wconf 86' lang='grc' dir='ltr'>άντέστη</span> <span class='ocrx_word' id='word_1_101' title='bbox 1320 913 1345 963; x_wconf 85' lang='grc' dir='ltr'>ἰυ</span> <span class='ocrx_word' id='word_1_102' title='bbox 1369 916 1437 964; x_wconf 83' lang='grc' dir='ltr'>Ιέττ.</span> 
     </span>
     <span class='ocr_line' id='line_1_10' title="bbox 267 992 1440 1067; baseline 0.002 -17"><span class='ocrx_word' id='word_1_103' title='bbox 267 998 359 1067; x_wconf 74' lang='lat' dir='ltr'>legitur</span> <span class='ocrx_word' id='word_1_104' title='bbox 375 992 500 1059; x_wconf 76' lang='grc' dir='ltr'>α’ντιστάς</span> <span class='ocrx_word' id='word_1_105' title='bbox 519 1027 549 1038; x_wconf 93' lang='lat'>·-</span> <span class='ocrx_word' id='word_1_106' title='bbox 586 998 602 1051; x_wconf 92' lang='grc' dir='ltr'>Ι.</span> <span class='ocrx_word' id='word_1_107' title='bbox 612 998 653 1048; x_wconf 76' lang='lat'>¹22.</span> <span class='ocrx_word' id='word_1_108' title='bbox 671 996 715 1052; x_wconf 80' lang='grc' dir='ltr'>Διὸ</span> <span class='ocrx_word' id='word_1_109' title='bbox 734 998 779 1051; x_wconf 73' lang='grc' dir='ltr'>καὶ</span> <span class='ocrx_word' id='word_1_110' title='bbox 796 997 821 1052; x_wconf 84' lang='grc' dir='ltr'>ἐν</span> <span class='ocrx_word' id='word_1_111' title='bbox 840 996 957 1066; x_wconf 81' lang='grc' dir='ltr'>συντόμῳ</span> <span class='ocrx_word' id='word_1_112' title='bbox 980 1000 1041 1047; x_wconf 85' lang='lat' dir='ltr'>Ven.</span> <span class='ocrx_word' id='word_1_113' title='bbox 1061 1027 1090 1036; x_wconf 97' lang='lat'>-</span> <span class='ocrx_word' id='word_1_114' title='bbox 1127 997 1143 1047; x_wconf 86' lang='lat' dir='ltr'>l.</span> <span class='ocrx_word' id='word_1_115' title='bbox 1159 999 1200 1049; x_wconf 77' lang='lat'>25.</span> <span class='ocrx_word' id='word_1_116' title='bbox 1220 999 1321 1064; x_wconf 71' lang='lat' dir='ltr'>depone</span> <span class='ocrx_word' id='word_1_117' title='bbox 1340 998 1440 1064; x_wconf 82' lang='grc' dir='ltr'>κέρασι</span> 
     </span>
     <span class='ocr_line' id='line_1_11' title="bbox 268 1076 1440 1151; baseline 0.003 -16"><span class='ocrx_word' id='word_1_118' title='bbox 268 1100 298 1135; x_wconf 78' lang='grc' dir='ltr'>ει</span> <span class='ocrx_word' id='word_1_119' title='bbox 318 1083 467 1139; x_wconf 61' lang='lat' dir='ltr'>auctoritate</span> <span class='ocrx_word' id='word_1_120' title='bbox 484 1083 582 1132; x_wconf 82' lang='lat' dir='ltr'>Veneti.</span> <span class='ocrx_word' id='word_1_121' title='bbox 619 1082 687 1133; x_wconf 86' lang='lat' dir='ltr'>Idem</span> <span class='ocrx_word' id='word_1_122' title='bbox 710 1083 774 1133; x_wconf 84' lang='lat' dir='ltr'>liber</span> <span class='ocrx_word' id='word_1_123' title='bbox 798 1083 815 1134; x_wconf 88' lang='lat' dir='ltr'>l.</span> <span class='ocrx_word' id='word_1_124' title='bbox 830 1083 872 1136; x_wconf 76' lang='lat'>¹26.</span> <span class='ocrx_word' id='word_1_125' title='bbox 890 1084 992 1151; x_wconf 79' lang='lat' dir='ltr'>praebet</span> <span class='ocrx_word' id='word_1_126' title='bbox 1012 1081 1036 1135; x_wconf 88' lang='grc' dir='ltr'>ἐν</span> <span class='ocrx_word' id='word_1_127' title='bbox 1054 1080 1083 1136; x_wconf 77' lang='grc' dir='ltr'>δέ</span> <span class='ocrx_word' id='word_1_128' title='bbox 1098 1076 1167 1150; x_wconf 79' lang='grc' dir='ltr'>ἄλλῳ</span> <span class='ocrx_word' id='word_1_129' title='bbox 1183 1081 1293 1149; x_wconf 86' lang='grc' dir='ltr'>κέντρῳ,</span> <span class='ocrx_word' id='word_1_130' title='bbox 1312 1093 1338 1133; x_wconf 88' lang='lat' dir='ltr'>et</span> <span class='ocrx_word' id='word_1_131' title='bbox 1355 1083 1372 1132; x_wconf 92' lang='grc' dir='ltr'>Ι.</span> <span class='ocrx_word' id='word_1_132' title='bbox 1391 1083 1440 1138; x_wconf 77' lang='lat'>29.</span> 
     </span>
     <span class='ocr_line' id='line_1_12' title="bbox 269 1161 1439 1238; baseline -0.001 -17"><span class='ocrx_word' id='word_1_133' title='bbox 269 1166 311 1221; x_wconf 80' lang='grc' dir='ltr'>ἐπὶ</span> <span class='ocrx_word' id='word_1_134' title='bbox 323 1166 369 1228; x_wconf 84' lang='grc' dir='ltr'>τάς</span> <span class='ocrx_word' id='word_1_135' title='bbox 385 1167 519 1235; x_wconf 86' lang='grc' dir='ltr'>μετέπειτα</span> <span class='ocrx_word' id='word_1_136' title='bbox 535 1167 671 1238; x_wconf 85' lang='grc' dir='ltr'>βαίνοντες.</span> <span class='ocrx_word' id='word_1_137' title='bbox 691 1197 721 1206; x_wconf 96' lang='grc'><strong>-</strong></span> <span class='ocrx_word' id='word_1_138' title='bbox 747 1168 763 1217; x_wconf 94' lang='grc' dir='ltr'>Ι.</span> <span class='ocrx_word' id='word_1_139' title='bbox 776 1164 800 1220; x_wconf 74' lang='lat'>4.</span> <span class='ocrx_word' id='word_1_140' title='bbox 816 1169 847 1218; x_wconf 81' lang='lat' dir='ltr'>ab</span> <span class='ocrx_word' id='word_1_141' title='bbox 863 1168 909 1218; x_wconf 80' lang='lat' dir='ltr'><strong>inf.</strong></span> <span class='ocrx_word' id='word_1_142' title='bbox 926 1164 1001 1221; x_wconf 82' lang='grc' dir='ltr'>Κατοὶ</span> <span class='ocrx_word' id='word_1_143' title='bbox 1018 1166 1145 1233; x_wconf 62' lang='grc' dir='ltr'>Καλαρῦν</span> <span class='ocrx_word' id='word_1_144' title='bbox 1160 1169 1209 1220; x_wconf 82' lang='grc' dir='ltr'>τῶν</span> <span class='ocrx_word' id='word_1_145' title='bbox 1224 1161 1378 1233; x_wconf 66' lang='grc' dir='ltr'>άιιαὲάρτων</span> <span class='ocrx_word' id='word_1_146' title='bbox 1394 1163 1439 1220; x_wconf 63' lang='grc' dir='ltr'>λὶά</span> 
     </span>
     <span class='ocr_line' id='line_1_13' title="bbox 268 1245 1441 1321; baseline -0.001 -14"><span class='ocrx_word' id='word_1_147' title='bbox 268 1245 409 1321; x_wconf 51' lang='lat' dir='ltr'>fixum.</span> <span class='ocrx_word' id='word_1_148' title='bbox 428 1256 489 1303; x_wconf 85' lang='lat' dir='ltr'>Ven.</span> <span class='ocrx_word' id='word_1_149' title='bbox 510 1281 538 1291; x_wconf 90' lang='lat'><em>—</em></span> <span class='ocrx_word' id='word_1_150' title='bbox 575 1253 591 1304; x_wconf 92' lang='grc'>1.</span> <span class='ocrx_word' id='word_1_151' title='bbox 610 1252 703 1320; x_wconf 83' lang='lat' dir='ltr'>penult.</span> <span class='ocrx_word' id='word_1_152' title='bbox 721 1249 842 1306; x_wconf 79' lang='grc' dir='ltr'>Ναυάτου</span> <span class='ocrx_word' id='word_1_153' title='bbox 859 1255 938 1312; x_wconf 86' lang='lat' dir='ltr'>Veu.‚</span> <span class='ocrx_word' id='word_1_154' title='bbox 964 1253 1005 1320; x_wconf 86' lang='lat' dir='ltr'>qui</span> <span class='ocrx_word' id='word_1_155' title='bbox 1024 1262 1168 1302; x_wconf 75' lang='lat' dir='ltr'>constanter</span> <span class='ocrx_word' id='word_1_156' title='bbox 1185 1253 1287 1319; x_wconf 79' lang='lat' dir='ltr'>praebet</span> <span class='ocrx_word' id='word_1_157' title='bbox 1304 1252 1441 1314; x_wconf 81' lang='grc' dir='ltr'>Ναυᾶτος.</span> 
     </span>
    </p>

    <p class='ocr_par' dir='ltr' id='par_1_4' title="bbox 269 1334 1443 2154">
     <span class='ocr_line' id='line_1_14' title="bbox 337 1334 1438 1409; baseline -0.003 -17"><span class='ocrx_word' id='word_1_158' title='bbox 337 1339 417 1409; x_wconf 64' lang='lat' dir='ltr'>Pag-</span> <span class='ocrx_word' id='word_1_159' title='bbox 430 1338 505 1393; x_wconf 73' lang='lat'>174.</span> <span class='ocrx_word' id='word_1_160' title='bbox 539 1337 555 1388; x_wconf 82' lang='lat' dir='ltr'>l.</span> <span class='ocrx_word' id='word_1_161' title='bbox 573 1341 593 1388; x_wconf 96' lang='grc' dir='ltr'>Ι.</span> <span class='ocrx_word' id='word_1_162' title='bbox 616 1337 661 1391; x_wconf 89' lang='grc' dir='ltr'>τοῦ</span> <span class='ocrx_word' id='word_1_163' title='bbox 678 1335 724 1404; x_wconf 73' lang='grc' dir='ltr'>πρά</span> <span class='ocrx_word' id='word_1_164' title='bbox 744 1337 788 1391; x_wconf 86' lang='grc' dir='ltr'>τοῦ</span> <span class='ocrx_word' id='word_1_165' title='bbox 816 1336 881 1400; x_wconf 57' lang='lat' dir='ltr'>Mae.</span> <span class='ocrx_word' id='word_1_166' title='bbox 909 1337 972 1388; x_wconf 84' lang='lat' dir='ltr'>Ven.</span> <span class='ocrx_word' id='word_1_167' title='bbox 991 1367 1018 1382; x_wconf 50' lang='grc'>.-</span> <span class='ocrx_word' id='word_1_168' title='bbox 1056 1336 1073 1387; x_wconf 92' lang='grc' dir='ltr'>Ι.</span> <span class='ocrx_word' id='word_1_169' title='bbox 1087 1337 1111 1388; x_wconf 72' lang='lat'>2.</span> <span class='ocrx_word' id='word_1_170' title='bbox 1139 1336 1207 1406; x_wconf 89' lang='grc' dir='ltr'>τάχα</span> <span class='ocrx_word' id='word_1_171' title='bbox 1224 1336 1253 1392; x_wconf 73' lang='grc' dir='ltr'>δὲ</span> <span class='ocrx_word' id='word_1_172' title='bbox 1270 1334 1341 1404; x_wconf 82' lang='grc' dir='ltr'>οἶμαι</span> <span class='ocrx_word' id='word_1_173' title='bbox 1367 1341 1438 1390; x_wconf 80' lang='lat' dir='ltr'>Ven.</span> 
     </span>
     <span class='ocr_line' id='line_1_15' title="bbox 269 1414 1442 1491; baseline 0 -16"><span class='ocrx_word' id='word_1_174' title='bbox 269 1423 338 1475; x_wconf 85' lang='lat' dir='ltr'>Idem</span> <span class='ocrx_word' id='word_1_175' title='bbox 355 1423 370 1472; x_wconf 92' lang='grc' dir='ltr'>Ι.</span> <span class='ocrx_word' id='word_1_176' title='bbox 383 1424 407 1474; x_wconf 86' lang='grc'>3.</span> <span class='ocrx_word' id='word_1_177' title='bbox 428 1414 467 1475; x_wconf 88' lang='grc' dir='ltr'>ἐπ’</span> <span class='ocrx_word' id='word_1_178' title='bbox 489 1415 591 1489; x_wconf 78' lang='grc' dir='ltr'>ἅρματι.</span> <span class='ocrx_word' id='word_1_179' title='bbox 613 1452 641 1461; x_wconf 88' lang='grc'>-</span> <span class='ocrx_word' id='word_1_180' title='bbox 677 1422 693 1472; x_wconf 93' lang='grc' dir='ltr'>Ι.</span> <span class='ocrx_word' id='word_1_181' title='bbox 712 1423 735 1474; x_wconf 79' lang='grc'>9.</span> <span class='ocrx_word' id='word_1_182' title='bbox 753 1418 850 1489; x_wconf 76' lang='grc' dir='ltr'>ταύτης</span> <span class='ocrx_word' id='word_1_183' title='bbox 863 1421 978 1489; x_wconf 66' lang='grc' dir='ltr'>γένεσλαι</span> <span class='ocrx_word' id='word_1_184' title='bbox 994 1423 1055 1472; x_wconf 86' lang='lat' dir='ltr'>Ven.</span> <span class='ocrx_word' id='word_1_185' title='bbox 1081 1452 1105 1460; x_wconf 77' lang='lat'>-</span> <span class='ocrx_word' id='word_1_186' title='bbox 1142 1421 1158 1471; x_wconf 95' lang='grc' dir='ltr'>Ι.</span> <span class='ocrx_word' id='word_1_187' title='bbox 1183 1424 1218 1474; x_wconf 71' lang='grc' dir='ltr'>ΙΙ.</span> <span class='ocrx_word' id='word_1_188' title='bbox 1238 1425 1286 1491; x_wconf 74' lang='grc' dir='ltr'>τῆς</span> <span class='ocrx_word' id='word_1_189' title='bbox 1303 1423 1355 1476; x_wconf 79' lang='grc' dir='ltr'>τῶν</span> <span class='ocrx_word' id='word_1_190' title='bbox 1372 1419 1442 1477; x_wconf 77' lang='grc' dir='ltr'>πάν-</span> 
     </span>
     <span class='ocr_line' id='line_1_16' title="bbox 269 1500 1443 1574; baseline 0.001 -12"><span class='ocrx_word' id='word_1_191' title='bbox 269 1526 319 1563; x_wconf 84' lang='grc' dir='ltr'>των</span> <span class='ocrx_word' id='word_1_192' title='bbox 331 1501 472 1574; x_wconf 63' lang='grc' dir='ltr'>άνδρῦπων</span> <span class='ocrx_word' id='word_1_193' title='bbox 487 1506 637 1574; x_wconf 63' lang='grc' dir='ltr'>αἰσθήσεως</span> <span class='ocrx_word' id='word_1_194' title='bbox 653 1505 678 1560; x_wconf 85' lang='grc' dir='ltr'>ἐν</span> <span class='ocrx_word' id='word_1_195' title='bbox 693 1504 903 1574; x_wconf 81' lang='grc' dir='ltr'>παραπτώμασιν.</span> <span class='ocrx_word' id='word_1_196' title='bbox 928 1504 998 1560; x_wconf 84' lang='grc' dir='ltr'>Διάτι</span> <span class='ocrx_word' id='word_1_197' title='bbox 1015 1509 1075 1556; x_wconf 76' lang='lat' dir='ltr'>ven.</span> <span class='ocrx_word' id='word_1_198' title='bbox 1101 1505 1171 1557; x_wconf 84' lang='lat' dir='ltr'>Idem</span> <span class='ocrx_word' id='word_1_199' title='bbox 1188 1507 1203 1556; x_wconf 92' lang='grc' dir='ltr'>Ι.</span> <span class='ocrx_word' id='word_1_200' title='bbox 1215 1508 1253 1559; x_wconf 79' lang='grc'>13.</span> <span class='ocrx_word' id='word_1_201' title='bbox 1271 1501 1325 1562; x_wconf 86' lang='grc' dir='ltr'>οῦδ’</span> <span class='ocrx_word' id='word_1_202' title='bbox 1340 1500 1371 1562; x_wconf 77' lang='grc' dir='ltr'>ἄν</span> <span class='ocrx_word' id='word_1_203' title='bbox 1388 1501 1443 1563; x_wconf 76' lang='grc' dir='ltr'>κᾶν</span> 
     </span>
     <span class='ocr_line' id='line_1_17' title="bbox 270 1586 1441 1661; baseline 0.001 -17"><span class='ocrx_word' id='word_1_204' title='bbox 270 1592 318 1661; x_wconf 83' lang='grc' dir='ltr'>μέα</span> <span class='ocrx_word' id='word_1_205' title='bbox 333 1589 419 1660; x_wconf 77' lang='grc' dir='ltr'>τὶμέρα</span> <span class='ocrx_word' id='word_1_206' title='bbox 435 1587 454 1655; x_wconf 72' lang='grc' dir='ltr'>η</span> <span class='ocrx_word' id='word_1_207' title='bbox 468 1589 522 1657; x_wconf 71' lang='grc' dir='ltr'>ζωή</span> <span class='ocrx_word' id='word_1_208' title='bbox 541 1587 625 1646; x_wconf 86' lang='grc' dir='ltr'>αῦτοῦ.</span> <span class='ocrx_word' id='word_1_209' title='bbox 644 1621 678 1632; x_wconf 90' lang='grc'>-</span> <span class='ocrx_word' id='word_1_210' title='bbox 710 1592 727 1642; x_wconf 94' lang='grc' dir='ltr'>Ι.</span> <span class='ocrx_word' id='word_1_211' title='bbox 740 1595 775 1644; x_wconf 78' lang='grc'>15.</span> <span class='ocrx_word' id='word_1_212' title='bbox 795 1586 900 1645; x_wconf 83' lang='grc' dir='ltr'>α’πόλλει</span> <span class='ocrx_word' id='word_1_213' title='bbox 916 1591 990 1644; x_wconf 87' lang='grc' dir='ltr'>τοῦτο</span> <span class='ocrx_word' id='word_1_214' title='bbox 1005 1589 1024 1657; x_wconf 76' lang='grc' dir='ltr'>η</span> <span class='ocrx_word' id='word_1_215' title='bbox 1039 1586 1100 1659; x_wconf 82' lang='grc' dir='ltr'>οἱγία</span> <span class='ocrx_word' id='word_1_216' title='bbox 1116 1592 1178 1645; x_wconf 64' lang='grc' dir='ltr'>θεοῦ</span> <span class='ocrx_word' id='word_1_217' title='bbox 1199 1593 1252 1660; x_wconf 71' lang='grc' dir='ltr'>(τοῦ</span> <span class='ocrx_word' id='word_1_218' title='bbox 1271 1592 1353 1657; x_wconf 74' lang='lat' dir='ltr'>deest)</span> <span class='ocrx_word' id='word_1_219' title='bbox 1370 1595 1441 1645; x_wconf 80' lang='lat' dir='ltr'>Ven.</span> 
     </span>
     <span class='ocr_line' id='line_1_18' title="bbox 271 1673 1442 1745; baseline 0.001 -16"><span class='ocrx_word' id='word_1_220' title='bbox 271 1677 350 1729; x_wconf 84' lang='grc' dir='ltr'>ΡευΙο</span> <span class='ocrx_word' id='word_1_221' title='bbox 369 1687 427 1745; x_wconf 78' lang='grc' dir='ltr'>μοστ</span> <span class='ocrx_word' id='word_1_222' title='bbox 446 1678 550 1727; x_wconf 70' lang='lat' dir='ltr'>restitue</span> <span class='ocrx_word' id='word_1_223' title='bbox 567 1675 616 1743; x_wconf 84' lang='grc' dir='ltr'>γάρ</span> <span class='ocrx_word' id='word_1_224' title='bbox 633 1677 677 1730; x_wconf 75' lang='grc' dir='ltr'>καὶ</span> <span class='ocrx_word' id='word_1_225' title='bbox 694 1673 820 1731; x_wconf 87' lang='grc' dir='ltr'>ἐπάνοδον.</span> <span class='ocrx_word' id='word_1_226' title='bbox 855 1677 976 1727; x_wconf 68' lang='lat' dir='ltr'>Peniculo</span> <span class='ocrx_word' id='word_1_227' title='bbox 995 1676 1040 1729; x_wconf 77' lang='grc' dir='ltr'>καὶ</span> <span class='ocrx_word' id='word_1_228' title='bbox 1057 1677 1150 1727; x_wconf 81' lang='lat' dir='ltr'>excidit</span> <span class='ocrx_word' id='word_1_229' title='bbox 1168 1677 1243 1729; x_wconf 76' lang='lat' dir='ltr'>etiam</span> <span class='ocrx_word' id='word_1_230' title='bbox 1261 1677 1286 1727; x_wconf 81' lang='lat' dir='ltr'>in</span> <span class='ocrx_word' id='word_1_231' title='bbox 1303 1677 1366 1729; x_wconf 74' lang='lat' dir='ltr'>edit.</span> <span class='ocrx_word' id='word_1_232' title='bbox 1385 1681 1442 1730; x_wconf 80' lang='lat' dir='ltr'>Pe-</span> 
     </span>
     <span class='ocr_line' id='line_1_19' title="bbox 269 1757 1440 1830; baseline 0.003 -18"><span class='ocrx_word' id='word_1_233' title='bbox 269 1771 320 1814; x_wconf 78' lang='grc' dir='ltr'>ιεν.</span> <span class='ocrx_word' id='word_1_234' title='bbox 337 1761 424 1812; x_wconf 82' lang='lat' dir='ltr'><strong>colon.</strong></span> <span class='ocrx_word' id='word_1_235' title='bbox 443 1791 473 1800; x_wconf 91' lang='lat'><em>-</em></span> <span class='ocrx_word' id='word_1_236' title='bbox 510 1761 527 1814; x_wconf 86' lang='grc' dir='ltr'>Ι.</span> <span class='ocrx_word' id='word_1_237' title='bbox 544 1762 580 1812; x_wconf 77' lang='grc' dir='ltr'>ΙΙΙ.</span> <span class='ocrx_word' id='word_1_238' title='bbox 598 1761 661 1828; x_wconf 79' lang='grc' dir='ltr'>πρὸς</span> <span class='ocrx_word' id='word_1_239' title='bbox 677 1758 809 1830; x_wconf 71' lang='grc' dir='ltr'>ὁμολογίαν</span> <span class='ocrx_word' id='word_1_240' title='bbox 826 1764 888 1813; x_wconf 87' lang='lat' dir='ltr'>Ven.</span> <span class='ocrx_word' id='word_1_241' title='bbox 924 1761 992 1812; x_wconf 88' lang='lat' dir='ltr'>Idem</span> <span class='ocrx_word' id='word_1_242' title='bbox 1008 1761 1050 1812; x_wconf 81' lang='lat' dir='ltr'>lin.</span> <span class='ocrx_word' id='word_1_243' title='bbox 1069 1778 1136 1828; x_wconf 71' lang='lat' dir='ltr'>aequ.</span> <span class='ocrx_word' id='word_1_244' title='bbox 1159 1757 1275 1828; x_wconf 82' lang='grc' dir='ltr'>Ἀγαπῦις</span> <span class='ocrx_word' id='word_1_245' title='bbox 1299 1779 1351 1829; x_wconf 82' lang='grc' dir='ltr'>με,</span> <span class='ocrx_word' id='word_1_246' title='bbox 1377 1764 1440 1818; x_wconf 87' lang='grc' dir='ltr'>Πέ-</span> 
     </span>
     <span class='ocr_line' id='line_1_20' title="bbox 270 1842 1439 1915; baseline 0 -15"><span class='ocrx_word' id='word_1_247' title='bbox 270 1862 330 1913; x_wconf 79' lang='grc' dir='ltr'>τρε,</span> <span class='ocrx_word' id='word_1_248' title='bbox 346 1842 446 1914; x_wconf 77' lang='grc' dir='ltr'>ἀγαπᾶς</span> <span class='ocrx_word' id='word_1_249' title='bbox 462 1863 511 1913; x_wconf 84' lang='grc' dir='ltr'>με,</span> <span class='ocrx_word' id='word_1_250' title='bbox 530 1846 629 1912; x_wconf 87' lang='grc' dir='ltr'>Πέτρε,</span> <span class='ocrx_word' id='word_1_251' title='bbox 648 1842 749 1915; x_wconf 83' lang='grc' dir='ltr'>άγαπᾱς</span> <span class='ocrx_word' id='word_1_252' title='bbox 767 1864 800 1913; x_wconf 87' lang='grc' dir='ltr'>με</span> <span class='ocrx_word' id='word_1_253' title='bbox 818 1847 902 1912; x_wconf 80' lang='grc' dir='ltr'>Πέτρε</span> <span class='ocrx_word' id='word_1_254' title='bbox 918 1848 994 1908; x_wconf 75' lang='lat' dir='ltr'>(dc),</span> <span class='ocrx_word' id='word_1_255' title='bbox 1020 1845 1064 1899; x_wconf 78' lang='grc' dir='ltr'>καί</span> <span class='ocrx_word' id='word_1_256' title='bbox 1080 1862 1146 1913; x_wconf 85' lang='grc' dir='ltr'>φησι</span> <span class='ocrx_word' id='word_1_257' title='bbox 1162 1847 1224 1897; x_wconf 85' lang='lat' dir='ltr'>Ven.</span> <span class='ocrx_word' id='word_1_258' title='bbox 1245 1875 1275 1886; x_wconf 88' lang='lat'><em>-</em></span> <span class='ocrx_word' id='word_1_259' title='bbox 1312 1848 1390 1900; x_wconf 67' lang='lat' dir='ltr'>III.</span> <span class='ocrx_word' id='word_1_260' title='bbox 1405 1848 1439 1905; x_wconf 81' lang='grc' dir='ltr'>τὸ</span> 
     </span>
     <span class='ocr_line' id='line_1_21' title="bbox 271 1927 1441 1998; baseline 0.003 -13"><span class='ocrx_word' id='word_1_261' title='bbox 271 1927 411 1985; x_wconf 78' lang='grc' dir='ltr'>ἀποστόλου</span> <span class='ocrx_word' id='word_1_262' title='bbox 435 1929 463 1984; x_wconf 81' lang='grc' dir='ltr'>τῦ</span> <span class='ocrx_word' id='word_1_263' title='bbox 490 1930 636 1998; x_wconf 79' lang='grc' dir='ltr'>εἰρημένον,</span> <span class='ocrx_word' id='word_1_264' title='bbox 661 1928 795 1987; x_wconf 79' lang='grc' dir='ltr'>’λδῦνατον</span> <span class='ocrx_word' id='word_1_265' title='bbox 813 1929 861 1998; x_wconf 81' lang='grc' dir='ltr'>γὰρ</span> <span class='ocrx_word' id='word_1_266' title='bbox 878 1931 936 1992; x_wconf 87' lang='grc' dir='ltr'>τοῦς</span> <span class='ocrx_word' id='word_1_267' title='bbox 960 1934 1022 1982; x_wconf 79' lang='lat' dir='ltr'>ven.</span> <span class='ocrx_word' id='word_1_268' title='bbox 1042 1959 1072 1969; x_wconf 91' lang='lat'><em>—</em></span> <span class='ocrx_word' id='word_1_269' title='bbox 1108 1930 1124 1981; x_wconf 92' lang='grc' dir='ltr'>Ι.</span> <span class='ocrx_word' id='word_1_270' title='bbox 1139 1933 1179 1983; x_wconf 70' lang='lat'>25.</span> <span class='ocrx_word' id='word_1_271' title='bbox 1199 1933 1294 1986; x_wconf 78' lang='grc' dir='ltr'>πιοῦσα</span> <span class='ocrx_word' id='word_1_272' title='bbox 1313 1933 1441 1996; x_wconf 80' lang='grc' dir='ltr'>πολλάκις</span> 
     </span>
     <span class='ocr_line' id='line_1_22' title="bbox 270 2010 1438 2087; baseline -0.002 -18"><span class='ocrx_word' id='word_1_273' title='bbox 270 2012 314 2070; x_wconf 76' lang='grc' dir='ltr'>τάν</span> <span class='ocrx_word' id='word_1_274' title='bbox 331 2011 370 2069; x_wconf 86' lang='grc' dir='ltr'>ἐπ’</span> <span class='ocrx_word' id='word_1_275' title='bbox 394 2010 476 2082; x_wconf 77' lang='grc' dir='ltr'>αῦτῆς</span> <span class='ocrx_word' id='word_1_276' title='bbox 492 2018 554 2067; x_wconf 82' lang='lat' dir='ltr'>Veu.</span> <span class='ocrx_word' id='word_1_277' title='bbox 578 2044 605 2055; x_wconf 88' lang='lat'>-</span> <span class='ocrx_word' id='word_1_278' title='bbox 641 2016 658 2068; x_wconf 94' lang='grc' dir='ltr'>Ι.</span> <span class='ocrx_word' id='word_1_279' title='bbox 673 2017 714 2071; x_wconf 78' lang='lat'>¹27.</span> <span class='ocrx_word' id='word_1_280' title='bbox 741 2017 821 2068; x_wconf 75' lang='lat' dir='ltr'>I&#39;erbn</span> <span class='ocrx_word' id='word_1_281' title='bbox 846 2011 970 2084; x_wconf 82' lang='grc' dir='ltr'>άδόκιμος</span> <span class='ocrx_word' id='word_1_282' title='bbox 988 2017 1033 2070; x_wconf 77' lang='grc' dir='ltr'>καὶ</span> <span class='ocrx_word' id='word_1_283' title='bbox 1050 2033 1099 2068; x_wconf 89' lang='lat' dir='ltr'>om.</span> <span class='ocrx_word' id='word_1_284' title='bbox 1118 2017 1194 2078; x_wconf 74' lang='lat' dir='ltr'>vem,</span> <span class='ocrx_word' id='word_1_285' title='bbox 1221 2018 1282 2068; x_wconf 77' lang='lat' dir='ltr'>item</span> <span class='ocrx_word' id='word_1_286' title='bbox 1297 2018 1313 2068; x_wconf 91' lang='grc' dir='ltr'>Ι.</span> <span class='ocrx_word' id='word_1_287' title='bbox 1329 2019 1371 2071; x_wconf 63' lang='lat'>26.</span> <span class='ocrx_word' id='word_1_288' title='bbox 1389 2019 1438 2087; x_wconf 76' lang='grc' dir='ltr'>μὲν</span> 
     </span>
     <span class='ocr_line' id='line_1_23' title="bbox 272 2095 408 2154; baseline -0.015 -2"><span class='ocrx_word' id='word_1_289' title='bbox 272 2111 330 2152; x_wconf 69' lang='lat' dir='ltr'>unte</span> <span class='ocrx_word' id='word_1_290' title='bbox 347 2095 408 2154; x_wconf 76' lang='grc' dir='ltr'>ὄντι.</span> 
     </span>
    </p>

    <p class='ocr_par' dir='ltr' id='par_1_5' title="bbox 272 2184 1438 2766">
     <span class='ocr_line' id='line_1_24' title="bbox 339 2184 1431 2258; baseline 0 -18"><span class='ocrx_word' id='word_1_291' title='bbox 339 2187 419 2258; x_wconf 64' lang='lat' dir='ltr'>Pag-</span> <span class='ocrx_word' id='word_1_292' title='bbox 433 2188 509 2243; x_wconf 72' lang='lat'><strong>1⁷⁰.</strong></span> <span class='ocrx_word' id='word_1_293' title='bbox 545 2189 562 2239; x_wconf 97' lang='grc' dir='ltr'>Ι.</span> <span class='ocrx_word' id='word_1_294' title='bbox 579 2190 597 2238; x_wconf 93' lang='grc' dir='ltr'>Ι.</span> <span class='ocrx_word' id='word_1_295' title='bbox 616 2187 739 2249; x_wconf 52' lang='lat' dir='ltr'>dhaene</span> <span class='ocrx_word' id='word_1_296' title='bbox 754 2188 812 2253; x_wconf 75' lang='grc' dir='ltr'>περὶ</span> <span class='ocrx_word' id='word_1_297' title='bbox 835 2184 925 2256; x_wconf 86' lang='grc' dir='ltr'>ῦμιῦν,</span> <span class='ocrx_word' id='word_1_298' title='bbox 953 2205 1002 2239; x_wconf 88' lang='lat' dir='ltr'>om.</span> <span class='ocrx_word' id='word_1_299' title='bbox 1025 2189 1087 2239; x_wconf 86' lang='lat' dir='ltr'>Ven.</span> <span class='ocrx_word' id='word_1_300' title='bbox 1106 2217 1137 2228; x_wconf 92' lang='lat'>-</span> <span class='ocrx_word' id='word_1_301' title='bbox 1173 2187 1189 2238; x_wconf 86' lang='grc' dir='ltr'>Ι.</span> <span class='ocrx_word' id='word_1_302' title='bbox 1206 2188 1232 2242; x_wconf 82' lang='grc'>3.</span> <span class='ocrx_word' id='word_1_303' title='bbox 1253 2188 1310 2249; x_wconf 80' lang='grc' dir='ltr'>πῶς</span> <span class='ocrx_word' id='word_1_304' title='bbox 1324 2186 1370 2255; x_wconf 71' lang='grc' dir='ltr'>μὲν</span> <span class='ocrx_word' id='word_1_305' title='bbox 1387 2186 1431 2241; x_wconf 76' lang='grc' dir='ltr'>τάν</span> 
     </span>
     <span class='ocr_line' id='line_1_25' title="bbox 272 2265 1425 2345; baseline -0.002 -21"><span class='ocrx_word' id='word_1_306' title='bbox 272 2272 337 2324; x_wconf 81' lang='lat' dir='ltr'>Ven.</span> <span class='ocrx_word' id='word_1_307' title='bbox 357 2300 388 2310; x_wconf 89' lang='lat'>-</span> <span class='ocrx_word' id='word_1_308' title='bbox 423 2272 439 2321; x_wconf 96' lang='grc' dir='ltr'>Ι.</span> <span class='ocrx_word' id='word_1_309' title='bbox 455 2275 479 2324; x_wconf 82' lang='grc'>5.</span> <span class='ocrx_word' id='word_1_310' title='bbox 498 2265 546 2325; x_wconf 79' lang='grc' dir='ltr'>οῦκ</span> <span class='ocrx_word' id='word_1_311' title='bbox 562 2266 685 2338; x_wconf 75' lang='grc' dir='ltr'>ἀπέτεμεν</span> <span class='ocrx_word' id='word_1_312' title='bbox 703 2270 762 2333; x_wconf 84' lang='grc' dir='ltr'>τοῦς</span> <span class='ocrx_word' id='word_1_313' title='bbox 780 2270 817 2326; x_wconf 87' lang='grc' dir='ltr'>ἐτι</span> <span class='ocrx_word' id='word_1_314' title='bbox 832 2275 895 2324; x_wconf 86' lang='lat' dir='ltr'>Ven.</span> <span class='ocrx_word' id='word_1_315' title='bbox 933 2272 1003 2324; x_wconf 89' lang='lat' dir='ltr'>Idem</span> <span class='ocrx_word' id='word_1_316' title='bbox 1020 2273 1080 2323; x_wconf 85' lang='lat' dir='ltr'>ibid.</span> <span class='ocrx_word' id='word_1_317' title='bbox 1096 2273 1225 2340; x_wconf 77' lang='grc' dir='ltr'>σωτηρίας</span> <span class='ocrx_word' id='word_1_318' title='bbox 1242 2272 1363 2345; x_wconf 78' lang='grc' dir='ltr'>ἐχόμενα,</span> <span class='ocrx_word' id='word_1_319' title='bbox 1381 2270 1425 2323; x_wconf 84' lang='grc' dir='ltr'>καλ</span> 
     </span>
     <span class='ocr_line' id='line_1_26' title="bbox 273 2349 1424 2427; baseline -0.003 -16"><span class='ocrx_word' id='word_1_320' title='bbox 273 2356 298 2411; x_wconf 66' lang='grc'>5.</span> <span class='ocrx_word' id='word_1_321' title='bbox 315 2349 392 2409; x_wconf 83' lang='grc' dir='ltr'>άντιλ.</span> <span class='ocrx_word' id='word_1_322' title='bbox 409 2350 578 2424; x_wconf 65' lang='grc' dir='ltr'>άγαθοεργέας</span> <span class='ocrx_word' id='word_1_323' title='bbox 597 2358 680 2424; x_wconf 75' lang='lat' dir='ltr'>(decet</span> <span class='ocrx_word' id='word_1_324' title='bbox 698 2358 757 2424; x_wconf 78' lang='grc' dir='ltr'>τῆς)</span> <span class='ocrx_word' id='word_1_325' title='bbox 776 2353 860 2412; x_wconf 83' lang='grc' dir='ltr'>αῦτιῦν</span> <span class='ocrx_word' id='word_1_326' title='bbox 878 2351 949 2427; x_wconf 85' lang='grc' dir='ltr'>χάριν</span> <span class='ocrx_word' id='word_1_327' title='bbox 971 2355 1013 2412; x_wconf 85' lang='grc' dir='ltr'>τῦν</span> <span class='ocrx_word' id='word_1_328' title='bbox 1029 2355 1114 2423; x_wconf 85' lang='grc' dir='ltr'>κῦριον</span> <span class='ocrx_word' id='word_1_329' title='bbox 1130 2356 1226 2422; x_wconf 79' lang='grc' dir='ltr'>ἐδειξε,</span> <span class='ocrx_word' id='word_1_330' title='bbox 1250 2361 1298 2411; x_wconf 70' lang='grc' dir='ltr'>τᾶν</span> <span class='ocrx_word' id='word_1_331' title='bbox 1312 2355 1355 2409; x_wconf 83' lang='grc' dir='ltr'>καλ</span> <span class='ocrx_word' id='word_1_332' title='bbox 1371 2351 1424 2408; x_wconf 84' lang='grc' dir='ltr'>α’πὸ</span> 
     </span>
     <span class='ocr_line' id='line_1_27' title="bbox 272 2436 1427 2511; baseline -0.001 -16"><span class='ocrx_word' id='word_1_333' title='bbox 272 2438 491 2509; x_wconf 86' lang='grc' dir='ltr'>παραπτωμάτων.</span> <span class='ocrx_word' id='word_1_334' title='bbox 509 2470 544 2481; x_wconf 93' lang='lat'><em>-</em></span> <span class='ocrx_word' id='word_1_335' title='bbox 577 2442 594 2493; x_wconf 95' lang='grc' dir='ltr'>Ι.</span> <span class='ocrx_word' id='word_1_336' title='bbox 614 2445 648 2494; x_wconf 89' lang='grc' dir='ltr'>Ιθ.</span> <span class='ocrx_word' id='word_1_337' title='bbox 675 2441 719 2496; x_wconf 84' lang='grc' dir='ltr'>νιαλ</span> <span class='ocrx_word' id='word_1_338' title='bbox 736 2442 924 2511; x_wconf 63' lang='grc' dir='ltr'>φιλανθρωπίαν</span> <span class='ocrx_word' id='word_1_339' title='bbox 944 2440 1001 2510; x_wconf 74' lang='grc' dir='ltr'>(τήν</span> <span class='ocrx_word' id='word_1_340' title='bbox 1018 2441 1099 2508; x_wconf 74' lang='lat' dir='ltr'>deest)</span> <span class='ocrx_word' id='word_1_341' title='bbox 1125 2440 1162 2509; x_wconf 76' lang='grc' dir='ltr'>μὴ</span> <span class='ocrx_word' id='word_1_342' title='bbox 1180 2436 1347 2498; x_wconf 82' lang='grc' dir='ltr'>άνακένττονσα</span> <span class='ocrx_word' id='word_1_343' title='bbox 1362 2442 1427 2491; x_wconf 77' lang='lat' dir='ltr'>Ven-</span> 
     </span>
     <span class='ocr_line' id='line_1_28' title="bbox 272 2525 1429 2595; baseline 0.006 -17"><span class='ocrx_word' id='word_1_344' title='bbox 272 2527 331 2578; x_wconf 80' lang='lat' dir='ltr'>Hoc</span> <span class='ocrx_word' id='word_1_345' title='bbox 343 2526 523 2594; x_wconf 86' lang='lat' dir='ltr'>reponendum.</span> <span class='ocrx_word' id='word_1_346' title='bbox 554 2526 622 2577; x_wconf 82' lang='lat' dir='ltr'>Idem</span> <span class='ocrx_word' id='word_1_347' title='bbox 638 2527 700 2578; x_wconf 83' lang='lat' dir='ltr'>liber</span> <span class='ocrx_word' id='word_1_348' title='bbox 717 2527 792 2594; x_wconf 80' lang='lat' dir='ltr'><strong>paulo</strong></span> <span class='ocrx_word' id='word_1_349' title='bbox 807 2538 865 2594; x_wconf 76' lang='lat' dir='ltr'>poet</span> <span class='ocrx_word' id='word_1_350' title='bbox 878 2525 982 2594; x_wconf 73' lang='grc' dir='ltr'>γινωσκ.</span> <span class='ocrx_word' id='word_1_351' title='bbox 998 2525 1041 2580; x_wconf 79' lang='grc' dir='ltr'>οόν</span> <span class='ocrx_word' id='word_1_352' title='bbox 1060 2525 1089 2583; x_wconf 77' lang='grc' dir='ltr'>δὲ</span> <span class='ocrx_word' id='word_1_353' title='bbox 1105 2527 1200 2595; x_wconf 74' lang='grc' dir='ltr'>τρόπον·</span> <span class='ocrx_word' id='word_1_354' title='bbox 1215 2554 1248 2566; x_wconf 91' lang='grc'>·-</span> <span class='ocrx_word' id='word_1_355' title='bbox 1271 2526 1287 2576; x_wconf 63' lang='lat' dir='ltr'>L</span> <span class='ocrx_word' id='word_1_356' title='bbox 1307 2527 1345 2578; x_wconf 77' lang='grc' dir='ltr'>ΙΙ·</span> <span class='ocrx_word' id='word_1_357' title='bbox 1366 2526 1429 2577; x_wconf 78' lang='lat' dir='ltr'><strong>Cor·</strong></span> 
     </span>
     <span class='ocr_line' id='line_1_29' title="bbox 273 2608 1432 2681; baseline -0.001 -18"><span class='ocrx_word' id='word_1_358' title='bbox 273 2611 326 2679; x_wconf 75' lang='lat' dir='ltr'>rige</span> <span class='ocrx_word' id='word_1_359' title='bbox 343 2608 391 2679; x_wconf 81' lang='grc' dir='ltr'>γάρ</span> <span class='ocrx_word' id='word_1_360' title='bbox 410 2608 424 2665; x_wconf 83' lang='grc' dir='ltr'>ά</span> <span class='ocrx_word' id='word_1_361' title='bbox 440 2609 494 2678; x_wconf 71' lang='grc' dir='ltr'>την.</span> <span class='ocrx_word' id='word_1_362' title='bbox 531 2612 656 2663; x_wconf 79' lang='lat' dir='ltr'><strong>Articulus</strong></span> <span class='ocrx_word' id='word_1_363' title='bbox 683 2612 839 2663; x_wconf 71' lang='lat' dir='ltr'>desideratur</span> <span class='ocrx_word' id='word_1_364' title='bbox 862 2612 937 2664; x_wconf 79' lang='lat' dir='ltr'>etiam</span> <span class='ocrx_word' id='word_1_365' title='bbox 961 2612 985 2663; x_wconf 88' lang='lat' dir='ltr'>in</span> <span class='ocrx_word' id='word_1_366' title='bbox 1013 2613 1072 2662; x_wconf 84' lang='lat' dir='ltr'>edit.</span> <span class='ocrx_word' id='word_1_367' title='bbox 1100 2614 1184 2665; x_wconf 81' lang='grc' dir='ltr'>Ρειον.</span> <span class='ocrx_word' id='word_1_368' title='bbox 1206 2609 1292 2663; x_wconf 76' lang='lat' dir='ltr'>edon.</span> <span class='ocrx_word' id='word_1_369' title='bbox 1328 2610 1382 2681; x_wconf 73' lang='grc' dir='ltr'>ἔχει</span> <span class='ocrx_word' id='word_1_370' title='bbox 1404 2612 1432 2662; x_wconf 87' lang='lat' dir='ltr'>in</span> 
     </span>
     <span class='ocr_line' id='line_1_30' title="bbox 274 2690 1438 2766; baseline 0 -18"><span class='ocrx_word' id='word_1_371' title='bbox 274 2714 342 2766; x_wconf 68' lang='lat' dir='ltr'>seqq.</span> <span class='ocrx_word' id='word_1_372' title='bbox 357 2713 444 2747; x_wconf 74' lang='lat' dir='ltr'>eanum</span> <span class='ocrx_word' id='word_1_373' title='bbox 458 2706 504 2746; x_wconf 78' lang='lat' dir='ltr'>est.</span> <span class='ocrx_word' id='word_1_374' title='bbox 523 2723 556 2734; x_wconf 92' lang='lat'>-</span> <span class='ocrx_word' id='word_1_375' title='bbox 591 2697 606 2746; x_wconf 93' lang='grc' dir='ltr'>Ι.</span> <span class='ocrx_word' id='word_1_376' title='bbox 621 2698 658 2748; x_wconf 79' lang='lat'>1‘2.</span> <span class='ocrx_word' id='word_1_377' title='bbox 677 2691 744 2751; x_wconf 78' lang='grc' dir='ltr'>αῦτω</span> <span class='ocrx_word' id='word_1_378' title='bbox 758 2694 803 2750; x_wconf 77' lang='grc' dir='ltr'>καὶ</span> <span class='ocrx_word' id='word_1_379' title='bbox 819 2692 834 2750; x_wconf 81' lang='lat' dir='ltr'>o‘</span> <span class='ocrx_word' id='word_1_380' title='bbox 852 2690 902 2751; x_wconf 78' lang='grc' dir='ltr'>άπό</span> <span class='ocrx_word' id='word_1_381' title='bbox 917 2698 1020 2763; x_wconf 80' lang='grc' dir='ltr'>λουτροῦ</span> <span class='ocrx_word' id='word_1_382' title='bbox 1037 2698 1102 2764; x_wconf 72' lang='lat' dir='ltr'>(eide</span> <span class='ocrx_word' id='word_1_383' title='bbox 1116 2699 1172 2763; x_wconf 76' lang='grc' dir='ltr'>τοῦ)</span> <span class='ocrx_word' id='word_1_384' title='bbox 1188 2699 1249 2749; x_wconf 72' lang='lat' dir='ltr'>Vm.</span> <span class='ocrx_word' id='word_1_385' title='bbox 1286 2696 1354 2748; x_wconf 83' lang='lat' dir='ltr'>Idem</span> <span class='ocrx_word' id='word_1_386' title='bbox 1371 2698 1438 2748; x_wconf 84' lang='lat' dir='ltr'>liber</span> 
     </span>
    </p>
   </div>
   <div class='ocr_carea' id='block_1_3' title="bbox 261 2776 1435 2851">
    <p class='ocr_par' dir='ltr' id='par_1_6' title="bbox 261 2776 1435 2851">
     <span class='ocr_line' id='line_1_31' title="bbox 261 2776 1435 2851; baseline 0.001 -17"><span class='ocrx_word' id='word_1_387' title='bbox 261 2782 291 2834; x_wconf 87' lang='lat'>·1.</span> <span class='ocrx_word' id='word_1_388' title='bbox 307 2784 343 2834; x_wconf 81' lang='lat'>13.</span> <span class='ocrx_word' id='word_1_389' title='bbox 362 2778 524 2848; x_wconf 82' lang='grc' dir='ltr'>παραπεσῦν.</span> <span class='ocrx_word' id='word_1_390' title='bbox 540 2810 571 2820; x_wconf 91' lang='grc'>-</span> <span class='ocrx_word' id='word_1_391' title='bbox 599 2782 615 2831; x_wconf 95' lang='grc' dir='ltr'>Ι.</span> <span class='ocrx_word' id='word_1_392' title='bbox 631 2779 667 2836; x_wconf 75' lang='lat'>14.</span> <span class='ocrx_word' id='word_1_393' title='bbox 686 2777 753 2836; x_wconf 83' lang='grc' dir='ltr'>οῦτω</span> <span class='ocrx_word' id='word_1_394' title='bbox 768 2780 813 2835; x_wconf 81' lang='grc' dir='ltr'>καλ</span> <span class='ocrx_word' id='word_1_395' title='bbox 829 2776 843 2836; x_wconf 80' lang='grc' dir='ltr'>ὅ</span> <span class='ocrx_word' id='word_1_396' title='bbox 859 2781 896 2842; x_wconf 84' lang='grc' dir='ltr'>εἰς</span> <span class='ocrx_word' id='word_1_397' title='bbox 910 2779 939 2834; x_wconf 82' lang='grc' dir='ltr'>τῦ</span> <span class='ocrx_word' id='word_1_398' title='bbox 956 2780 1057 2850; x_wconf 80' lang='grc' dir='ltr'>λουτρὸν</span> <span class='ocrx_word' id='word_1_399' title='bbox 1072 2782 1098 2836; x_wconf 90' lang='grc' dir='ltr'>ἐν</span> <span class='ocrx_word' id='word_1_400' title='bbox 1111 2801 1220 2851; x_wconf 88' lang='grc' dir='ltr'>παραπτ.</span> <span class='ocrx_word' id='word_1_401' title='bbox 1235 2784 1308 2840; x_wconf 73' lang='lat' dir='ltr'>ved..</span> <span class='ocrx_word' id='word_1_402' title='bbox 1325 2783 1383 2832; x_wconf 83' lang='lat' dir='ltr'>etl.</span> <span class='ocrx_word' id='word_1_403' title='bbox 1403 2785 1435 2835; x_wconf 76' lang='grc'>15</span> 
     </span>
    </p>
   </div>
   <div class='ocr_carea' id='block_1_4' title="bbox 275 2860 1446 4644">
    <p class='ocr_par' dir='ltr' id='par_1_7' title="bbox 275 2860 1443 3433">
     <span class='ocr_line' id='line_1_32' title="bbox 276 2860 1439 2935; baseline -0.002 -13"><span class='ocrx_word' id='word_1_404' title='bbox 276 2864 390 2935; x_wconf 89' lang='grc' dir='ltr'>ἐνάρετον</span> <span class='ocrx_word' id='word_1_405' title='bbox 408 2863 439 2919; x_wconf 84' lang='grc' dir='ltr'>τά</span> <span class='ocrx_word' id='word_1_406' title='bbox 458 2863 531 2919; x_wconf 78' lang='grc' dir='ltr'>κατὰ.</span> <span class='ocrx_word' id='word_1_407' title='bbox 552 2895 581 2905; x_wconf 96' lang='grc'><strong>-</strong></span> <span class='ocrx_word' id='word_1_408' title='bbox 616 2867 632 2916; x_wconf 89' lang='grc' dir='ltr'>Ι.</span> <span class='ocrx_word' id='word_1_409' title='bbox 649 2869 689 2918; x_wconf 74' lang='lat'>¹20.</span> <span class='ocrx_word' id='word_1_410' title='bbox 702 2860 815 2920; x_wconf 87' lang='grc' dir='ltr'>Ἔπειτα</span> <span class='ocrx_word' id='word_1_411' title='bbox 838 2863 867 2920; x_wconf 74' lang='grc' dir='ltr'>δὲ</span> <span class='ocrx_word' id='word_1_412' title='bbox 885 2866 909 2920; x_wconf 87' lang='grc' dir='ltr'>οΙ</span> <span class='ocrx_word' id='word_1_413' title='bbox 927 2860 1004 2920; x_wconf 85' lang='grc' dir='ltr'>αῦτοῦ</span> <span class='ocrx_word' id='word_1_414' title='bbox 1026 2862 1100 2921; x_wconf 87' lang='grc' dir='ltr'>πάλιν</span> <span class='ocrx_word' id='word_1_415' title='bbox 1117 2864 1167 2923; x_wconf 71' lang='lat' dir='ltr'>ded</span> <span class='ocrx_word' id='word_1_416' title='bbox 1183 2862 1272 2923; x_wconf 81' lang='grc' dir='ltr'>τοῦτον</span> <span class='ocrx_word' id='word_1_417' title='bbox 1287 2863 1368 2934; x_wconf 85' lang='grc' dir='ltr'>πράην</span> <span class='ocrx_word' id='word_1_418' title='bbox 1386 2862 1439 2932; x_wconf 72' lang='grc' dir='ltr'>δή·</span> 
     </span>
     <span class='ocr_line' id='line_1_33' title="bbox 276 2947 1441 3020; baseline -0.002 -15"><span class='ocrx_word' id='word_1_419' title='bbox 276 2970 365 3013; x_wconf 82' lang='grc' dir='ltr'>σαντες</span> <span class='ocrx_word' id='word_1_420' title='bbox 379 2951 439 3019; x_wconf 77' lang='lat' dir='ltr'><strong>(sic)</strong></span> <span class='ocrx_word' id='word_1_421' title='bbox 460 2952 520 3001; x_wconf 77' lang='lat' dir='ltr'>Ven.</span> <span class='ocrx_word' id='word_1_422' title='bbox 538 2979 572 2989; x_wconf 97' lang='lat'>-</span> <span class='ocrx_word' id='word_1_423' title='bbox 607 2953 623 3002; x_wconf 93' lang='grc' dir='ltr'>Ι.</span> <span class='ocrx_word' id='word_1_424' title='bbox 640 2952 680 3004; x_wconf 72' lang='lat'>21.</span> <span class='ocrx_word' id='word_1_425' title='bbox 707 2952 761 3005; x_wconf 74' lang='grc' dir='ltr'>Καὶ</span> <span class='ocrx_word' id='word_1_426' title='bbox 778 2949 826 3018; x_wconf 87' lang='grc' dir='ltr'>γοὶρ</span> <span class='ocrx_word' id='word_1_427' title='bbox 847 2951 892 3004; x_wconf 83' lang='grc' dir='ltr'>καλ</span> <span class='ocrx_word' id='word_1_428' title='bbox 916 2949 988 3005; x_wconf 85' lang='grc' dir='ltr'>αῦτολ</span> <span class='ocrx_word' id='word_1_429' title='bbox 1008 2950 1056 3019; x_wconf 79' lang='grc' dir='ltr'>την</span> <span class='ocrx_word' id='word_1_430' title='bbox 1078 2947 1159 3019; x_wconf 80' lang='grc' dir='ltr'>αῦτην</span> <span class='ocrx_word' id='word_1_431' title='bbox 1184 2947 1338 3020; x_wconf 63' lang='grc' dir='ltr'>κεκτημεὲα</span> <span class='ocrx_word' id='word_1_432' title='bbox 1355 2951 1441 3004; x_wconf 76' lang='grc' dir='ltr'>πίστιν</span> 
     </span>
     <span class='ocr_line' id='line_1_34' title="bbox 275 3031 1442 3108; baseline -0.002 -16"><span class='ocrx_word' id='word_1_433' title='bbox 275 3031 309 3106; x_wconf 69' lang='grc' dir='ltr'>ἣν</span> <span class='ocrx_word' id='word_1_434' title='bbox 335 3037 448 3104; x_wconf 87' lang='grc' dir='ltr'>λέγουσιν</span> <span class='ocrx_word' id='word_1_435' title='bbox 474 3037 538 3108; x_wconf 87' lang='grc' dir='ltr'>ἐχειν</span> <span class='ocrx_word' id='word_1_436' title='bbox 563 3041 625 3090; x_wconf 85' lang='lat' dir='ltr'>Ven.</span> <span class='ocrx_word' id='word_1_437' title='bbox 646 3066 675 3077; x_wconf 86' lang='lat'>-</span> <span class='ocrx_word' id='word_1_438' title='bbox 712 3038 728 3087; x_wconf 95' lang='grc' dir='ltr'>Ι.</span> <span class='ocrx_word' id='word_1_439' title='bbox 745 3038 785 3089; x_wconf 74' lang='lat'>22.</span> <span class='ocrx_word' id='word_1_440' title='bbox 812 3034 928 3104; x_wconf 87' lang='grc' dir='ltr'>διγάμοις</span> <span class='ocrx_word' id='word_1_441' title='bbox 950 3043 1073 3090; x_wconf 85' lang='grc' dir='ltr'>κοινωνεῖν</span> <span class='ocrx_word' id='word_1_442' title='bbox 1089 3039 1150 3088; x_wconf 79' lang='lat' dir='ltr'>ven.</span> <span class='ocrx_word' id='word_1_443' title='bbox 1170 3066 1200 3075; x_wconf 88' lang='lat'>-</span> <span class='ocrx_word' id='word_1_444' title='bbox 1236 3037 1255 3089; x_wconf 92' lang='lat' dir='ltr'>I.</span> <span class='ocrx_word' id='word_1_445' title='bbox 1270 3037 1311 3089; x_wconf 71' lang='lat'>24.</span> <span class='ocrx_word' id='word_1_446' title='bbox 1330 3035 1442 3090; x_wconf 63' lang='grc' dir='ltr'>λεάσετο</span> 
     </span>
     <span class='ocr_line' id='line_1_35' title="bbox 276 3114 1442 3190; baseline 0.001 -16"><span class='ocrx_word' id='word_1_447' title='bbox 276 3123 314 3190; x_wconf 75' lang='grc' dir='ltr'>(λι.</span> <span class='ocrx_word' id='word_1_448' title='bbox 332 3141 352 3173; x_wconf 90' lang='lat' dir='ltr'>e.</span> <span class='ocrx_word' id='word_1_449' title='bbox 373 3120 504 3190; x_wconf 57' lang='grc' dir='ltr'>θεάσαιτο)</span> <span class='ocrx_word' id='word_1_450' title='bbox 522 3125 584 3175; x_wconf 84' lang='lat' dir='ltr'>Ven.</span> <span class='ocrx_word' id='word_1_451' title='bbox 604 3153 634 3162; x_wconf 94' lang='lat'><em>-</em></span> <span class='ocrx_word' id='word_1_452' title='bbox 671 3122 745 3174; x_wconf 78' lang='lat'>1.26.</span> <span class='ocrx_word' id='word_1_453' title='bbox 769 3120 806 3188; x_wconf 70' lang='grc' dir='ltr'>μή</span> <span class='ocrx_word' id='word_1_454' title='bbox 833 3120 949 3190; x_wconf 77' lang='grc' dir='ltr'>ἔμπειρος</span> <span class='ocrx_word' id='word_1_455' title='bbox 972 3114 1008 3175; x_wconf 77' lang='grc' dir='ltr'>ιῦν</span> <span class='ocrx_word' id='word_1_456' title='bbox 1025 3124 1087 3172; x_wconf 81' lang='grc' dir='ltr'>Ιέα.</span> <span class='ocrx_word' id='word_1_457' title='bbox 1110 3150 1137 3160; x_wconf 90' lang='lat'><em>-</em></span> <span class='ocrx_word' id='word_1_458' title='bbox 1173 3121 1191 3172; x_wconf 92' lang='grc' dir='ltr'>Ι.</span> <span class='ocrx_word' id='word_1_459' title='bbox 1205 3121 1247 3173; x_wconf 84' lang='grc'>30.</span> <span class='ocrx_word' id='word_1_460' title='bbox 1266 3122 1442 3189; x_wconf 84' lang='grc' dir='ltr'>τιμωροῦντος</span> 
     </span>
     <span class='ocr_line' id='line_1_36' title="bbox 275 3204 1443 3276; baseline -0.006 -14"><span class='ocrx_word' id='word_1_461' title='bbox 275 3205 335 3269; x_wconf 89' lang='grc' dir='ltr'>τοῦς</span> <span class='ocrx_word' id='word_1_462' title='bbox 351 3211 465 3275; x_wconf 81' lang='grc' dir='ltr'>δρῶντας</span> <span class='ocrx_word' id='word_1_463' title='bbox 481 3214 514 3276; x_wconf 65' lang='grc' dir='ltr'>(τι</span> <span class='ocrx_word' id='word_1_464' title='bbox 529 3209 610 3274; x_wconf 74' lang='lat' dir='ltr'>deest)</span> <span class='ocrx_word' id='word_1_465' title='bbox 627 3205 785 3276; x_wconf 73' lang='grc' dir='ltr'>φαυλότητος</span> <span class='ocrx_word' id='word_1_466' title='bbox 802 3206 901 3274; x_wconf 61' lang='lat' dir='ltr'>(desunt</span> <span class='ocrx_word' id='word_1_467' title='bbox 913 3206 958 3260; x_wconf 84' lang='grc' dir='ltr'>καλ</span> <span class='ocrx_word' id='word_1_468' title='bbox 971 3206 1029 3274; x_wconf 73' lang='grc' dir='ltr'>τῆς)</span> <span class='ocrx_word' id='word_1_469' title='bbox 1046 3207 1108 3256; x_wconf 89' lang='lat' dir='ltr'>Ven.</span> <span class='ocrx_word' id='word_1_470' title='bbox 1129 3233 1157 3244; x_wconf 92' lang='lat'><em>-</em></span> <span class='ocrx_word' id='word_1_471' title='bbox 1186 3206 1203 3256; x_wconf 96' lang='grc' dir='ltr'>Ι.</span> <span class='ocrx_word' id='word_1_472' title='bbox 1221 3204 1238 3258; x_wconf 75' lang='lat'>4</span> <span class='ocrx_word' id='word_1_473' title='bbox 1258 3217 1283 3256; x_wconf 88' lang='lat' dir='ltr'>et</span> <span class='ocrx_word' id='word_1_474' title='bbox 1300 3209 1325 3259; x_wconf 83' lang='grc'>3.</span> <span class='ocrx_word' id='word_1_475' title='bbox 1342 3206 1375 3256; x_wconf 81' lang='lat' dir='ltr'>ab</span> <span class='ocrx_word' id='word_1_476' title='bbox 1391 3206 1443 3256; x_wconf 83' lang='lat' dir='ltr'><strong>inf.</strong></span> 
     </span>
     <span class='ocr_line' id='line_1_37' title="bbox 276 3283 1440 3362; baseline -0.001 -16"><span class='ocrx_word' id='word_1_477' title='bbox 276 3286 296 3360; x_wconf 73' lang='grc' dir='ltr'><strong>ἦ</strong></span> <span class='ocrx_word' id='word_1_478' title='bbox 313 3292 506 3362; x_wconf 85' lang='grc' dir='ltr'>μαχεσαμένου·</span> <span class='ocrx_word' id='word_1_479' title='bbox 530 3286 548 3362; x_wconf 74' lang='grc' dir='ltr'><strong><em>ἢ</em></strong></span> <span class='ocrx_word' id='word_1_480' title='bbox 565 3291 601 3354; x_wconf 83' lang='grc' dir='ltr'>ιῦς</span> <span class='ocrx_word' id='word_1_481' title='bbox 618 3290 661 3348; x_wconf 87' lang='grc' dir='ltr'>ἐάν</span> <span class='ocrx_word' id='word_1_482' title='bbox 678 3311 715 3352; x_wconf 89' lang='grc' dir='ltr'>τις</span> <span class='ocrx_word' id='word_1_483' title='bbox 733 3283 764 3362; x_wconf 69' lang='grc' dir='ltr'>(ᾗ</span> <span class='ocrx_word' id='word_1_484' title='bbox 778 3292 861 3353; x_wconf 78' lang='lat' dir='ltr'>deest)</span> <span class='ocrx_word' id='word_1_485' title='bbox 877 3293 939 3343; x_wconf 86' lang='lat' dir='ltr'>Ven.</span> <span class='ocrx_word' id='word_1_486' title='bbox 975 3292 1044 3344; x_wconf 85' lang='lat' dir='ltr'>Idem</span> <span class='ocrx_word' id='word_1_487' title='bbox 1058 3290 1075 3343; x_wconf 92' lang='grc' dir='ltr'>Ι.</span> <span class='ocrx_word' id='word_1_488' title='bbox 1089 3290 1184 3358; x_wconf 78' lang='lat' dir='ltr'>penult.</span> <span class='ocrx_word' id='word_1_489' title='bbox 1209 3289 1276 3346; x_wconf 79' lang='grc' dir='ltr'>κατὰ</span> <span class='ocrx_word' id='word_1_490' title='bbox 1293 3288 1440 3360; x_wconf 81' lang='grc' dir='ltr'>άλιτηρέων,</span> 
     </span>
     <span class='ocr_line' id='line_1_38' title="bbox 276 3374 607 3433; baseline 0.003 -4"><span class='ocrx_word' id='word_1_491' title='bbox 276 3389 303 3429; x_wconf 81' lang='grc' dir='ltr'>σε</span> <span class='ocrx_word' id='word_1_492' title='bbox 320 3377 337 3429; x_wconf 92' lang='grc' dir='ltr'>Ι.</span> <span class='ocrx_word' id='word_1_493' title='bbox 355 3379 398 3428; x_wconf 69' lang='lat' dir='ltr'>ule</span> <span class='ocrx_word' id='word_1_494' title='bbox 415 3374 607 3433; x_wconf 76' lang='grc' dir='ltr'>α’νιαὶλοσιωτῶν.</span> 
     </span>
    </p>

    <p class='ocr_par' dir='ltr' id='par_1_8' title="bbox 277 3454 1446 4298">
     <span class='ocr_line' id='line_1_39' title="bbox 343 3454 1444 3535; baseline 0.002 -19"><span class='ocrx_word' id='word_1_495' title='bbox 343 3460 424 3535; x_wconf 68' lang='lat'><em>1²23.</em></span> <span class='ocrx_word' id='word_1_496' title='bbox 440 3465 517 3521; x_wconf 71' lang='lat'><strong>128.</strong></span> <span class='ocrx_word' id='word_1_497' title='bbox 549 3464 566 3514; x_wconf 94' lang='grc' dir='ltr'>Ι.</span> <span class='ocrx_word' id='word_1_498' title='bbox 587 3468 609 3516; x_wconf 89' lang='grc' dir='ltr'>Ι.</span> <span class='ocrx_word' id='word_1_499' title='bbox 626 3461 685 3525; x_wconf 89' lang='grc' dir='ltr'>τοῦς</span> <span class='ocrx_word' id='word_1_500' title='bbox 702 3458 814 3524; x_wconf 75' lang='grc' dir='ltr'>ἅπαντας</span> <span class='ocrx_word' id='word_1_501' title='bbox 829 3462 909 3526; x_wconf 81' lang='grc' dir='ltr'>ἐξουσ.</span> <span class='ocrx_word' id='word_1_502' title='bbox 925 3463 987 3513; x_wconf 83' lang='grc' dir='ltr'>ΙΙευ.</span> <span class='ocrx_word' id='word_1_503' title='bbox 1003 3491 1035 3501; x_wconf 89' lang='grc'>-</span> <span class='ocrx_word' id='word_1_504' title='bbox 1061 3462 1078 3512; x_wconf 92' lang='grc' dir='ltr'>Ι.</span> <span class='ocrx_word' id='word_1_505' title='bbox 1091 3462 1115 3514; x_wconf 75' lang='lat'>4.</span> <span class='ocrx_word' id='word_1_506' title='bbox 1135 3458 1211 3523; x_wconf 79' lang='grc' dir='ltr'>άλοῦς</span> <span class='ocrx_word' id='word_1_507' title='bbox 1227 3460 1256 3518; x_wconf 80' lang='grc' dir='ltr'>δέ</span> <span class='ocrx_word' id='word_1_508' title='bbox 1272 3454 1344 3521; x_wconf 84' lang='grc' dir='ltr'>οῦτος</span> <span class='ocrx_word' id='word_1_509' title='bbox 1359 3457 1444 3524; x_wconf 80' lang='grc' dir='ltr'>αῦτός</span> 
     </span>
     <span class='ocr_line' id='line_1_40' title="bbox 277 3541 1445 3617; baseline 0.002 -18"><span class='ocrx_word' id='word_1_510' title='bbox 277 3549 353 3609; x_wconf 77' lang='lat' dir='ltr'>Vem,</span> <span class='ocrx_word' id='word_1_511' title='bbox 370 3560 396 3598; x_wconf 85' lang='lat' dir='ltr'>et</span> <span class='ocrx_word' id='word_1_512' title='bbox 410 3548 453 3600; x_wconf 87' lang='lat' dir='ltr'><strong>lib.</strong></span> <span class='ocrx_word' id='word_1_513' title='bbox 468 3567 536 3617; x_wconf 75' lang='lat' dir='ltr'>sequ.</span> <span class='ocrx_word' id='word_1_514' title='bbox 561 3547 693 3611; x_wconf 79' lang='grc' dir='ltr'>τοιούτων,</span> <span class='ocrx_word' id='word_1_515' title='bbox 721 3546 786 3605; x_wconf 80' lang='grc' dir='ltr'>διότι</span> <span class='ocrx_word' id='word_1_516' title='bbox 809 3545 855 3615; x_wconf 75' lang='grc' dir='ltr'>τήν</span> <span class='ocrx_word' id='word_1_517' title='bbox 876 3549 934 3614; x_wconf 73' lang='grc' dir='ltr'>ἴσην</span> <span class='ocrx_word' id='word_1_518' title='bbox 957 3544 1070 3614; x_wconf 78' lang='grc' dir='ltr'>ἐνόμιζον</span> <span class='ocrx_word' id='word_1_519' title='bbox 1087 3549 1149 3599; x_wconf 82' lang='lat' dir='ltr'>Ven.</span> <span class='ocrx_word' id='word_1_520' title='bbox 1169 3577 1200 3587; x_wconf 91' lang='lat'>-</span> <span class='ocrx_word' id='word_1_521' title='bbox 1234 3547 1251 3597; x_wconf 90' lang='lat' dir='ltr'>l.</span> <span class='ocrx_word' id='word_1_522' title='bbox 1266 3552 1290 3600; x_wconf 76' lang='grc' dir='ltr'>ὅ.</span> <span class='ocrx_word' id='word_1_523' title='bbox 1308 3541 1377 3601; x_wconf 71' lang='grc' dir='ltr'>οὕτω</span> <span class='ocrx_word' id='word_1_524' title='bbox 1395 3548 1445 3602; x_wconf 84' lang='grc' dir='ltr'>καλ</span> 
     </span>
     <span class='ocr_line' id='line_1_41' title="bbox 278 3624 1444 3698; baseline -0.001 -10"><span class='ocrx_word' id='word_1_525' title='bbox 278 3624 346 3688; x_wconf 83' lang='grc' dir='ltr'>οῦτοι</span> <span class='ocrx_word' id='word_1_526' title='bbox 362 3631 395 3687; x_wconf 86' lang='grc' dir='ltr'>τά</span> <span class='ocrx_word' id='word_1_527' title='bbox 410 3630 508 3688; x_wconf 84' lang='grc' dir='ltr'>πάντων</span> <span class='ocrx_word' id='word_1_528' title='bbox 527 3636 590 3684; x_wconf 88' lang='lat' dir='ltr'>Ven.</span> <span class='ocrx_word' id='word_1_529' title='bbox 610 3662 643 3674; x_wconf 91' lang='lat'><em>-</em></span> <span class='ocrx_word' id='word_1_530' title='bbox 678 3635 693 3684; x_wconf 92' lang='grc' dir='ltr'>Ι.</span> <span class='ocrx_word' id='word_1_531' title='bbox 711 3636 748 3686; x_wconf 85' lang='lat' dir='ltr'>Io.</span> <span class='ocrx_word' id='word_1_532' title='bbox 768 3626 808 3688; x_wconf 75' lang='grc' dir='ltr'>ὅτι</span> <span class='ocrx_word' id='word_1_533' title='bbox 832 3628 879 3687; x_wconf 83' lang='grc' dir='ltr'>οῦκ</span> <span class='ocrx_word' id='word_1_534' title='bbox 905 3627 988 3698; x_wconf 72' lang='grc' dir='ltr'>αὐτῆς</span> <span class='ocrx_word' id='word_1_535' title='bbox 1005 3630 1072 3685; x_wconf 89' lang='grc' dir='ltr'>ἐστιν</span> <span class='ocrx_word' id='word_1_536' title='bbox 1100 3634 1161 3682; x_wconf 83' lang='lat' dir='ltr'>Veu.</span> <span class='ocrx_word' id='word_1_537' title='bbox 1178 3660 1211 3671; x_wconf 93' lang='lat'><em>-</em></span> <span class='ocrx_word' id='word_1_538' title='bbox 1246 3632 1262 3683; x_wconf 93' lang='grc' dir='ltr'>Ι.</span> <span class='ocrx_word' id='word_1_539' title='bbox 1280 3633 1317 3685; x_wconf 75' lang='lat'>12.</span> <span class='ocrx_word' id='word_1_540' title='bbox 1337 3632 1376 3693; x_wconf 79' lang='grc' dir='ltr'>εἰς</span> <span class='ocrx_word' id='word_1_541' title='bbox 1391 3630 1444 3688; x_wconf 67' lang='grc' dir='ltr'>σῦν</span> 
     </span>
     <span class='ocr_line' id='line_1_42' title="bbox 277 3710 1443 3788; baseline -0.002 -16"><span class='ocrx_word' id='word_1_542' title='bbox 277 3717 418 3787; x_wconf 85' lang='grc' dir='ltr'>Ιιρωσῦνην</span> <span class='ocrx_word' id='word_1_543' title='bbox 434 3721 494 3770; x_wconf 89' lang='lat' dir='ltr'>Ven.</span> <span class='ocrx_word' id='word_1_544' title='bbox 531 3719 599 3769; x_wconf 89' lang='lat' dir='ltr'>Idem</span> <span class='ocrx_word' id='word_1_545' title='bbox 616 3719 633 3771; x_wconf 90' lang='grc' dir='ltr'>Ι.</span> <span class='ocrx_word' id='word_1_546' title='bbox 652 3721 690 3771; x_wconf 93' lang='grc' dir='ltr'>ΙΙ.</span> <span class='ocrx_word' id='word_1_547' title='bbox 713 3711 868 3786; x_wconf 78' lang='grc' dir='ltr'>Ἀκηνιοότες</span> <span class='ocrx_word' id='word_1_548' title='bbox 890 3714 939 3785; x_wconf 80' lang='grc' dir='ltr'>γάρ</span> <span class='ocrx_word' id='word_1_549' title='bbox 963 3710 1003 3769; x_wconf 77' lang='grc' dir='ltr'>ὅτι</span> <span class='ocrx_word' id='word_1_550' title='bbox 1018 3719 1081 3767; x_wconf 80' lang='lat' dir='ltr'>ven.</span> <span class='ocrx_word' id='word_1_551' title='bbox 1099 3745 1132 3757; x_wconf 91' lang='lat'>-</span> <span class='ocrx_word' id='word_1_552' title='bbox 1166 3717 1184 3768; x_wconf 93' lang='grc' dir='ltr'>Ι.</span> <span class='ocrx_word' id='word_1_553' title='bbox 1203 3718 1240 3770; x_wconf 81' lang='lat'>13.</span> <span class='ocrx_word' id='word_1_554' title='bbox 1258 3714 1443 3788; x_wconf 73' lang='grc' dir='ltr'>πρεσβύτερον,</span> 
     </span>
     <span class='ocr_line' id='line_1_43' title="bbox 278 3792 1446 3873; baseline -0.002 -15"><span class='ocrx_word' id='word_1_555' title='bbox 278 3801 321 3858; x_wconf 74' lang='grc' dir='ltr'>τὸν</span> <span class='ocrx_word' id='word_1_556' title='bbox 340 3799 396 3870; x_wconf 73' lang='grc' dir='ltr'>ἔρον</span> <span class='ocrx_word' id='word_1_557' title='bbox 410 3805 460 3858; x_wconf 78' lang='grc' dir='ltr'>τῶν</span> <span class='ocrx_word' id='word_1_558' title='bbox 477 3803 613 3873; x_wconf 88' lang='grc' dir='ltr'>ταγμάτων</span> <span class='ocrx_word' id='word_1_559' title='bbox 635 3800 682 3859; x_wconf 81' lang='grc' dir='ltr'>οῦκ</span> <span class='ocrx_word' id='word_1_560' title='bbox 698 3792 813 3871; x_wconf 86' lang='grc' dir='ltr'>ἐνόησαν.</span> <span class='ocrx_word' id='word_1_561' title='bbox 849 3801 902 3856; x_wconf 85' lang='grc' dir='ltr'>ΚαΙ</span> <span class='ocrx_word' id='word_1_562' title='bbox 924 3799 973 3870; x_wconf 86' lang='grc' dir='ltr'>γάρ</span> <span class='ocrx_word' id='word_1_563' title='bbox 996 3804 1032 3870; x_wconf 81' lang='grc' dir='ltr'>τῷ</span> <span class='ocrx_word' id='word_1_564' title='bbox 1050 3796 1102 3856; x_wconf 83' lang='grc' dir='ltr'>ὄντι</span> <span class='ocrx_word' id='word_1_565' title='bbox 1118 3800 1176 3869; x_wconf 77' lang='grc' dir='ltr'>ιμλν</span> <span class='ocrx_word' id='word_1_566' title='bbox 1193 3803 1273 3866; x_wconf 73' lang='lat' dir='ltr'>deest)</span> <span class='ocrx_word' id='word_1_567' title='bbox 1291 3797 1320 3856; x_wconf 84' lang='grc' dir='ltr'>οῦ</span> <span class='ocrx_word' id='word_1_568' title='bbox 1335 3801 1446 3872; x_wconf 82' lang='grc' dir='ltr'>δέχεται</span> 
     </span>
     <span class='ocr_line' id='line_1_44' title="bbox 279 3884 1445 3958; baseline -0.005 -14"><span class='ocrx_word' id='word_1_569' title='bbox 279 3890 316 3951; x_wconf 75' lang='grc' dir='ltr'>εἰς</span> <span class='ocrx_word' id='word_1_570' title='bbox 332 3888 472 3957; x_wconf 76' lang='grc' dir='ltr'>ἱερωσύνην</span> <span class='ocrx_word' id='word_1_571' title='bbox 485 3888 513 3944; x_wconf 83' lang='grc' dir='ltr'>τῦ</span> <span class='ocrx_word' id='word_1_572' title='bbox 531 3884 600 3957; x_wconf 79' lang='grc' dir='ltr'>ἅγιον</span> <span class='ocrx_word' id='word_1_573' title='bbox 616 3891 677 3944; x_wconf 61' lang='grc' dir='ltr'>θεοῦ</span> <span class='ocrx_word' id='word_1_574' title='bbox 693 3890 746 3958; x_wconf 77' lang='grc' dir='ltr'>(τοῦ</span> <span class='ocrx_word' id='word_1_575' title='bbox 763 3889 843 3954; x_wconf 79' lang='lat' dir='ltr'>deest)</span> <span class='ocrx_word' id='word_1_576' title='bbox 862 3886 984 3955; x_wconf 75' lang='grc' dir='ltr'>κήρυγμα</span> <span class='ocrx_word' id='word_1_577' title='bbox 999 3890 1062 3939; x_wconf 79' lang='lat' dir='ltr'>Vm.</span> <span class='ocrx_word' id='word_1_578' title='bbox 1098 3889 1164 3939; x_wconf 83' lang='lat' dir='ltr'><strong>Hinc</strong></span> <span class='ocrx_word' id='word_1_579' title='bbox 1184 3887 1335 3938; x_wconf 73' lang='lat' dir='ltr'>restituenda</span> <span class='ocrx_word' id='word_1_580' title='bbox 1352 3897 1391 3936; x_wconf 77' lang='lat' dir='ltr'>eet</span> <span class='ocrx_word' id='word_1_581' title='bbox 1415 3899 1445 3938; x_wconf 80' lang='grc' dir='ltr'>οε</span> 
     </span>
     <span class='ocr_line' id='line_1_45' title="bbox 277 3966 1445 4044; baseline -0.003 -19"><span class='ocrx_word' id='word_1_582' title='bbox 277 3974 417 4044; x_wconf 72' lang='lat' dir='ltr'>supplenda</span> <span class='ocrx_word' id='word_1_583' title='bbox 433 3977 497 4043; x_wconf 84' lang='lat' dir='ltr'>vulg.</span> <span class='ocrx_word' id='word_1_584' title='bbox 517 3976 644 4043; x_wconf 71' lang='lat' dir='ltr'>scriptum.</span> <span class='ocrx_word' id='word_1_585' title='bbox 672 3975 741 4025; x_wconf 87' lang='lat' dir='ltr'>Idem</span> <span class='ocrx_word' id='word_1_586' title='bbox 754 3975 816 4025; x_wconf 86' lang='lat' dir='ltr'>liber</span> <span class='ocrx_word' id='word_1_587' title='bbox 828 3973 903 4041; x_wconf 82' lang='lat' dir='ltr'><strong>paulo</strong></span> <span class='ocrx_word' id='word_1_588' title='bbox 920 3985 979 4042; x_wconf 74' lang='lat' dir='ltr'>post</span> <span class='ocrx_word' id='word_1_589' title='bbox 994 3971 1114 4041; x_wconf 78' lang='grc' dir='ltr'>ἐνδημέαν</span> <span class='ocrx_word' id='word_1_590' title='bbox 1130 3967 1189 4028; x_wconf 74' lang='grc' dir='ltr'>ου’δὲ</span> <span class='ocrx_word' id='word_1_591' title='bbox 1203 3969 1261 4032; x_wconf 87' lang='grc' dir='ltr'>τοῦς</span> <span class='ocrx_word' id='word_1_592' title='bbox 1275 3966 1324 4025; x_wconf 82' lang='grc' dir='ltr'>άπό</span> <span class='ocrx_word' id='word_1_593' title='bbox 1341 3973 1393 4024; x_wconf 79' lang='grc' dir='ltr'>κτλ.</span> <span class='ocrx_word' id='word_1_594' title='bbox 1409 4001 1445 4011; x_wconf 94' lang='lat'><em>-</em></span> 
     </span>
     <span class='ocr_line' id='line_1_46' title="bbox 277 4053 1443 4129; baseline 0 -19"><span class='ocrx_word' id='word_1_595' title='bbox 277 4059 295 4110; x_wconf 92' lang='grc' dir='ltr'>Ι.</span> <span class='ocrx_word' id='word_1_596' title='bbox 314 4061 352 4112; x_wconf 80' lang='grc' dir='ltr'>ΙΙ.</span> <span class='ocrx_word' id='word_1_597' title='bbox 370 4055 432 4127; x_wconf 83' lang='grc' dir='ltr'>οἷγία</span> <span class='ocrx_word' id='word_1_598' title='bbox 447 4061 508 4115; x_wconf 55' lang='lat' dir='ltr'>dee]</span> <span class='ocrx_word' id='word_1_599' title='bbox 526 4062 606 4129; x_wconf 63' lang='lat' dir='ltr'>(deest</span> <span class='ocrx_word' id='word_1_600' title='bbox 623 4061 678 4124; x_wconf 83' lang='grc' dir='ltr'>τοῦλ</span> <span class='ocrx_word' id='word_1_601' title='bbox 696 4063 758 4111; x_wconf 86' lang='lat' dir='ltr'>Ven.</span> <span class='ocrx_word' id='word_1_602' title='bbox 783 4089 811 4100; x_wconf 84' lang='lat'><em>-</em></span> <span class='ocrx_word' id='word_1_603' title='bbox 845 4060 861 4109; x_wconf 94' lang='grc' dir='ltr'>Ι.</span> <span class='ocrx_word' id='word_1_604' title='bbox 876 4059 917 4112; x_wconf 75' lang='lat'>23.</span> <span class='ocrx_word' id='word_1_605' title='bbox 935 4057 989 4111; x_wconf 91' lang='grc' dir='ltr'>Τοῦ</span> <span class='ocrx_word' id='word_1_606' title='bbox 1006 4059 1061 4125; x_wconf 80' lang='lat' dir='ltr'>(sie)</span> <span class='ocrx_word' id='word_1_607' title='bbox 1079 4056 1108 4113; x_wconf 74' lang='grc' dir='ltr'>δὲ</span> <span class='ocrx_word' id='word_1_608' title='bbox 1124 4053 1154 4111; x_wconf 86' lang='grc' dir='ltr'>οῦ</span> <span class='ocrx_word' id='word_1_609' title='bbox 1169 4055 1237 4124; x_wconf 81' lang='grc' dir='ltr'>παρὰ</span> <span class='ocrx_word' id='word_1_610' title='bbox 1251 4075 1273 4109; x_wconf 91' lang='grc' dir='ltr'>τ.</span> <span class='ocrx_word' id='word_1_611' title='bbox 1292 4076 1315 4109; x_wconf 80' lang='lat' dir='ltr'>x.</span> <span class='ocrx_word' id='word_1_612' title='bbox 1332 4055 1443 4123; x_wconf 82' lang='grc' dir='ltr'>γίνεται,</span> 
     </span>
     <span class='ocr_line' id='line_1_47' title="bbox 278 4140 1444 4213; baseline 0.003 -21"><span class='ocrx_word' id='word_1_613' title='bbox 278 4140 342 4200; x_wconf 73' lang='grc' dir='ltr'>ἀλλὰ</span> <span class='ocrx_word' id='word_1_614' title='bbox 358 4147 420 4195; x_wconf 77' lang='lat' dir='ltr'>ven.</span> <span class='ocrx_word' id='word_1_615' title='bbox 440 4175 470 4186; x_wconf 92' lang='grc'>-</span> <span class='ocrx_word' id='word_1_616' title='bbox 499 4146 516 4197; x_wconf 89' lang='lat' dir='ltr'>l.</span> <span class='ocrx_word' id='word_1_617' title='bbox 535 4148 574 4198; x_wconf 77' lang='lat'>⁶25.</span> <span class='ocrx_word' id='word_1_618' title='bbox 592 4146 755 4213; x_wconf 70' lang='grc' dir='ltr'>χαλτῆςτρῦ</span> <span class='ocrx_word' id='word_1_619' title='bbox 771 4142 885 4211; x_wconf 61' lang='grc' dir='ltr'>πλήθους</span> <span class='ocrx_word' id='word_1_620' title='bbox 900 4146 960 4193; x_wconf 89' lang='lat' dir='ltr'>Ven.</span> <span class='ocrx_word' id='word_1_621' title='bbox 987 4144 1056 4193; x_wconf 82' lang='lat' dir='ltr'>Idem</span> <span class='ocrx_word' id='word_1_622' title='bbox 1074 4143 1149 4212; x_wconf 79' lang='lat' dir='ltr'>paulo</span> <span class='ocrx_word' id='word_1_623' title='bbox 1165 4154 1223 4210; x_wconf 78' lang='lat' dir='ltr'>poet</span> <span class='ocrx_word' id='word_1_624' title='bbox 1237 4140 1444 4208; x_wconf 80' lang='grc' dir='ltr'>πρεπσδέστατον</span> 
     </span>
     <span class='ocr_line' id='line_1_48' title="bbox 280 4226 1446 4298; baseline -0.001 -18"><span class='ocrx_word' id='word_1_625' title='bbox 280 4233 335 4298; x_wconf 70' lang='grc' dir='ltr'>(εἰς)</span> <span class='ocrx_word' id='word_1_626' title='bbox 354 4227 411 4298; x_wconf 83' lang='grc' dir='ltr'>γάρ.</span> <span class='ocrx_word' id='word_1_627' title='bbox 429 4260 460 4271; x_wconf 92' lang='grc'>-</span> <span class='ocrx_word' id='word_1_628' title='bbox 497 4230 513 4281; x_wconf 94' lang='lat' dir='ltr'>l.</span> <span class='ocrx_word' id='word_1_629' title='bbox 524 4230 548 4284; x_wconf 84' lang='lat'>6.</span> <span class='ocrx_word' id='word_1_630' title='bbox 565 4231 658 4285; x_wconf 80' lang='lat' dir='ltr'>abins.</span> <span class='ocrx_word' id='word_1_631' title='bbox 676 4227 872 4297; x_wconf 85' lang='grc' dir='ltr'>α’περισπάστως</span> <span class='ocrx_word' id='word_1_632' title='bbox 889 4231 950 4280; x_wconf 89' lang='lat' dir='ltr'>Ven.</span> <span class='ocrx_word' id='word_1_633' title='bbox 974 4231 1047 4281; x_wconf 81' lang='lat' dir='ltr'>Bene.</span> <span class='ocrx_word' id='word_1_634' title='bbox 1085 4229 1152 4278; x_wconf 82' lang='lat' dir='ltr'>Idem</span> <span class='ocrx_word' id='word_1_635' title='bbox 1169 4228 1186 4278; x_wconf 89' lang='grc' dir='ltr'>Ι.</span> <span class='ocrx_word' id='word_1_636' title='bbox 1198 4229 1220 4278; x_wconf 79' lang='grc'>5.</span> <span class='ocrx_word' id='word_1_637' title='bbox 1237 4226 1268 4277; x_wconf 82' lang='lat' dir='ltr'>ab</span> <span class='ocrx_word' id='word_1_638' title='bbox 1285 4226 1330 4275; x_wconf 84' lang='grc' dir='ltr'>ἰυΙ.</span> <span class='ocrx_word' id='word_1_639' title='bbox 1347 4227 1446 4294; x_wconf 77' lang='grc' dir='ltr'>χρεῶν.</span> 
     </span>
    </p>

    <p class='ocr_par' dir='ltr' id='par_1_9' title="bbox 277 4311 1445 4644">
     <span class='ocr_line' id='line_1_49' title="bbox 345 4311 1445 4388; baseline -0.008 -17"><span class='ocrx_word' id='word_1_640' title='bbox 345 4318 425 4388; x_wconf 69' lang='grc' dir='ltr'>Ρις.</span> <span class='ocrx_word' id='word_1_641' title='bbox 437 4319 514 4373; x_wconf 84' lang='grc'>180.</span> <span class='ocrx_word' id='word_1_642' title='bbox 548 4318 562 4366; x_wconf 90' lang='grc' dir='ltr'>Ι.</span> <span class='ocrx_word' id='word_1_643' title='bbox 582 4323 602 4370; x_wconf 92' lang='grc' dir='ltr'>Ι.</span> <span class='ocrx_word' id='word_1_644' title='bbox 628 4315 758 4387; x_wconf 71' lang='grc' dir='ltr'>σχολάζειν</span> <span class='ocrx_word' id='word_1_645' title='bbox 773 4316 807 4385; x_wconf 76' lang='grc' dir='ltr'>τῇ</span> <span class='ocrx_word' id='word_1_646' title='bbox 823 4311 889 4368; x_wconf 80' lang='grc' dir='ltr'>κατά</span> <span class='ocrx_word' id='word_1_647' title='bbox 905 4313 964 4369; x_wconf 64' lang='grc' dir='ltr'>θεᾶν</span> <span class='ocrx_word' id='word_1_648' title='bbox 979 4321 1036 4375; x_wconf 89' lang='grc' dir='ltr'>ταῖς</span> <span class='ocrx_word' id='word_1_649' title='bbox 1051 4315 1114 4382; x_wconf 67' lang='lat' dir='ltr'>(sine</span> <span class='ocrx_word' id='word_1_650' title='bbox 1132 4312 1167 4379; x_wconf 84' lang='grc' dir='ltr'>ἐν)</span> <span class='ocrx_word' id='word_1_651' title='bbox 1186 4314 1263 4371; x_wconf 78' lang='lat' dir='ltr'>Vem,</span> <span class='ocrx_word' id='word_1_652' title='bbox 1288 4311 1328 4380; x_wconf 86' lang='lat' dir='ltr'>qui</span> <span class='ocrx_word' id='word_1_653' title='bbox 1346 4311 1445 4365; x_wconf 86' lang='lat' dir='ltr'>deinde</span> 
     </span>
     <span class='ocr_line' id='line_1_50' title="bbox 278 4395 1445 4473; baseline 0.001 -22"><span class='ocrx_word' id='word_1_654' title='bbox 278 4400 360 4452; x_wconf 83' lang='lat' dir='ltr'>firmat</span> <span class='ocrx_word' id='word_1_655' title='bbox 374 4402 622 4473; x_wconf 85' lang='grc' dir='ltr'>τελεσιουργουμένη.</span> <span class='ocrx_word' id='word_1_656' title='bbox 659 4403 726 4453; x_wconf 85' lang='lat' dir='ltr'>Idem</span> <span class='ocrx_word' id='word_1_657' title='bbox 743 4400 759 4452; x_wconf 92' lang='lat' dir='ltr'>l.</span> <span class='ocrx_word' id='word_1_658' title='bbox 774 4403 798 4453; x_wconf 86' lang='grc'>3.</span> <span class='ocrx_word' id='word_1_659' title='bbox 825 4398 862 4468; x_wconf 76' lang='grc' dir='ltr'>μή</span> <span class='ocrx_word' id='word_1_660' title='bbox 880 4399 1028 4466; x_wconf 63' lang='grc' dir='ltr'>δυνηθέντα.</span> <span class='ocrx_word' id='word_1_661' title='bbox 1049 4429 1080 4438; x_wconf 75' lang='lat'>..</span> <span class='ocrx_word' id='word_1_662' title='bbox 1114 4399 1131 4450; x_wconf 92' lang='grc' dir='ltr'>Ι.</span> <span class='ocrx_word' id='word_1_663' title='bbox 1146 4399 1170 4451; x_wconf 77' lang='lat' dir='ltr'>d.</span> <span class='ocrx_word' id='word_1_664' title='bbox 1188 4395 1364 4466; x_wconf 83' lang='grc' dir='ltr'>τελευτησάσῃ</span> <span class='ocrx_word' id='word_1_665' title='bbox 1383 4396 1445 4452; x_wconf 78' lang='grc' dir='ltr'>ἐνε-</span> 
     </span>
     <span class='ocr_line' id='line_1_51' title="bbox 279 4482 1444 4553; baseline -0.006 -12"><span class='ocrx_word' id='word_1_666' title='bbox 279 4502 321 4541; x_wconf 82' lang='grc' dir='ltr'>κεν</span> <span class='ocrx_word' id='word_1_667' title='bbox 337 4497 422 4539; x_wconf 75' lang='lat' dir='ltr'>tuetur</span> <span class='ocrx_word' id='word_1_668' title='bbox 438 4489 511 4538; x_wconf 78' lang='lat' dir='ltr'>etiam</span> <span class='ocrx_word' id='word_1_669' title='bbox 532 4491 593 4538; x_wconf 83' lang='lat' dir='ltr'>Ven.</span> <span class='ocrx_word' id='word_1_670' title='bbox 610 4506 665 4540; x_wconf 88' lang='lat' dir='ltr'>cum</span> <span class='ocrx_word' id='word_1_671' title='bbox 681 4487 770 4538; x_wconf 73' lang='lat' dir='ltr'>ceteris</span> <span class='ocrx_word' id='word_1_672' title='bbox 786 4486 863 4537; x_wconf 73' lang='lat' dir='ltr'>libris.</span> <span class='ocrx_word' id='word_1_673' title='bbox 890 4487 956 4535; x_wconf 84' lang='lat' dir='ltr'>Item</span> <span class='ocrx_word' id='word_1_674' title='bbox 970 4486 986 4535; x_wconf 95' lang='lat' dir='ltr'>l.</span> <span class='ocrx_word' id='word_1_675' title='bbox 1003 4503 1071 4553; x_wconf 78' lang='lat' dir='ltr'>sequ.</span> <span class='ocrx_word' id='word_1_676' title='bbox 1090 4484 1115 4534; x_wconf 88' lang='lat' dir='ltr'>in</span> <span class='ocrx_word' id='word_1_677' title='bbox 1133 4485 1209 4535; x_wconf 84' lang='lat' dir='ltr'>verbo</span> <span class='ocrx_word' id='word_1_678' title='bbox 1225 4482 1392 4549; x_wconf 59' lang='grc' dir='ltr'>συναφδέντα.</span> <span class='ocrx_word' id='word_1_679' title='bbox 1411 4515 1444 4524; x_wconf 91' lang='lat'><em>-</em></span> 
     </span>
     <span class='ocr_line' id='line_1_52' title="bbox 277 4561 1444 4644; baseline -0.003 -21"><span class='ocrx_word' id='word_1_680' title='bbox 277 4571 296 4624; x_wconf 92' lang='lat'>1.</span> <span class='ocrx_word' id='word_1_681' title='bbox 308 4573 346 4626; x_wconf 85' lang='grc' dir='ltr'>ΙΙ.</span> <span class='ocrx_word' id='word_1_682' title='bbox 365 4573 425 4639; x_wconf 84' lang='grc' dir='ltr'>μιᾶς</span> <span class='ocrx_word' id='word_1_683' title='bbox 439 4569 587 4644; x_wconf 67' lang='grc' dir='ltr'>άπσσχιΞεΙς</span> <span class='ocrx_word' id='word_1_684' title='bbox 604 4561 701 4641; x_wconf 71' lang='lat' dir='ltr'>Icordg.</span> <span class='ocrx_word' id='word_1_685' title='bbox 719 4565 895 4641; x_wconf 66' lang='grc' dir='ltr'>άποσχισθιλς)</span> <span class='ocrx_word' id='word_1_686' title='bbox 911 4570 1018 4640; x_wconf 83' lang='grc' dir='ltr'>δευτέρᾳ</span> <span class='ocrx_word' id='word_1_687' title='bbox 1034 4567 1152 4637; x_wconf 87' lang='grc' dir='ltr'>ἐννόμως,</span> <span class='ocrx_word' id='word_1_688' title='bbox 1171 4569 1193 4622; x_wconf 79' lang='grc' dir='ltr'>εἰ</span> <span class='ocrx_word' id='word_1_689' title='bbox 1207 4566 1287 4638; x_wconf 86' lang='grc' dir='ltr'>τῦχοι,</span> <span class='ocrx_word' id='word_1_690' title='bbox 1306 4570 1444 4637; x_wconf 56' lang='grc' dir='ltr'>συνοφθῆ-</span> 
     </span>
    </p>
   </div>
   <div class='ocr_carea' id='block_1_5' title="bbox 0 0 1567 5070">
    <p class='ocr_par' dir='ltr' id='par_1_10' title="bbox 0 0 1567 5070">
     <span class='ocr_line' id='line_1_53' title="bbox 0 0 1567 5070; baseline 0 0"><span class='ocrx_word' id='word_1_691' title='bbox 0 0 1567 5070; x_wconf 95' lang='lat' dir='ltr'> </span> 
     </span>
    </p>
   </div>
  </div>
 </body>
</html>
