3096 5070
444 282 580 335 rinnau
597 280 660 332 nro.
671 281 715 332 nr.
733 281 814 334 ron.
824 284 843 334 1.
861 280 1080 333 nnnnmxxn.
1302 269 1344 332 49

189 404 252 470 sive
269 402 402 468 lumbrici
417 402 527 482 instar,
553 413 602 466 aut
619 412 716 465 terrae
733 401 898 480 interanei,
923 400 1042 464 missum
1061 410 1208 484 postremo
1227 400 1342 463 luciam.

189 504 249 571 lam
268 508 344 571 enirn
362 505 445 571 brevi
461 506 613 569 admodum
633 514 761 589 tempore
779 506 857 568 illius
873 514 918 568 est
934 501 1068 567 haeresis
1082 501 1231 587 dissipata.
1255 501 1344 565 Nunc

188 609 356 695 implorata,
380 620 413 673 ut
432 609 578 687 solemus,
603 627 658 691 ope
673 607 719 670 dei
741 607 777 670 ad
797 606 925 691 reliquas
948 605 1088 669 haereses
1110 604 1341 690 progrediemur.

408 879 632 957 CONTRA
666 877 1130 971 mahumetanos

383 1024 465 1098 quaa
499 1006 549 1074 est
583 1000 733 1076 haeresis
765 999 865 1094 L11.,
901 1001 972 1076 sive
1007 997 1155 1075 Lxxtt.

276 1152 337 1218 Per
353 1153 428 1216 idem
445 1163 555 1238 tempos
572 1155 654 1230 (aram
674 1152 703 1215 iu
720 1153 842 1215 eandem
864 1163 991 1216 aetatem
1013 1151 1054 1216 illi
1072 1170 1176 1214 omnes
1198 1150 1344 1228 incidunt)
1366 1165 1428 1234 esp.
1443 1169 1461 1218 t.

194 1259 334 1342 Ancyrae
356 1253 515 1319 Marcellus
538 1254 651 1331 extitit,
677 1255 724 1338 qui
747 1255 783 1318 ad
804 1265 905 1318 nostra
931 1275 1023 1340 usque
1047 1267 1177 1341 tempora
1200 1253 1346 1339 pervenit,

194 1372 224 1426 et
246 1359 357 1424 duobus
374 1358 477 1421 abhinc
500 1357 563 1442 plus
586 1357 682 1420 minus
700 1357 785 1420 antiis
808 1358 891 1421 obiit.
938 1356 995 1421 llic
1018 1357 1148 1421 nonnihil
1172 1358 1201 1421 in
1220 1355 1348 1420 ecclesia

195 1462 311 1526 divortii
334 1461 487 1538 enullavit,
519 1460 622 1523 eodem
640 1460 703 1522 lere
726 1469 757 1521 ut
778 1461 840 1523 dixi
865 1470 1008 1544 tempore.
1055 1459 1167 1524 Verum
1192 1460 1347 1523 obscuram

195 1564 344 1629 admodum
372 1561 517 1648 dogmatis
545 1562 590 1626 sui
613 1561 858 1643 significationem
885 1563 987 1642 dedit,
1019 1585 1084 1627 cum
1111 1563 1148 1626 ad
1172 1559 1293 1628 Sabellii
1321 1573 1352 1625 et

192 1664 303 1730 Novati
327 1665 485 1729 factionem
506 1665 732 1749 adiungeretur,
765 1662 887 1727 Arianis
911 1665 1092 1749 potissimum
1115 1688 1167 1750 pro
1191 1687 1245 1729 suo
1268 1665 1298 1728 in
1316 1665 1351 1729 il-

192 1769 251 1834 lum
270 1770 338 1832 odio
354 1768 408 1830 hoe
425 1767 519 1852 ipsum
542 1765 822 1852 exprobrantibus,
842 1766 917 1849 quod
942 1767 1076 1831 nimirum
1100 1770 1243 1831 adversus
1261 1765 1351 1830 Aria-

192 1892 248 1935 nos
265 1871 469 1933 contenderet.
515 1866 593 1932 llinc
616 1879 662 1932 est
686 1869 761 1952 quod
785 1868 967 1931 anonnullis
989 1891 1025 1932 eo
1045 1870 1162 1932 nomine
1180 1868 1349 1947 incessitur,

194 1973 278 2057 quasi
294 1972 329 2034 ad
346 1967 581 2035 sabellianorum
605 1970 807 2035 cavillationes
823 1970 927 2055 partim
948 1970 1127 2035 adhaeserit.
1173 1969 1285 2036 Verum
1302 1971 1352 2033 alii

196 2075 291 2148 eidem
311 2072 528 2156 patrocinantes
552 2093 653 2137 uerum
676 2073 703 2136 id
721 2094 788 2137 esse
809 2065 936 2156 negant,
969 2073 1154 2138 econtrario
1176 2095 1249 2159 yero
1268 2095 1351 2158 prae·

196 2175 276 2240 clare
291 2174 371 2238 illum
389 2173 503 2237 vixisse
521 2195 555 2237 ac
572 2186 652 2238 recte
671 2176 801 2238 sensisse
817 2176 1000 2238 confirmant.
1047 2173 1129 2240 Unde
1148 2197 1252 2260 magna
1264 2178 1299 2238 de
1316 2196 1352 2239 eo

197 2277 400 2342 controversia
425 2276 549 2340 eonllata
576 2288 633 2340 est.
678 2275 840 2342 Enimvero
865 2299 940 2362 quae
966 2277 995 2340 in
1019 2277 1097 2341 illius
1118 2277 1215 2341 animo
1239 2278 1353 2342 occulta

197 2381 316 2444 luerunt
337 2379 385 2442 uni
402 2380 457 2443 deo
477 2379 595 2463 cognita
618 2390 697 2443 suut.
744 2375 884 2444 Ceterum
907 2380 985 2444 illius
1007 2390 1187 2457 sectatores,
1218 2392 1247 2444 et
1262 2380 1297 2442 ah
1316 2401 1352 2443 eo

197 2482 340 2560 instituti,
365 2504 429 2546 eum
450 2482 513 2545 eius
531 2492 657 2545 mentem
673 2481 861 2565 ignorarent,
885 2503 939 2546 nec
956 2501 1031 2567 quae
1048 2500 1120 2544 vere
1141 2480 1189 2544 ille
1208 2483 1354 2545 sensisset

199 2584 417 2669 exprimerent,
443 2595 503 2648 tres
521 2584 694 2670 hypostases
711 2584 844 2648 confiteri
863 2585 1037 2662 noluerunt,
1068 2582 1110 2647 uti
1128 2582 1239 2646 veritas
1256 2584 1353 2661 docet,

199 2707 273 2770 quae
289 2707 375 2751 uuam
392 2698 494 2751 censet
512 2707 580 2750 esse
601 2687 783 2751 divinitatem
801 2708 946 2771 unamque
969 2685 1094 2769 gloriam
1114 2696 1144 2749 et
1162 2684 1354 2750 consubstan-

200 2788 296 2851 tialem
314 2788 491 2868 trinitatem,
523 2809 597 2873 quae
619 2789 691 2857 nihil
705 2788 736 2851 in
751 2788 845 2873 gloria
862 2810 916 2853 sua
931 2789 1079 2852 diversum
1096 2787 1218 2867 haheat,
1252 2797 1353 2872 utpote

200 2892 330 2975 perlecta
344 2892 476 2971 trinitas,
501 2903 531 2958 et
547 2912 605 2955 una
621 2891 777 2971 divinitas,
801 2912 859 2955 uua
875 2891 987 2968 virtus,
1013 2911 1069 2954 una
1089 2891 1235 2970 essentia,
1260 2912 1355 2975 neque

201 2991 231 3056 in
247 3014 333 3056 ursum
352 3004 504 3058 contracta
521 3006 572 3058 aut
587 2995 727 3073 confusa,
751 3015 807 3057 nec
824 2993 880 3058 ulla
896 2992 941 3056 sui
960 3003 1041 3078 parte
1057 2992 1198 3071 inferior,
1222 3004 1272 3057 aut
1287 2995 1357 3057 sub-

201 3093 289 3158 iecta.
334 3091 494 3160 Marcellus
512 3106 608 3160 autem
632 3097 836 3162 nonuullorum
854 3094 1001 3159 sententia
1023 3116 1087 3158 cunr
1111 3095 1218 3179 aliquid
1235 3097 1357 3182 amplius

201 3197 245 3261 his
261 3207 396 3261 astruere
411 3199 517 3276 vellet,
541 3199 570 3262 in
589 3195 712 3263 Sabellii
728 3219 859 3263 errorem
875 3197 1013 3261 incidisse
1029 3195 1111 3260 visus
1130 3209 1187 3262 est.
1232 3195 1282 3261 Ex
1300 3220 1357 3282 quo

202 3300 307 3364 lactum
330 3310 377 3364 est
395 3310 426 3363 ut
442 3299 521 3364 inter
542 3301 682 3365 haereses
709 3303 765 3366 ista
789 3321 904 3385 quoque
925 3299 1106 3363 recensenda
1129 3322 1163 3364 ac
1182 3302 1360 3365 contutanda

203 3403 330 3467 veniret.
375 3400 465 3466 Libet
480 3414 577 3467 autem
597 3414 627 3467 et
645 3404 721 3467 illius
740 3404 904 3468 orationem
923 3402 1086 3480 subiicere,
1110 3423 1195 3486 quam
1216 3402 1357 3486 purgandi

205 3503 249 3562 sui
267 3504 361 3586 gratia
384 3505 419 3568 ad
437 3505 541 3570 heatae
564 3506 723 3570 memoriae
748 3505 852 3569 lulium
869 3503 1070 3568 Rornanorum
1095 3507 1263 3588 episcopum
1284 3502 1358 3566 scri·

206 3601 275 3686 psit.
320 3602 386 3686 Qua
403 3628 444 3670 ex
462 3609 634 3672 defensione
651 3621 679 3671 et
696 3608 794 3695 lihello
824 3607 961 3671 uonttulla
986 3618 1089 3670 contra
1110 3606 1256 3669 sinceram
1275 3603 1359 3667 tidem

206 3701 353 3786 opinatum
372 3727 438 3770 esse
455 3711 612 3773 constabit.
656 3709 775 3773 Etenim
792 3709 817 3773 si
837 3711 908 3773 nihil
927 3710 963 3773 ah
981 3709 1029 3772 illa
1048 3709 1196 3771 diversum
1216 3705 1360 3770 serisisset

207 3819 352 3890 unquam,
376 3809 525 3872 cuiusnam
543 3812 585 3874 rei
604 3811 697 3893 gratia
714 3812 787 3873 haue
805 3812 882 3874 illam
897 3812 941 3875 sui
959 3812 1160 3896 purgationem
1179 3808 1358 3888 institueret,

206 3906 264 3973 uisi
284 3909 425 3991 quaedam
442 3909 477 3971 ab
495 3910 544 3972 illo
562 3932 662 3994 parum
679 3922 759 3974 recte
776 3913 868 3996 posita
884 3934 918 3975 ae
937 3911 1123 3997 pronuntiata
1141 3912 1255 3989 lorent,
1286 3931 1372 3995 quiae-

207 4031 272 4075 cum
292 4011 404 4095 aliquos
425 4011 662 4094 perturbassent,
686 4013 859 4075 defendendi
880 4017 1030 4096 sciatque
1054 4013 1214 4076 excusandi
1231 4014 1361 4080 uecessi-
1453 4037 1455 4041 ·

208 4123 296 4176 tatem
320 4113 490 4178 attulerint?
533 4110 708 4198 Exemplum
732 4113 821 4198 igitur
842 4115 984 4199 epistolae
1006 4114 1050 4177 sic
1072 4135 1106 4178 se
1129 4112 1225 4180 hahet.

261 4503 351 4564 corpu·
360 4504 496 4552 &arnmot
515 4504 543 4548 u.
556 4505 575 4548 t.
