<?xml version="1.0" encoding="UTF-8"?>
<!DOCTYPE html PUBLIC "-//W3C//DTD XHTML 1.0 Transitional//EN"
    "http://www.w3.org/TR/xhtml1/DTD/xhtml1-transitional.dtd">
<html xmlns="http://www.w3.org/1999/xhtml" xml:lang="en" lang="en">
 <head>
  <title>
</title>
<meta http-equiv="Content-Type" content="text/html;charset=utf-8" />
  <meta name='ocr-system' content='tesseract 3.04.00' />
  <meta name='ocr-capabilities' content='ocr_page ocr_carea ocr_par ocr_line ocrx_word'/>
</head>
<body>
  <div class='ocr_page' id='page_1' title='image "./corporishaerese00unkngoog/corporishaerese00unkngoog_0468.png"; bbox 0 0 3096 5070; ppageno 0'>
   <div class='ocr_carea' id='block_1_1' title="bbox 301 321 1343 468">
    <p class='ocr_par' dir='ltr' id='par_1_1' title="bbox 301 321 1343 468">
     <span class='ocr_line' id='line_1_1' title="bbox 301 321 1343 468; baseline -0.002 -83.977"><span class='ocrx_word' id='word_1_1' title='bbox 301 328 400 468; x_wconf 38' lang='grc' dir='ltr'>Ψ</span> <span class='ocrx_word' id='word_1_2' title='bbox 428 331 647 385; x_wconf 75' lang='grc' dir='ltr'><strong>ιιιιιιιιιιιι.</strong></span> <span class='ocrx_word' id='word_1_3' title='bbox 656 333 701 383; x_wconf 89' lang='grc' dir='ltr'><strong>ιιι.</strong></span> <span class='ocrx_word' id='word_1_4' title='bbox 718 333 801 384; x_wconf 78' lang='lat' dir='ltr'><strong>rom.</strong></span> <span class='ocrx_word' id='word_1_5' title='bbox 820 333 851 382; x_wconf 89' lang='lat' dir='ltr'><strong>n.</strong></span> <span class='ocrx_word' id='word_1_6' title='bbox 869 331 969 382; x_wconf 79' lang='lat' dir='ltr'><strong>usas.</strong></span> <span class='ocrx_word' id='word_1_7' title='bbox 981 330 1105 382; x_wconf 74' lang='lat' dir='ltr'><strong>cxxix.</strong></span> <span class='ocrx_word' id='word_1_8' title='bbox 1283 321 1343 384; x_wconf 84' lang='grc'><strong>461</strong></span> 
     </span>
    </p>
   </div>
   <div class='ocr_carea' id='block_1_2' title="bbox 189 451 1500 4432">
    <p class='ocr_par' dir='ltr' id='par_1_2' title="bbox 189 451 1499 740">
     <span class='ocr_line' id='line_1_2' title="bbox 189 451 1347 538; baseline 0 -21"><span class='ocrx_word' id='word_1_9' title='bbox 189 452 231 519; x_wconf 83' lang='lat' dir='ltr'><strong>ati</strong></span> <span class='ocrx_word' id='word_1_10' title='bbox 250 453 470 538; x_wconf 77' lang='lat' dir='ltr'><strong>scriptumest,</strong></span> <span class='ocrx_word' id='word_1_11' title='bbox 501 474 537 516; x_wconf 89' lang='lat' dir='ltr'><strong>ac</strong></span> <span class='ocrx_word' id='word_1_12' title='bbox 553 452 660 516; x_wconf 80' lang='lat' dir='ltr'><strong>cibis</strong></span> <span class='ocrx_word' id='word_1_13' title='bbox 651 453 748 538; x_wconf 77' lang='lat' dir='ltr'><strong>impiis</strong></span> <span class='ocrx_word' id='word_1_14' title='bbox 771 462 978 530; x_wconf 79' lang='lat' dir='ltr'><strong>vescuntur3</strong></span> <span class='ocrx_word' id='word_1_15' title='bbox 981 451 1010 512; x_wconf 94' lang='lat' dir='ltr'><strong>id</strong></span> <span class='ocrx_word' id='word_1_16' title='bbox 1029 451 1103 534; x_wconf 88' lang='lat' dir='ltr'><strong>quod</strong></span> <span class='ocrx_word' id='word_1_17' title='bbox 1123 471 1226 515; x_wconf 88' lang='lat' dir='ltr'><strong>sacrae</strong></span> <span class='ocrx_word' id='word_1_18' title='bbox 1244 452 1347 520; x_wconf 83' lang='lat' dir='ltr'><strong>literae</strong></span> 
     </span>
     <span class='ocr_line' id='line_1_3' title="bbox 191 544 1499 637; baseline -0.011 -17"><span class='ocrx_word' id='word_1_19' title='bbox 191 565 352 635; x_wconf 75' lang='lat' dir='ltr'><strong>testamur,</strong></span> <span class='ocrx_word' id='word_1_20' title='bbox 383 559 521 618; x_wconf 72' lang='lat' dir='ltr'><strong>Mulieres</strong></span> <span class='ocrx_word' id='word_1_21' title='bbox 537 544 676 636; x_wconf 44' lang='lat' dir='ltr'><strong>substant</strong></span> <span class='ocrx_word' id='word_1_22' title='bbox 685 557 828 636; x_wconf 67' lang='lat' dir='ltr'><strong>lammam,</strong></span> <span class='ocrx_word' id='word_1_23' title='bbox 861 556 1112 633; x_wconf 76' lang='lat' dir='ltr'><strong>etfilt&#39;a&#39;colla‘gunt</strong></span> <span class='ocrx_word' id='word_1_24' title='bbox 1128 557 1229 637; x_wconf 64' lang='lat' dir='ltr'><strong>lr&#39;praa,</strong></span> <span class='ocrx_word' id='word_1_25' title='bbox 1257 557 1345 637; x_wconf 74' lang='lat' dir='ltr'><strong>utfa-</strong></span> <span class='ocrx_word' id='word_1_26' title='bbox 1359 560 1423 608; x_wconf 79' lang='lat' dir='ltr'><strong>tttm</strong></span> <span class='ocrx_word' id='word_1_27' title='bbox 1435 563 1457 617; x_wconf 82' lang='lat' dir='ltr'><strong>t,</strong></span> <span class='ocrx_word' id='word_1_28' title='bbox 1466 563 1499 606; x_wconf 83' lang='lat' dir='ltr'><strong>te.</strong></span> 
     </span>
     <span class='ocr_line' id='line_1_4' title="bbox 189 653 1347 740; baseline -0.001 -19"><span class='ocrx_word' id='word_1_29' title='bbox 189 663 270 722; x_wconf 71' lang='lat' dir='ltr'><strong>erunt</strong></span> <span class='ocrx_word' id='word_1_30' title='bbox 279 661 428 740; x_wconf 81' lang='lat' dir='ltr'><strong>placentas</strong></span> <span class='ocrx_word' id='word_1_31' title='bbox 443 661 656 719; x_wconf 79' lang='lat' dir='ltr'><strong>ma&#39;lr’taiaecoela‘.</strong></span> <span class='ocrx_word' id='word_1_32' title='bbox 691 655 845 720; x_wconf 81' lang='lat' dir='ltr'><strong>Eiusmodi</strong></span> <span class='ocrx_word' id='word_1_33' title='bbox 864 654 1042 718; x_wconf 77' lang='lat' dir='ltr'><strong>mulierculis</strong></span> <span class='ocrx_word' id='word_1_34' title='bbox 1060 653 1226 718; x_wconf 79' lang='lat' dir='ltr'><strong>Hieremias</strong></span> <span class='ocrx_word' id='word_1_35' title='bbox 1240 677 1274 719; x_wconf 92' lang='lat' dir='ltr'><strong>os</strong></span> <span class='ocrx_word' id='word_1_36' title='bbox 1294 656 1347 720; x_wconf 88' lang='lat' dir='ltr'><strong>ob-</strong></span> 
     </span>
    </p>

    <p class='ocr_par' dir='ltr' id='par_1_3' title="bbox 189 757 1500 1048">
     <span class='ocr_line' id='line_1_5' title="bbox 189 757 1347 843; baseline -0.003 -17"><span class='ocrx_word' id='word_1_37' title='bbox 189 771 303 842; x_wconf 84' lang='lat' dir='ltr'><strong>struat3</strong></span> <span class='ocrx_word' id='word_1_38' title='bbox 338 781 393 825; x_wconf 91' lang='lat' dir='ltr'><strong>nec</strong></span> <span class='ocrx_word' id='word_1_39' title='bbox 421 760 544 843; x_wconf 88' lang='lat' dir='ltr'><strong>amplius</strong></span> <span class='ocrx_word' id='word_1_40' title='bbox 570 771 714 823; x_wconf 86' lang='lat' dir='ltr'><strong>terrarum</strong></span> <span class='ocrx_word' id='word_1_41' title='bbox 740 758 841 822; x_wconf 86' lang='lat' dir='ltr'><strong>orbem</strong></span> <span class='ocrx_word' id='word_1_42' title='bbox 868 757 1059 836; x_wconf 73' lang='lat' dir='ltr'>conturbent,</span> <span class='ocrx_word' id='word_1_43' title='bbox 1095 777 1171 821; x_wconf 90' lang='lat' dir='ltr'><strong>neve</strong></span> <span class='ocrx_word' id='word_1_44' title='bbox 1201 757 1277 841; x_wconf 65' lang='lat' dir='ltr'><strong>imm</strong></span> <span class='ocrx_word' id='word_1_45' title='bbox 1304 760 1347 822; x_wconf 86' lang='lat' dir='ltr'><strong>la·</strong></span> 
     </span>
     <span class='ocr_line' id='line_1_6' title="bbox 191 858 1500 945; baseline -0.004 -17"><span class='ocrx_word' id='word_1_46' title='bbox 191 863 315 942; x_wconf 85' lang='lat' dir='ltr'><strong>etitent,</strong></span> <span class='ocrx_word' id='word_1_47' title='bbox 349 866 430 925; x_wconf 78' lang='lat' dir='ltr'><strong>Cocli</strong></span> <span class='ocrx_word' id='word_1_48' title='bbox 452 868 579 943; x_wconf 72' lang='lat' dir='ltr'><strong>reginam</strong></span> <span class='ocrx_word' id='word_1_49' title='bbox 600 866 781 925; x_wconf 75' lang='lat' dir='ltr'><em>honoramus.</em></span> <span class='ocrx_word' id='word_1_50' title='bbox 828 859 922 924; x_wconf 91' lang='lat' dir='ltr'><strong>Novit</strong></span> <span class='ocrx_word' id='word_1_51' title='bbox 938 858 1079 945; x_wconf 83' lang='lat' dir='ltr'><strong>Taphnes</strong></span> <span class='ocrx_word' id='word_1_52' title='bbox 1102 861 1343 944; x_wconf 80' lang='lat' dir='ltr'><strong>quemadmodum</strong></span> <span class='ocrx_word' id='word_1_53' title='bbox 1352 878 1500 934; x_wconf 63' lang='lat' dir='ltr'><strong>utacum.</strong></span> 
     </span>
     <span class='ocr_line' id='line_1_7' title="bbox 190 962 1348 1048; baseline -0.003 -18"><span class='ocrx_word' id='word_1_54' title='bbox 190 966 378 1030; x_wconf 75' lang='lat' dir='ltr'><strong>ulciscendae</strong></span> <span class='ocrx_word' id='word_1_55' title='bbox 397 965 464 1029; x_wconf 87' lang='lat' dir='ltr'><strong>illae</strong></span> <span class='ocrx_word' id='word_1_56' title='bbox 481 965 552 1028; x_wconf 86' lang='lat' dir='ltr'><strong>sint.</strong></span> <span class='ocrx_word' id='word_1_57' title='bbox 595 963 691 1028; x_wconf 81' lang='lat' dir='ltr'><strong>Novit</strong></span> <span class='ocrx_word' id='word_1_58' title='bbox 706 962 912 1048; x_wconf 82' lang='lat' dir='ltr'><strong>Magdolorum</strong></span> <span class='ocrx_word' id='word_1_59' title='bbox 936 963 1017 1046; x_wconf 83' lang='lat' dir='ltr'><strong>regio</strong></span> <span class='ocrx_word' id='word_1_60' title='bbox 1037 962 1152 1026; x_wconf 85' lang='lat' dir='ltr'><strong>abiecta</strong></span> <span class='ocrx_word' id='word_1_61' title='bbox 1169 963 1282 1027; x_wconf 85' lang='lat' dir='ltr'><strong>illarum</strong></span> <span class='ocrx_word' id='word_1_62' title='bbox 1300 986 1348 1039; x_wconf 66' lang='lat' dir='ltr'><strong>oa·</strong></span> 
     </span>
    </p>

    <p class='ocr_par' dir='ltr' id='par_1_4' title="bbox 189 1062 1492 1353">
     <span class='ocr_line' id='line_1_8' title="bbox 191 1062 1346 1152; baseline 0.001 -22"><span class='ocrx_word' id='word_1_63' title='bbox 191 1069 302 1130; x_wconf 90' lang='lat' dir='ltr'><strong>davera</strong></span> <span class='ocrx_word' id='word_1_64' title='bbox 322 1070 357 1130; x_wconf 84' lang='lat' dir='ltr'><strong>ad</strong></span> <span class='ocrx_word' id='word_1_65' title='bbox 375 1067 625 1152; x_wconf 80' lang='lat' dir='ltr'><strong>pnrtrelaciendum</strong></span> <span class='ocrx_word' id='word_1_66' title='bbox 644 1067 796 1151; x_wconf 82' lang='lat' dir='ltr'><strong>excipere.</strong></span> <span class='ocrx_word' id='word_1_67' title='bbox 842 1063 931 1144; x_wconf 90' lang='lat' dir='ltr'><strong>Noli,</strong></span> <span class='ocrx_word' id='word_1_68' title='bbox 956 1087 974 1127; x_wconf 94' lang='lat' dir='ltr'><strong>o</strong></span> <span class='ocrx_word' id='word_1_69' title='bbox 992 1062 1099 1143; x_wconf 91' lang='lat' dir='ltr'><strong>lsrael,</strong></span> <span class='ocrx_word' id='word_1_70' title='bbox 1125 1065 1240 1129; x_wconf 90' lang='lat' dir='ltr'><strong>mulieri</strong></span> <span class='ocrx_word' id='word_1_71' title='bbox 1262 1069 1346 1131; x_wconf 83' lang='lat' dir='ltr'><strong>fidem</strong></span> 
     </span>
     <span class='ocr_line' id='line_1_9' title="bbox 192 1164 1492 1254; baseline 0 -23"><span class='ocrx_word' id='word_1_72' title='bbox 192 1168 347 1233; x_wconf 85' lang='lat' dir='ltr'><strong>adhiberet</strong></span> <span class='ocrx_word' id='word_1_73' title='bbox 395 1167 517 1233; x_wconf 80' lang='lat' dir='ltr'><strong>Revoca</strong></span> <span class='ocrx_word' id='word_1_74' title='bbox 535 1180 598 1233; x_wconf 89' lang='lat' dir='ltr'><strong>tea</strong></span> <span class='ocrx_word' id='word_1_75' title='bbox 618 1168 876 1254; x_wconf 87' lang='lat' dir='ltr'><strong>pravaemulieris</strong></span> <span class='ocrx_word' id='word_1_76' title='bbox 895 1167 1030 1230; x_wconf 89' lang='lat' dir='ltr'><strong>oonsilio.</strong></span> <span class='ocrx_word' id='word_1_77' title='bbox 1078 1164 1228 1252; x_wconf 82' lang='lat' dir='ltr'><strong>Siquidem</strong></span> <span class='ocrx_word' id='word_1_78' title='bbox 1245 1175 1346 1232; x_wconf 77' lang='lat' dir='ltr'><strong>mulier</strong></span> <span class='ocrx_word' id='word_1_79' title='bbox 1359 1185 1492 1242; x_wconf 62' lang='lat' dir='ltr'><strong>venena</strong></span> 
     </span>
     <span class='ocr_line' id='line_1_10' title="bbox 189 1273 1347 1353; baseline -0.002 -19"><span class='ocrx_word' id='word_1_80' title='bbox 189 1277 331 1353; x_wconf 67' lang='lat' dir='ltr'><strong>monam</strong></span> <span class='ocrx_word' id='word_1_81' title='bbox 347 1276 472 1334; x_wconf 72' lang='lat' dir='ltr'><strong>otiorum</strong></span> <span class='ocrx_word' id='word_1_82' title='bbox 486 1277 594 1335; x_wconf 77' lang='lat' dir='ltr'><strong>anemos</strong></span> <span class='ocrx_word' id='word_1_83' title='bbox 611 1280 725 1353; x_wconf 81' lang='lat' dir='ltr'><strong>reptet:</strong></span> <span class='ocrx_word' id='word_1_84' title='bbox 756 1274 840 1350; x_wconf 78' lang='lat' dir='ltr'><strong>durus</strong></span> <span class='ocrx_word' id='word_1_85' title='bbox 853 1275 940 1352; x_wconf 84' lang='lat' dir='ltr'><strong>pedes</strong></span> <span class='ocrx_word' id='word_1_86' title='bbox 954 1293 1018 1344; x_wconf 81' lang='lat' dir='ltr'><strong>eos,</strong></span> <span class='ocrx_word' id='word_1_87' title='bbox 1050 1273 1215 1352; x_wconf 78' lang='lat' dir='ltr'><strong>quibuscum</strong></span> <span class='ocrx_word' id='word_1_88' title='bbox 1231 1293 1347 1333; x_wconf 84' lang='lat' dir='ltr'><strong>eonsue-</strong></span> 
     </span>
    </p>

    <p class='ocr_par' dir='ltr' id='par_1_5' title="bbox 192 1364 1349 1666">
     <span class='ocr_line' id='line_1_11' title="bbox 192 1364 1347 1456; baseline 0.001 -20"><span class='ocrx_word' id='word_1_89' title='bbox 192 1378 263 1449; x_wconf 81' lang='lat' dir='ltr'><strong>acc&#39;t,</strong></span> <span class='ocrx_word' id='word_1_90' title='bbox 295 1396 357 1436; x_wconf 88' lang='lat' dir='ltr'><strong>cum</strong></span> <span class='ocrx_word' id='word_1_91' title='bbox 372 1380 512 1438; x_wconf 85' lang='lat' dir='ltr'><strong>morteud</strong></span> <span class='ocrx_word' id='word_1_92' title='bbox 524 1377 630 1456; x_wconf 79' lang='lat' dir='ltr'><strong>mseras</strong></span> <span class='ocrx_word' id='word_1_93' title='bbox 646 1379 797 1436; x_wconf 83' lang='lat' dir='ltr'><strong>deducunt.</strong></span> <span class='ocrx_word' id='word_1_94' title='bbox 843 1371 943 1437; x_wconf 88' lang='lat' dir='ltr'><strong>Malae</strong></span> <span class='ocrx_word' id='word_1_95' title='bbox 960 1364 1150 1437; x_wconf 81' lang='lat' dir='ltr'><strong>mulierculae</strong></span> <span class='ocrx_word' id='word_1_96' title='bbox 1166 1395 1267 1437; x_wconf 89' lang='lat' dir='ltr'><strong>aurem</strong></span> <span class='ocrx_word' id='word_1_97' title='bbox 1284 1375 1347 1437; x_wconf 94' lang='lat' dir='ltr'><strong>ani-</strong></span> 
     </span>
     <span class='ocr_line' id='line_1_12' title="bbox 193 1477 1346 1562; baseline 0 -22"><span class='ocrx_word' id='word_1_98' title='bbox 193 1498 328 1562; x_wconf 79' lang='lat' dir='ltr'><strong>mumque</strong></span> <span class='ocrx_word' id='word_1_99' title='bbox 353 1498 390 1541; x_wconf 88' lang='lat' dir='ltr'><strong>nc</strong></span> <span class='ocrx_word' id='word_1_100' title='bbox 406 1477 566 1562; x_wconf 68' lang='lat' dir='ltr'><strong>praebeas,</strong></span> <span class='ocrx_word' id='word_1_101' title='bbox 599 1481 663 1540; x_wconf 82' lang='lat' dir='ltr'><strong>Met</strong></span> <span class='ocrx_word' id='word_1_102' title='bbox 686 1477 764 1541; x_wconf 92' lang='lat' dir='ltr'><strong>enim</strong></span> <span class='ocrx_word' id='word_1_103' title='bbox 784 1500 801 1538; x_wconf 82' lang='lat' dir='ltr'><strong>c</strong></span> <span class='ocrx_word' id='word_1_104' title='bbox 818 1478 902 1538; x_wconf 63' lang='lat' dir='ltr'><strong>udaie</strong></span> <span class='ocrx_word' id='word_1_105' title='bbox 922 1481 1078 1537; x_wconf 79' lang='lat' dir='ltr'><strong>meretricia</strong></span> <span class='ocrx_word' id='word_1_106' title='bbox 1095 1481 1237 1552; x_wconf 79' lang='lat' dir='ltr'><strong>duellet,</strong></span> <span class='ocrx_word' id='word_1_107' title='bbox 1270 1480 1346 1561; x_wconf 91' lang='lat' dir='ltr'><strong>quod</strong></span> 
     </span>
     <span class='ocr_line' id='line_1_13' title="bbox 193 1568 1349 1666; baseline 0 -23"><span class='ocrx_word' id='word_1_108' title='bbox 193 1578 369 1644; x_wconf 85' lang='lat' dir='ltr'><strong>brevissimo</strong></span> <span class='ocrx_word' id='word_1_109' title='bbox 394 1591 523 1665; x_wconf 74' lang='lat' dir='ltr'><strong>tempore</strong></span> <span class='ocrx_word' id='word_1_110' title='bbox 546 1591 648 1666; x_wconf 83' lang='lat' dir='ltr'><strong>guttur</strong></span> <span class='ocrx_word' id='word_1_111' title='bbox 671 1591 751 1644; x_wconf 91' lang='lat' dir='ltr'><strong>tuum</strong></span> <span class='ocrx_word' id='word_1_112' title='bbox 770 1579 884 1642; x_wconf 91' lang='lat' dir='ltr'><strong>leniens</strong></span> <span class='ocrx_word' id='word_1_113' title='bbox 906 1590 1009 1663; x_wconf 88' lang='lat' dir='ltr'><strong>postea</strong></span> <span class='ocrx_word' id='word_1_114' title='bbox 1033 1579 1099 1642; x_wconf 83' lang='lat' dir='ltr'><strong>felle</strong></span> <span class='ocrx_word' id='word_1_115' title='bbox 1117 1580 1245 1643; x_wconf 89' lang='lat' dir='ltr'><strong>amarius</strong></span> <span class='ocrx_word' id='word_1_116' title='bbox 1266 1568 1349 1643; x_wconf 83' lang='lat' dir='ltr'><strong>inve·</strong></span> 
     </span>
    </p>

    <p class='ocr_par' dir='ltr' id='par_1_6' title="bbox 193 1677 1348 1864">
     <span class='ocr_line' id='line_1_14' title="bbox 194 1677 1348 1767; baseline -0.002 -21"><span class='ocrx_word' id='word_1_117' title='bbox 194 1682 277 1761; x_wconf 88' lang='lat' dir='ltr'><strong>nies,</strong></span> <span class='ocrx_word' id='word_1_118' title='bbox 308 1692 337 1746; x_wconf 92' lang='lat' dir='ltr'><strong>et</strong></span> <span class='ocrx_word' id='word_1_119' title='bbox 355 1683 472 1767; x_wconf 90' lang='lat' dir='ltr'><strong>ancipiti</strong></span> <span class='ocrx_word' id='word_1_120' title='bbox 493 1682 590 1767; x_wconf 80' lang='lat' dir='ltr'><strong>gladio</strong></span> <span class='ocrx_word' id='word_1_121' title='bbox 613 1682 708 1767; x_wconf 83' lang='lat' dir='ltr'><strong>magis</strong></span> <span class='ocrx_word' id='word_1_122' title='bbox 729 1691 900 1745; x_wconf 84' lang='lat' dir='ltr'><strong>exacutum.</strong></span> <span class='ocrx_word' id='word_1_123' title='bbox 946 1677 1030 1744; x_wconf 84' lang='lat' dir='ltr'><strong>Cave</strong></span> <span class='ocrx_word' id='word_1_124' title='bbox 1049 1683 1139 1766; x_wconf 81' lang='lat' dir='ltr'><strong>igitur</strong></span> <span class='ocrx_word' id='word_1_125' title='bbox 1167 1682 1259 1746; x_wconf 88' lang='lat' dir='ltr'><strong>malae</strong></span> <span class='ocrx_word' id='word_1_126' title='bbox 1282 1683 1348 1746; x_wconf 90' lang='lat' dir='ltr'><strong>huie</strong></span> 
     </span>
     <span class='ocr_line' id='line_1_15' title="bbox 193 1779 1346 1864; baseline -0.001 -15"><span class='ocrx_word' id='word_1_127' title='bbox 193 1784 381 1849; x_wconf 77' lang='lat' dir='ltr'><strong>mulierculae</strong></span> <span class='ocrx_word' id='word_1_128' title='bbox 398 1785 482 1848; x_wconf 84' lang='lat' dir='ltr'><strong>iidem</strong></span> <span class='ocrx_word' id='word_1_129' title='bbox 500 1783 650 1848; x_wconf 88' lang='lat' dir='ltr'><strong>adhibeas.</strong></span> <span class='ocrx_word' id='word_1_130' title='bbox 697 1779 803 1848; x_wconf 86' lang='lat' dir='ltr'><strong>Omnis</strong></span> <span class='ocrx_word' id='word_1_131' title='bbox 821 1783 898 1846; x_wconf 92' lang='lat' dir='ltr'><strong>enim</strong></span> <span class='ocrx_word' id='word_1_132' title='bbox 917 1783 1049 1847; x_wconf 82' lang='lat' dir='ltr'><strong>haeresis</strong></span> <span class='ocrx_word' id='word_1_133' title='bbox 1070 1785 1144 1847; x_wconf 86' lang='lat' dir='ltr'><strong>mala</strong></span> <span class='ocrx_word' id='word_1_134' title='bbox 1162 1785 1266 1848; x_wconf 89' lang='lat' dir='ltr'><strong>mulier</strong></span> <span class='ocrx_word' id='word_1_135' title='bbox 1283 1796 1346 1864; x_wconf 80' lang='lat' dir='ltr'><strong>est3</strong></span> 
     </span>
    </p>

    <p class='ocr_par' dir='ltr' id='par_1_7' title="bbox 193 1885 1485 2077">
     <span class='ocr_line' id='line_1_16' title="bbox 193 1885 1485 1972; baseline 0.001 -21"><span class='ocrx_word' id='word_1_136' title='bbox 193 1887 246 1951; x_wconf 90' lang='lat' dir='ltr'><strong>sed</strong></span> <span class='ocrx_word' id='word_1_137' title='bbox 266 1889 356 1951; x_wconf 91' lang='lat' dir='ltr'><strong>multo</strong></span> <span class='ocrx_word' id='word_1_138' title='bbox 377 1888 530 1951; x_wconf 91' lang='lat' dir='ltr'><strong>mulierum</strong></span> <span class='ocrx_word' id='word_1_139' title='bbox 549 1886 681 1950; x_wconf 85' lang='lat' dir='ltr'><strong>haeresis</strong></span> <span class='ocrx_word' id='word_1_140' title='bbox 698 1886 746 1950; x_wconf 90' lang='lat' dir='ltr'><strong>illa</strong></span> <span class='ocrx_word' id='word_1_141' title='bbox 768 1885 860 1968; x_wconf 84' lang='lat' dir='ltr'><strong>magis</strong></span> <span class='ocrx_word' id='word_1_142' title='bbox 877 1906 951 1969; x_wconf 87' lang='lat' dir='ltr'><strong>qnae</strong></span> <span class='ocrx_word' id='word_1_143' title='bbox 965 1886 1000 1948; x_wconf 89' lang='lat' dir='ltr'><strong>ab</strong></span> <span class='ocrx_word' id='word_1_144' title='bbox 1022 1907 1058 1949; x_wconf 91' lang='lat' dir='ltr'><strong>eo</strong></span> <span class='ocrx_word' id='word_1_145' title='bbox 1075 1907 1091 1948; x_wconf 85' lang='lat' dir='ltr'><strong>a</strong></span> <span class='ocrx_word' id='word_1_146' title='bbox 1110 1909 1168 1970; x_wconf 90' lang='lat' dir='ltr'><strong>quo</strong></span> <span class='ocrx_word' id='word_1_147' title='bbox 1188 1887 1279 1972; x_wconf 90' lang='lat' dir='ltr'><strong>prima</strong></span> <span class='ocrx_word' id='word_1_148' title='bbox 1298 1891 1347 1952; x_wconf 92' lang='lat' dir='ltr'><strong>de·</strong></span> <span class='ocrx_word' id='word_1_149' title='bbox 1469 1896 1485 1929; x_wconf 77' lang='lat'><strong>³·</strong></span> 
     </span>
     <span class='ocr_line' id='line_1_17' title="bbox 193 1986 1349 2077; baseline -0.002 -21"><span class='ocrx_word' id='word_1_150' title='bbox 193 2002 278 2077; x_wconf 87' lang='lat' dir='ltr'><strong>cepta</strong></span> <span class='ocrx_word' id='word_1_151' title='bbox 295 1989 400 2053; x_wconf 89' lang='lat' dir='ltr'><strong>mulier</strong></span> <span class='ocrx_word' id='word_1_152' title='bbox 415 1999 477 2068; x_wconf 88' lang='lat' dir='ltr'><strong>est,</strong></span> <span class='ocrx_word' id='word_1_153' title='bbox 499 1990 641 2053; x_wconf 86' lang='lat' dir='ltr'><strong>manavit.</strong></span> <span class='ocrx_word' id='word_1_154' title='bbox 687 1986 770 2052; x_wconf 83' lang='lat' dir='ltr'><strong>Evae</strong></span> <span class='ocrx_word' id='word_1_155' title='bbox 788 1987 879 2073; x_wconf 79' lang='lat' dir='ltr'><strong>igitur</strong></span> <span class='ocrx_word' id='word_1_156' title='bbox 895 1989 978 2050; x_wconf 90' lang='lat' dir='ltr'><strong>matri</strong></span> <span class='ocrx_word' id='word_1_157' title='bbox 996 1996 1114 2052; x_wconf 79' lang='lat' dir='ltr'><strong>nostrae</strong></span> <span class='ocrx_word' id='word_1_158' title='bbox 1132 1989 1225 2052; x_wconf 88' lang='lat' dir='ltr'><strong>bonor</strong></span> <span class='ocrx_word' id='word_1_159' title='bbox 1242 1990 1349 2054; x_wconf 81' lang='lat' dir='ltr'><strong>habea-</strong></span> 
     </span>
    </p>

    <p class='ocr_par' dir='ltr' id='par_1_8' title="bbox 194 2090 1349 2178">
     <span class='ocr_line' id='line_1_18' title="bbox 194 2090 1349 2178; baseline 0.001 -21"><span class='ocrx_word' id='word_1_160' title='bbox 194 2103 259 2172; x_wconf 90' lang='lat' dir='ltr'><strong>tur,</strong></span> <span class='ocrx_word' id='word_1_161' title='bbox 282 2102 383 2176; x_wconf 90' lang='lat' dir='ltr'><strong>utpote</strong></span> <span class='ocrx_word' id='word_1_162' title='bbox 402 2112 478 2176; x_wconf 88' lang='lat' dir='ltr'><strong>quae</strong></span> <span class='ocrx_word' id='word_1_163' title='bbox 496 2113 514 2155; x_wconf 87' lang='lat' dir='ltr'><strong>a</strong></span> <span class='ocrx_word' id='word_1_164' title='bbox 532 2092 587 2155; x_wconf 91' lang='lat' dir='ltr'><strong>deo</strong></span> <span class='ocrx_word' id='word_1_165' title='bbox 599 2091 743 2176; x_wconf 81' lang='lat' dir='ltr'><strong>producta</strong></span> <span class='ocrx_word' id='word_1_166' title='bbox 760 2090 815 2170; x_wconf 67' lang='lat' dir='ltr'><strong>sit,</strong></span> <span class='ocrx_word' id='word_1_167' title='bbox 848 2091 899 2153; x_wconf 91' lang='lat' dir='ltr'><strong>sed</strong></span> <span class='ocrx_word' id='word_1_168' title='bbox 919 2091 945 2153; x_wconf 94' lang='lat' dir='ltr'><strong>ei</strong></span> <span class='ocrx_word' id='word_1_169' title='bbox 965 2111 1145 2175; x_wconf 86' lang='lat' dir='ltr'><strong>nequaquam</strong></span> <span class='ocrx_word' id='word_1_170' title='bbox 1165 2092 1349 2178; x_wconf 71' lang='lat' dir='ltr'><strong>obtempere-</strong></span> 
     </span>
    </p>

    <p class='ocr_par' dir='ltr' id='par_1_9' title="bbox 194 2193 1349 2278">
     <span class='ocr_line' id='line_1_19' title="bbox 194 2193 1349 2278; baseline 0 -18"><span class='ocrx_word' id='word_1_171' title='bbox 194 2207 258 2274; x_wconf 90' lang='lat' dir='ltr'><strong>tur,</strong></span> <span class='ocrx_word' id='word_1_172' title='bbox 290 2215 326 2258; x_wconf 91' lang='lat' dir='ltr'><strong>ne</strong></span> <span class='ocrx_word' id='word_1_173' title='bbox 344 2195 444 2259; x_wconf 87' lang='lat' dir='ltr'><strong>liberis</strong></span> <span class='ocrx_word' id='word_1_174' title='bbox 467 2193 529 2258; x_wconf 86' lang='lat' dir='ltr'><strong>suis</strong></span> <span class='ocrx_word' id='word_1_175' title='bbox 551 2194 742 2278; x_wconf 88' lang='lat' dir='ltr'><strong>persuadeat,</strong></span> <span class='ocrx_word' id='word_1_176' title='bbox 775 2203 807 2257; x_wconf 92' lang='lat' dir='ltr'><strong>ut</strong></span> <span class='ocrx_word' id='word_1_177' title='bbox 824 2214 865 2256; x_wconf 83' lang='lat' dir='ltr'><strong>ex</strong></span> <span class='ocrx_word' id='word_1_178' title='bbox 880 2194 986 2256; x_wconf 91' lang='lat' dir='ltr'><strong>arbore</strong></span> <span class='ocrx_word' id='word_1_179' title='bbox 1003 2205 1162 2256; x_wconf 87' lang='lat' dir='ltr'><strong>vescantur</strong></span> <span class='ocrx_word' id='word_1_180' title='bbox 1177 2217 1212 2257; x_wconf 93' lang='lat' dir='ltr'><strong>ac</strong></span> <span class='ocrx_word' id='word_1_181' title='bbox 1231 2198 1349 2261; x_wconf 88' lang='lat' dir='ltr'><strong>manda·</strong></span> 
     </span>
    </p>

    <p class='ocr_par' dir='ltr' id='par_1_10' title="bbox 192 2295 1483 2485">
     <span class='ocr_line' id='line_1_20' title="bbox 192 2295 1483 2380; baseline 0 -18"><span class='ocrx_word' id='word_1_182' title='bbox 192 2307 255 2362; x_wconf 86' lang='lat' dir='ltr'><strong>tum</strong></span> <span class='ocrx_word' id='word_1_183' title='bbox 279 2295 402 2361; x_wconf 87' lang='lat' dir='ltr'><strong>violent.</strong></span> <span class='ocrx_word' id='word_1_184' title='bbox 457 2298 499 2360; x_wconf 88' lang='grc' dir='ltr'><strong>Αι</strong></span> <span class='ocrx_word' id='word_1_185' title='bbox 524 2295 602 2360; x_wconf 87' lang='lat' dir='ltr'><strong>illam</strong></span> <span class='ocrx_word' id='word_1_186' title='bbox 626 2316 741 2380; x_wconf 85' lang='lat' dir='ltr'><strong>quoque</strong></span> <span class='ocrx_word' id='word_1_187' title='bbox 768 2296 945 2360; x_wconf 81' lang='lat' dir='ltr'><strong>vanissimae</strong></span> <span class='ocrx_word' id='word_1_188' title='bbox 972 2296 1049 2359; x_wconf 90' lang='lat' dir='ltr'><strong>illius</strong></span> <span class='ocrx_word' id='word_1_189' title='bbox 1073 2296 1156 2359; x_wconf 89' lang='lat' dir='ltr'><strong>vocis</strong></span> <span class='ocrx_word' id='word_1_190' title='bbox 1182 2299 1340 2380; x_wconf 89' lang='lat' dir='ltr'><strong>poeniteat.</strong></span> <span class='ocrx_word' id='word_1_191' title='bbox 1357 2301 1448 2358; x_wconf 54' lang='grc' dir='ltr'><strong>ΜΗ.</strong></span> <span class='ocrx_word' id='word_1_192' title='bbox 1462 2303 1483 2346; x_wconf 77' lang='lat'><strong>²·</strong></span> 
     </span>
     <span class='ocr_line' id='line_1_21' title="bbox 195 2397 1347 2485; baseline 0.001 -21"><span class='ocrx_word' id='word_1_193' title='bbox 195 2398 312 2464; x_wconf 81' lang='lat' dir='ltr'><strong>Redeat</strong></span> <span class='ocrx_word' id='word_1_194' title='bbox 334 2400 370 2463; x_wconf 90' lang='lat' dir='ltr'><strong>ad</strong></span> <span class='ocrx_word' id='word_1_195' title='bbox 395 2410 521 2463; x_wconf 90' lang='lat' dir='ltr'><strong>mentem</strong></span> <span class='ocrx_word' id='word_1_196' title='bbox 551 2419 620 2485; x_wconf 93' lang='lat' dir='ltr'><strong>prae</strong></span> <span class='ocrx_word' id='word_1_197' title='bbox 650 2399 846 2477; x_wconf 88' lang='lat' dir='ltr'><strong>verecundia,</strong></span> <span class='ocrx_word' id='word_1_198' title='bbox 884 2408 914 2461; x_wconf 89' lang='lat' dir='ltr'><strong>et</strong></span> <span class='ocrx_word' id='word_1_199' title='bbox 941 2397 1073 2461; x_wconf 81' lang='lat' dir='ltr'><strong>ficulneis</strong></span> <span class='ocrx_word' id='word_1_200' title='bbox 1100 2397 1176 2461; x_wconf 87' lang='lat' dir='ltr'><strong>loliis</strong></span> <span class='ocrx_word' id='word_1_201' title='bbox 1200 2399 1347 2465; x_wconf 79' lang='lat' dir='ltr'><strong>induatur.</strong></span> 
     </span>
    </p>

    <p class='ocr_par' dir='ltr' id='par_1_11' title="bbox 195 2490 1351 2682">
     <span class='ocr_line' id='line_1_22' title="bbox 195 2490 1350 2589; baseline -0.001 -22"><span class='ocrx_word' id='word_1_202' title='bbox 195 2498 275 2586; x_wconf 79' lang='lat' dir='ltr'><strong>Quin</strong></span> <span class='ocrx_word' id='word_1_203' title='bbox 292 2514 323 2567; x_wconf 92' lang='lat' dir='ltr'><strong>et</strong></span> <span class='ocrx_word' id='word_1_204' title='bbox 338 2503 470 2565; x_wconf 84' lang='lat' dir='ltr'><strong>Adamus</strong></span> <span class='ocrx_word' id='word_1_205' title='bbox 484 2500 562 2565; x_wconf 90' lang='lat' dir='ltr'><strong>illam</strong></span> <span class='ocrx_word' id='word_1_206' title='bbox 576 2510 728 2587; x_wconf 80' lang='lat' dir='ltr'><strong>agnoscat,</strong></span> <span class='ocrx_word' id='word_1_207' title='bbox 752 2490 943 2586; x_wconf 54' lang='lat' dir='ltr'><strong>neofflmplins</strong></span> <span class='ocrx_word' id='word_1_208' title='bbox 960 2521 1071 2564; x_wconf 91' lang='lat' dir='ltr'><strong>morem</strong></span> <span class='ocrx_word' id='word_1_209' title='bbox 1093 2511 1188 2586; x_wconf 81' lang='lat' dir='ltr'><strong>gerat.</strong></span> <span class='ocrx_word' id='word_1_210' title='bbox 1235 2500 1350 2589; x_wconf 81' lang='lat' dir='ltr'><strong>Quippe</strong></span> 
     </span>
     <span class='ocr_line' id='line_1_23' title="bbox 195 2602 1351 2682; baseline 0.002 -15"><span class='ocrx_word' id='word_1_211' title='bbox 195 2605 333 2682; x_wconf 75' lang='lat' dir='ltr'><strong>fraudes,</strong></span> <span class='ocrx_word' id='word_1_212' title='bbox 365 2602 523 2668; x_wconf 89' lang='lat' dir='ltr'><strong>blanditiae</strong></span> <span class='ocrx_word' id='word_1_213' title='bbox 547 2616 576 2668; x_wconf 88' lang='lat' dir='ltr'><strong>ct</strong></span> <span class='ocrx_word' id='word_1_214' title='bbox 600 2604 779 2668; x_wconf 85' lang='lat' dir='ltr'><strong>eontrarium</strong></span> <span class='ocrx_word' id='word_1_215' title='bbox 805 2603 937 2667; x_wconf 86' lang='lat' dir='ltr'><strong>mulieris</strong></span> <span class='ocrx_word' id='word_1_216' title='bbox 958 2603 1111 2668; x_wconf 91' lang='lat' dir='ltr'><strong>consilium</strong></span> <span class='ocrx_word' id='word_1_217' title='bbox 1135 2615 1258 2668; x_wconf 90' lang='lat' dir='ltr'><strong>mortem</strong></span> <span class='ocrx_word' id='word_1_218' title='bbox 1280 2627 1351 2669; x_wconf 85' lang='lat' dir='ltr'><strong>con·</strong></span> 
     </span>
    </p>

    <p class='ocr_par' dir='ltr' id='par_1_12' title="bbox 195 2704 1350 2894">
     <span class='ocr_line' id='line_1_24' title="bbox 195 2704 1350 2792; baseline 0.004 -25"><span class='ocrx_word' id='word_1_219' title='bbox 195 2704 256 2790; x_wconf 79' lang='lat' dir='ltr'><strong>iugi</strong></span> <span class='ocrx_word' id='word_1_220' title='bbox 273 2706 383 2790; x_wconf 89' lang='lat' dir='ltr'><strong>pariter</strong></span> <span class='ocrx_word' id='word_1_221' title='bbox 395 2728 429 2771; x_wconf 89' lang='lat' dir='ltr'><strong>ac</strong></span> <span class='ocrx_word' id='word_1_222' title='bbox 445 2706 540 2770; x_wconf 86' lang='lat' dir='ltr'><strong>soboli</strong></span> <span class='ocrx_word' id='word_1_223' title='bbox 555 2707 753 2771; x_wconf 89' lang='lat' dir='ltr'><strong>consciscunt.</strong></span> <span class='ocrx_word' id='word_1_224' title='bbox 784 2704 877 2769; x_wconf 83' lang='lat' dir='ltr'><strong>Nam</strong></span> <span class='ocrx_word' id='word_1_225' title='bbox 894 2705 959 2770; x_wconf 86' lang='lat' dir='ltr'><strong>Eva</strong></span> <span class='ocrx_word' id='word_1_226' title='bbox 975 2728 1028 2792; x_wconf 96' lang='lat' dir='ltr'><strong>per</strong></span> <span class='ocrx_word' id='word_1_227' title='bbox 1042 2708 1253 2771; x_wconf 72' lang='lat' dir='ltr'><strong>contumaciam</strong></span> <span class='ocrx_word' id='word_1_228' title='bbox 1270 2731 1350 2772; x_wconf 90' lang='lat' dir='ltr'><strong>suam</strong></span> 
     </span>
     <span class='ocr_line' id='line_1_25' title="bbox 196 2808 1350 2894; baseline 0.003 -23"><span class='ocrx_word' id='word_1_229' title='bbox 196 2808 327 2871; x_wconf 88' lang='lat' dir='ltr'><strong>divinum</strong></span> <span class='ocrx_word' id='word_1_230' title='bbox 353 2808 497 2893; x_wconf 81' lang='lat' dir='ltr'><strong>opificium</strong></span> <span class='ocrx_word' id='word_1_231' title='bbox 521 2810 647 2889; x_wconf 86' lang='lat' dir='ltr'><strong>evertit,</strong></span> <span class='ocrx_word' id='word_1_232' title='bbox 678 2830 743 2872; x_wconf 91' lang='lat' dir='ltr'><strong>cum</strong></span> <span class='ocrx_word' id='word_1_233' title='bbox 768 2809 915 2894; x_wconf 90' lang='lat' dir='ltr'><strong>serpentis</strong></span> <span class='ocrx_word' id='word_1_234' title='bbox 935 2830 1008 2872; x_wconf 90' lang='lat' dir='ltr'><strong>voce</strong></span> <span class='ocrx_word' id='word_1_235' title='bbox 1028 2829 1063 2872; x_wconf 92' lang='lat' dir='ltr'><strong>ac</strong></span> <span class='ocrx_word' id='word_1_236' title='bbox 1081 2810 1233 2893; x_wconf 90' lang='lat' dir='ltr'><strong>promissis</strong></span> <span class='ocrx_word' id='word_1_237' title='bbox 1254 2811 1350 2875; x_wconf 89' lang='lat' dir='ltr'><strong>illecta</strong></span> 
     </span>
    </p>

    <p class='ocr_par' dir='ltr' id='par_1_13' title="bbox 198 2908 1263 2995">
     <span class='ocr_line' id='line_1_26' title="bbox 198 2908 1263 2995; baseline 0.005 -23"><span class='ocrx_word' id='word_1_238' title='bbox 198 2908 234 2990; x_wconf 85' lang='lat' dir='ltr'><strong>ab</strong></span> <span class='ocrx_word' id='word_1_239' title='bbox 256 2930 330 2973; x_wconf 87' lang='lat' dir='ltr'><strong>sano</strong></span> <span class='ocrx_word' id='word_1_240' title='bbox 353 2911 488 2995; x_wconf 80' lang='lat' dir='ltr'><strong>dogmate</strong></span> <span class='ocrx_word' id='word_1_241' title='bbox 511 2912 672 2975; x_wconf 84' lang='lat' dir='ltr'><strong>dedectens</strong></span> <span class='ocrx_word' id='word_1_242' title='bbox 694 2911 781 2974; x_wconf 88' lang='lat' dir='ltr'><strong>aliam</strong></span> <span class='ocrx_word' id='word_1_243' title='bbox 805 2913 839 2975; x_wconf 91' lang='lat' dir='ltr'><strong>ad</strong></span> <span class='ocrx_word' id='word_1_244' title='bbox 862 2922 990 2974; x_wconf 90' lang='lat' dir='ltr'><strong>mentem</strong></span> <span class='ocrx_word' id='word_1_245' title='bbox 1014 2932 1081 2975; x_wconf 90' lang='lat' dir='ltr'><strong>sese</strong></span> <span class='ocrx_word' id='word_1_246' title='bbox 1105 2913 1263 2977; x_wconf 85' lang='lat' dir='ltr'><strong>transtulit.</strong></span> 
     </span>
    </p>

    <p class='ocr_par' dir='ltr' id='par_1_14' title="bbox 197 3009 1486 4432">
     <span class='ocr_line' id='line_1_27' title="bbox 283 3009 1486 3103; baseline 0.009 -28"><span class='ocrx_word' id='word_1_247' title='bbox 283 3009 444 3097; x_wconf 72' lang='lat' dir='ltr'><strong>Propterea</strong></span> <span class='ocrx_word' id='word_1_248' title='bbox 471 3013 606 3078; x_wconf 75' lang='lat' dir='ltr'><strong>domitios</strong></span> <span class='ocrx_word' id='word_1_249' title='bbox 626 3013 754 3076; x_wconf 89' lang='lat' dir='ltr'><strong>omnium</strong></span> <span class='ocrx_word' id='word_1_250' title='bbox 777 3035 813 3076; x_wconf 93' lang='lat' dir='ltr'><strong>ac</strong></span> <span class='ocrx_word' id='word_1_251' title='bbox 830 3014 977 3091; x_wconf 88' lang='lat' dir='ltr'><strong>salvator,</strong></span> <span class='ocrx_word' id='word_1_252' title='bbox 1011 3025 1042 3076; x_wconf 90' lang='lat' dir='ltr'><strong>ut</strong></span> <span class='ocrx_word' id='word_1_253' title='bbox 1060 3014 1088 3077; x_wconf 91' lang='lat' dir='ltr'><strong>ci</strong></span> <span class='ocrx_word' id='word_1_254' title='bbox 1108 3014 1199 3079; x_wconf 91' lang='lat' dir='ltr'><strong>dolori</strong></span> <span class='ocrx_word' id='word_1_255' title='bbox 1217 3018 1423 3103; x_wconf 76' lang='lat' dir='ltr'><strong>medere-cap.</strong></span> <span class='ocrx_word' id='word_1_256' title='bbox 1441 3035 1486 3086; x_wconf 81' lang='lat' dir='ltr'><strong>tx.</strong></span> 
     </span>
     <span class='ocr_line' id='line_1_28' title="bbox 198 3115 1349 3200; baseline 0.005 -23"><span class='ocrx_word' id='word_1_257' title='bbox 198 3124 262 3193; x_wconf 91' lang='lat' dir='ltr'><strong>tur,</strong></span> <span class='ocrx_word' id='word_1_258' title='bbox 296 3126 326 3178; x_wconf 92' lang='lat' dir='ltr'><strong>et</strong></span> <span class='ocrx_word' id='word_1_259' title='bbox 344 3117 420 3199; x_wconf 88' lang='lat' dir='ltr'><strong>quod</strong></span> <span class='ocrx_word' id='word_1_260' title='bbox 437 3136 573 3182; x_wconf 87' lang='lat' dir='ltr'><strong>eversum</strong></span> <span class='ocrx_word' id='word_1_261' title='bbox 589 3127 654 3180; x_wconf 89' lang='lat' dir='ltr'><strong>erat</strong></span> <span class='ocrx_word' id='word_1_262' title='bbox 675 3115 874 3195; x_wconf 84' lang='lat' dir='ltr'><strong>instauraret,</strong></span> <span class='ocrx_word' id='word_1_263' title='bbox 906 3116 981 3200; x_wconf 91' lang='lat' dir='ltr'><strong>qood</strong></span> <span class='ocrx_word' id='word_1_264' title='bbox 998 3117 1148 3183; x_wconf 83' lang='lat' dir='ltr'><strong>deiecerat</strong></span> <span class='ocrx_word' id='word_1_265' title='bbox 1168 3120 1349 3199; x_wconf 89' lang='lat' dir='ltr'><strong>restitueret,</strong></span> 
     </span>
     <span class='ocr_line' id='line_1_29' title="bbox 198 3218 1351 3302; baseline 0.003 -21"><span class='ocrx_word' id='word_1_266' title='bbox 198 3218 428 3302; x_wconf 87' lang='lat' dir='ltr'><strong>quandoquidem</strong></span> <span class='ocrx_word' id='word_1_267' title='bbox 446 3241 525 3283; x_wconf 91' lang='lat' dir='ltr'><strong>mors</strong></span> <span class='ocrx_word' id='word_1_268' title='bbox 543 3218 573 3283; x_wconf 90' lang='lat' dir='ltr'><strong>in</strong></span> <span class='ocrx_word' id='word_1_269' title='bbox 593 3221 732 3283; x_wconf 88' lang='lat' dir='ltr'><strong>mnndum</strong></span> <span class='ocrx_word' id='word_1_270' title='bbox 749 3239 765 3280; x_wconf 91' lang='lat' dir='ltr'><strong>a</strong></span> <span class='ocrx_word' id='word_1_271' title='bbox 785 3218 906 3282; x_wconf 90' lang='lat' dir='ltr'><strong>muliere</strong></span> <span class='ocrx_word' id='word_1_272' title='bbox 923 3220 1055 3283; x_wconf 90' lang='lat' dir='ltr'><strong>derivata</strong></span> <span class='ocrx_word' id='word_1_273' title='bbox 1075 3223 1189 3301; x_wconf 88' lang='lat' dir='ltr'><strong>luerat,</strong></span> <span class='ocrx_word' id='word_1_274' title='bbox 1214 3243 1230 3285; x_wconf 91' lang='lat' dir='ltr'><strong>e</strong></span> <span class='ocrx_word' id='word_1_275' title='bbox 1250 3222 1351 3285; x_wconf 90' lang='lat' dir='ltr'><strong>mulie-</strong></span> 
     </span>
     <span class='ocr_line' id='line_1_30' title="bbox 197 3320 1352 3407; baseline 0.004 -24"><span class='ocrx_word' id='word_1_276' title='bbox 197 3340 231 3384; x_wconf 91' lang='lat' dir='ltr'><strong>re</strong></span> <span class='ocrx_word' id='word_1_277' title='bbox 247 3320 362 3404; x_wconf 82' lang='lat' dir='ltr'><strong>virginc</strong></span> <span class='ocrx_word' id='word_1_278' title='bbox 383 3332 468 3384; x_wconf 88' lang='lat' dir='ltr'><strong>natus</strong></span> <span class='ocrx_word' id='word_1_279' title='bbox 492 3332 554 3400; x_wconf 90' lang='lat' dir='ltr'><strong>est,</strong></span> <span class='ocrx_word' id='word_1_280' title='bbox 585 3343 642 3406; x_wconf 87' lang='lat' dir='ltr'><strong>quo</strong></span> <span class='ocrx_word' id='word_1_281' title='bbox 666 3333 696 3385; x_wconf 91' lang='lat' dir='ltr'><strong>ct</strong></span> <span class='ocrx_word' id='word_1_282' title='bbox 713 3333 835 3384; x_wconf 91' lang='lat' dir='ltr'><strong>mortem</strong></span> <span class='ocrx_word' id='word_1_283' title='bbox 854 3320 1044 3402; x_wconf 86' lang='lat' dir='ltr'><strong>excluderet,</strong></span> <span class='ocrx_word' id='word_1_284' title='bbox 1079 3334 1109 3386; x_wconf 88' lang='lat' dir='ltr'><strong>et</strong></span> <span class='ocrx_word' id='word_1_285' title='bbox 1125 3325 1199 3407; x_wconf 93' lang='lat' dir='ltr'><strong>quod</strong></span> <span class='ocrx_word' id='word_1_286' title='bbox 1217 3346 1352 3388; x_wconf 91' lang='lat' dir='ltr'><strong>mancum</strong></span> 
     </span>
     <span class='ocr_line' id='line_1_31' title="bbox 198 3423 1352 3508; baseline 0.003 -22"><span class='ocrx_word' id='word_1_287' title='bbox 198 3433 263 3486; x_wconf 81' lang='lat' dir='ltr'><strong>erat</strong></span> <span class='ocrx_word' id='word_1_288' title='bbox 281 3424 447 3507; x_wconf 86' lang='lat' dir='ltr'><strong>suppleret,</strong></span> <span class='ocrx_word' id='word_1_289' title='bbox 480 3424 600 3508; x_wconf 90' lang='lat' dir='ltr'><strong>etqucd</strong></span> <span class='ocrx_word' id='word_1_290' title='bbox 622 3424 822 3503; x_wconf 89' lang='lat' dir='ltr'><strong>imminutum,</strong></span> <span class='ocrx_word' id='word_1_291' title='bbox 855 3425 1020 3508; x_wconf 83' lang='lat' dir='ltr'><strong>perficeret.</strong></span> <span class='ocrx_word' id='word_1_292' title='bbox 1065 3423 1162 3490; x_wconf 88' lang='lat' dir='ltr'><strong>Porro</strong></span> <span class='ocrx_word' id='word_1_293' title='bbox 1180 3427 1280 3490; x_wconf 89' lang='lat' dir='ltr'><strong>eadem</strong></span> <span class='ocrx_word' id='word_1_294' title='bbox 1297 3427 1352 3490; x_wconf 89' lang='lat' dir='ltr'><strong>ite-</strong></span> 
     </span>
     <span class='ocr_line' id='line_1_32' title="bbox 197 3524 1350 3609; baseline 0.004 -21"><span class='ocrx_word' id='word_1_295' title='bbox 197 3545 262 3588; x_wconf 91' lang='lat' dir='ltr'><strong>rum</strong></span> <span class='ocrx_word' id='word_1_296' title='bbox 281 3524 409 3609; x_wconf 87' lang='lat' dir='ltr'><strong>nequitia</strong></span> <span class='ocrx_word' id='word_1_297' title='bbox 434 3526 612 3606; x_wconf 79' lang='lat' dir='ltr'><strong>revolvitur-3</strong></span> <span class='ocrx_word' id='word_1_298' title='bbox 645 3536 678 3590; x_wconf 90' lang='grc' dir='ltr'><strong>ιιι</strong></span> <span class='ocrx_word' id='word_1_299' title='bbox 694 3526 796 3588; x_wconf 90' lang='lat' dir='ltr'><strong>vitium</strong></span> <span class='ocrx_word' id='word_1_300' title='bbox 817 3547 852 3590; x_wconf 91' lang='lat' dir='ltr'><strong>ac</strong></span> <span class='ocrx_word' id='word_1_301' title='bbox 870 3527 1015 3590; x_wconf 84' lang='lat' dir='ltr'><strong>defectum</strong></span> <span class='ocrx_word' id='word_1_302' title='bbox 1034 3528 1063 3591; x_wconf 95' lang='lat' dir='ltr'><strong>in</strong></span> <span class='ocrx_word' id='word_1_303' title='bbox 1079 3529 1180 3592; x_wconf 87' lang='lat' dir='ltr'><strong>orbem</strong></span> <span class='ocrx_word' id='word_1_304' title='bbox 1208 3540 1350 3594; x_wconf 88' lang='lat' dir='ltr'><strong>terrarum</strong></span> 
     </span>
     <span class='ocr_line' id='line_1_33' title="bbox 197 3622 1349 3717; baseline 0.005 -27"><span class='ocrx_word' id='word_1_305' title='bbox 197 3625 328 3691; x_wconf 86' lang='lat' dir='ltr'><strong>invehat.</strong></span> <span class='ocrx_word' id='word_1_306' title='bbox 375 3622 435 3691; x_wconf 91' lang='lat' dir='ltr'><strong>Sed</strong></span> <span class='ocrx_word' id='word_1_307' title='bbox 460 3627 573 3690; x_wconf 89' lang='lat' dir='ltr'><strong>mulieri</strong></span> <span class='ocrx_word' id='word_1_308' title='bbox 598 3646 692 3710; x_wconf 85' lang='lat' dir='ltr'><strong>oeque</strong></span> <span class='ocrx_word' id='word_1_309' title='bbox 716 3627 858 3707; x_wconf 88' lang='lat' dir='ltr'><strong>iuvenes,</strong></span> <span class='ocrx_word' id='word_1_310' title='bbox 892 3649 986 3713; x_wconf 88' lang='lat' dir='ltr'><strong>neque</strong></span> <span class='ocrx_word' id='word_1_311' title='bbox 1008 3651 1116 3710; x_wconf 85' lang='lat' dir='ltr'><strong>senes,</strong></span> <span class='ocrx_word' id='word_1_312' title='bbox 1149 3642 1268 3717; x_wconf 91' lang='lat' dir='ltr'><strong>propter</strong></span> <span class='ocrx_word' id='word_1_313' title='bbox 1286 3653 1349 3696; x_wconf 86' lang='lat' dir='ltr'><strong>eam</strong></span> 
     </span>
     <span class='ocr_line' id='line_1_34' title="bbox 198 3729 1481 3816; baseline 0.005 -23"><span class='ocrx_word' id='word_1_314' title='bbox 198 3750 255 3815; x_wconf 81' lang='lat' dir='ltr'><strong>qua</strong></span> <span class='ocrx_word' id='word_1_315' title='bbox 271 3729 411 3794; x_wconf 89' lang='lat' dir='ltr'><strong>divinitus</strong></span> <span class='ocrx_word' id='word_1_316' title='bbox 429 3729 550 3813; x_wconf 86' lang='lat' dir='ltr'><strong>praediti</strong></span> <span class='ocrx_word' id='word_1_317' title='bbox 577 3739 646 3792; x_wconf 90' lang='lat' dir='ltr'><strong>sunt</strong></span> <span class='ocrx_word' id='word_1_318' title='bbox 665 3731 887 3813; x_wconf 88' lang='lat' dir='ltr'><strong>temperantiam</strong></span> <span class='ocrx_word' id='word_1_319' title='bbox 913 3731 1124 3816; x_wconf 83' lang='lat' dir='ltr'><strong>obsequuntur.</strong></span> <span class='ocrx_word' id='word_1_320' title='bbox 1170 3733 1239 3798; x_wconf 94' lang='lat' dir='ltr'><strong>Non</strong></span> <span class='ocrx_word' id='word_1_321' title='bbox 1256 3735 1350 3799; x_wconf 91' lang='lat' dir='ltr'><strong>illudit</strong></span> <span class='ocrx_word' id='word_1_322' title='bbox 1376 3750 1434 3798; x_wconf 71' lang='lat' dir='ltr'><strong>usn.</strong></span> <span class='ocrx_word' id='word_1_323' title='bbox 1448 3753 1481 3799; x_wconf 82' lang='lat' dir='ltr'><strong>aa.</strong></span> 
     </span>
     <span class='ocr_line' id='line_1_35' title="bbox 197 3829 1350 3933; baseline 0.003 -36"><span class='ocrx_word' id='word_1_324' title='bbox 197 3833 347 3919; x_wconf 73' lang='lat' dir='ltr'><strong>Aegyptia</strong></span> <span class='ocrx_word' id='word_1_325' title='bbox 369 3831 473 3895; x_wconf 91' lang='lat' dir='ltr'><strong>mulier</strong></span> <span class='ocrx_word' id='word_1_326' title='bbox 498 3830 666 3895; x_wconf 89' lang='lat' dir='ltr'><strong>castissimo</strong></span> <span class='ocrx_word' id='word_1_327' title='bbox 691 3829 834 3916; x_wconf 88' lang='lat' dir='ltr'><strong>losepho,</strong></span> <span class='ocrx_word' id='word_1_328' title='bbox 869 3854 923 3897; x_wconf 91' lang='lat' dir='ltr'><strong>occ</strong></span> <span class='ocrx_word' id='word_1_329' title='bbox 946 3855 962 3896; x_wconf 88' lang='lat' dir='ltr'><strong>a</strong></span> <span class='ocrx_word' id='word_1_330' title='bbox 987 3847 1068 3898; x_wconf 87' lang='lat' dir='ltr'><strong>recto</strong></span> <span class='ocrx_word' id='word_1_331' title='bbox 1092 3847 1191 3899; x_wconf 88' lang='lat' dir='ltr'><strong>mente</strong></span> <span class='ocrx_word' id='word_1_332' title='bbox 1217 3838 1350 3933; x_wconf 85' lang='lat' dir='ltr'><strong>deducit,</strong></span> 
     </span>
     <span class='ocr_line' id='line_1_36' title="bbox 198 3932 1352 4022; baseline 0.004 -22"><span class='ocrx_word' id='word_1_333' title='bbox 198 3935 331 4022; x_wconf 86' lang='lat' dir='ltr'><strong>quamvis</strong></span> <span class='ocrx_word' id='word_1_334' title='bbox 349 3955 452 3998; x_wconf 88' lang='lat' dir='ltr'><strong>omues</strong></span> <span class='ocrx_word' id='word_1_335' title='bbox 477 3933 614 3998; x_wconf 87' lang='lat' dir='ltr'><strong>adhibeat</strong></span> <span class='ocrx_word' id='word_1_336' title='bbox 638 3932 805 4013; x_wconf 86' lang='lat' dir='ltr'><strong>machinas,</strong></span> <span class='ocrx_word' id='word_1_337' title='bbox 838 3957 894 4019; x_wconf 88' lang='lat' dir='ltr'><strong>quo</strong></span> <span class='ocrx_word' id='word_1_338' title='bbox 915 3937 1142 4000; x_wconf 86' lang='lat' dir='ltr'><strong>detestandum</strong></span> <span class='ocrx_word' id='word_1_339' title='bbox 1135 3960 1164 4001; x_wconf 91' lang='lat' dir='ltr'><strong>m</strong></span> <span class='ocrx_word' id='word_1_340' title='bbox 1182 3938 1352 4004; x_wconf 88' lang='lat' dir='ltr'><strong>adolescen-</strong></span> 
     </span>
     <span class='ocr_line' id='line_1_37' title="bbox 198 4035 1352 4127; baseline 0.001 -22"><span class='ocrx_word' id='word_1_341' title='bbox 198 4048 256 4104; x_wconf 87' lang='lat' dir='ltr'><strong>tem</strong></span> <span class='ocrx_word' id='word_1_342' title='bbox 276 4037 429 4103; x_wconf 93' lang='lat' dir='ltr'><strong>consilium</strong></span> <span class='ocrx_word' id='word_1_343' title='bbox 453 4047 629 4122; x_wconf 83' lang='lat' dir='ltr'><strong>exequatur.</strong></span> <span class='ocrx_word' id='word_1_344' title='bbox 675 4035 787 4101; x_wconf 90' lang='lat' dir='ltr'><strong>Verum</strong></span> <span class='ocrx_word' id='word_1_345' title='bbox 813 4037 954 4101; x_wconf 85' lang='lat' dir='ltr'><strong>ludificari</strong></span> <span class='ocrx_word' id='word_1_346' title='bbox 980 4059 1045 4101; x_wconf 91' lang='lat' dir='ltr'><strong>eum</strong></span> <span class='ocrx_word' id='word_1_347' title='bbox 1071 4060 1157 4103; x_wconf 92' lang='lat' dir='ltr'><strong>nemo</strong></span> <span class='ocrx_word' id='word_1_348' title='bbox 1183 4052 1281 4125; x_wconf 92' lang='lat' dir='ltr'><strong>potest</strong></span> <span class='ocrx_word' id='word_1_349' title='bbox 1303 4043 1352 4127; x_wconf 90' lang='lat' dir='ltr'><strong>qui</strong></span> 
     </span>
     <span class='ocr_line' id='line_1_38' title="bbox 198 4137 1350 4227; baseline 0.003 -21"><span class='ocrx_word' id='word_1_350' title='bbox 198 4161 216 4206; x_wconf 90' lang='lat' dir='ltr'><strong>a</strong></span> <span class='ocrx_word' id='word_1_351' title='bbox 233 4142 338 4227; x_wconf 73' lang='lat' dir='ltr'><strong>spiritu</strong></span> <span class='ocrx_word' id='word_1_352' title='bbox 354 4151 458 4204; x_wconf 88' lang='lat' dir='ltr'><strong>sancto</strong></span> <span class='ocrx_word' id='word_1_353' title='bbox 476 4141 658 4225; x_wconf 91' lang='lat' dir='ltr'><strong>prudentiam</strong></span> <span class='ocrx_word' id='word_1_354' title='bbox 683 4139 841 4225; x_wconf 87' lang='lat' dir='ltr'><strong>acceperit.</strong></span> <span class='ocrx_word' id='word_1_355' title='bbox 886 4137 1014 4204; x_wconf 90' lang='lat' dir='ltr'><strong>Proinde</strong></span> <span class='ocrx_word' id='word_1_356' title='bbox 1038 4162 1132 4226; x_wconf 89' lang='lat' dir='ltr'><strong>neque</strong></span> <span class='ocrx_word' id='word_1_357' title='bbox 1151 4145 1350 4210; x_wconf 80' lang='lat' dir='ltr'><strong>castimoniam</strong></span> 
     </span>
     <span class='ocr_line' id='line_1_39' title="bbox 199 4241 1428 4331; baseline 0.004 -23"><span class='ocrx_word' id='word_1_358' title='bbox 199 4263 281 4308; x_wconf 82' lang='lat' dir='ltr'><strong>suam</strong></span> <span class='ocrx_word' id='word_1_359' title='bbox 302 4244 374 4330; x_wconf 89' lang='lat' dir='ltr'><strong>eripi</strong></span> <span class='ocrx_word' id='word_1_360' title='bbox 394 4243 449 4307; x_wconf 87' lang='lat' dir='ltr'><strong>sibi</strong></span> <span class='ocrx_word' id='word_1_361' title='bbox 466 4243 590 4327; x_wconf 89' lang='lat' dir='ltr'><strong>patitur,</strong></span> <span class='ocrx_word' id='word_1_362' title='bbox 616 4264 652 4306; x_wconf 92' lang='lat' dir='ltr'><strong>ne</strong></span> <span class='ocrx_word' id='word_1_363' title='bbox 671 4243 813 4307; x_wconf 87' lang='lat' dir='ltr'><strong>nobilitati</strong></span> <span class='ocrx_word' id='word_1_364' title='bbox 833 4264 905 4306; x_wconf 88' lang='lat' dir='ltr'><strong>suae</strong></span> <span class='ocrx_word' id='word_1_365' title='bbox 922 4244 1110 4327; x_wconf 88' lang='lat' dir='ltr'><strong>ignominiam</strong></span> <span class='ocrx_word' id='word_1_366' title='bbox 1129 4245 1277 4331; x_wconf 83' lang='lat' dir='ltr'><strong>imponat3</strong></span> <span class='ocrx_word' id='word_1_367' title='bbox 1300 4270 1352 4313; x_wconf 92' lang='lat' dir='ltr'><strong>ve·</strong></span> <span class='ocrx_word' id='word_1_368' title='bbox 1422 4241 1428 4265; x_wconf 87' lang='lat'><strong><em>‘</em></strong></span> 
     </span>
     <span class='ocr_line' id='line_1_40' title="bbox 199 4345 1351 4432; baseline 0.007 -25"><span class='ocrx_word' id='word_1_369' title='bbox 199 4345 337 4410; x_wconf 88' lang='lat' dir='ltr'><strong>stimenta</strong></span> <span class='ocrx_word' id='word_1_370' title='bbox 355 4345 511 4430; x_wconf 86' lang='lat' dir='ltr'><strong>relinquit,</strong></span> <span class='ocrx_word' id='word_1_371' title='bbox 539 4356 570 4410; x_wconf 92' lang='lat' dir='ltr'><strong>et</strong></span> <span class='ocrx_word' id='word_1_372' title='bbox 584 4347 717 4432; x_wconf 90' lang='lat' dir='ltr'><strong>corporis</strong></span> <span class='ocrx_word' id='word_1_373' title='bbox 735 4347 875 4410; x_wconf 89' lang='lat' dir='ltr'><strong>iacturam</strong></span> <span class='ocrx_word' id='word_1_374' title='bbox 896 4368 955 4410; x_wconf 91' lang='lat' dir='ltr'><strong>uon</strong></span> <span class='ocrx_word' id='word_1_375' title='bbox 972 4348 1058 4429; x_wconf 79' lang='lat' dir='ltr'><strong>facit3</strong></span> <span class='ocrx_word' id='word_1_376' title='bbox 1090 4348 1185 4412; x_wconf 86' lang='lat' dir='ltr'><strong>locum</strong></span> <span class='ocrx_word' id='word_1_377' title='bbox 1202 4349 1281 4414; x_wconf 89' lang='lat' dir='ltr'><strong>illum</strong></span> <span class='ocrx_word' id='word_1_378' title='bbox 1301 4353 1351 4416; x_wconf 90' lang='lat' dir='ltr'><strong>de·</strong></span> 
     </span>
    </p>
   </div>
   <div class='ocr_carea' id='block_1_3' title="bbox 232 4510 1352 4660">
    <p class='ocr_par' dir='ltr' id='par_1_15' title="bbox 232 4510 1352 4660">
     <span class='ocr_line' id='line_1_41' title="bbox 233 4510 923 4583; baseline 0.003 -15"><span class='ocrx_word' id='word_1_379' title='bbox 233 4516 257 4567; x_wconf 78' lang='lat'><strong>5.</strong></span> <span class='ocrx_word' id='word_1_380' title='bbox 275 4510 381 4583; x_wconf 72' lang='grc' dir='ltr'><strong>ιιῖρῆσιι</strong></span> <span class='ocrx_word' id='word_1_381' title='bbox 397 4519 451 4568; x_wconf 85' lang='lat' dir='ltr'><strong>uttt</strong></span> <span class='ocrx_word' id='word_1_382' title='bbox 467 4519 549 4570; x_wconf 80' lang='lat' dir='ltr'><strong>Petne.</strong></span> <span class='ocrx_word' id='word_1_383' title='bbox 790 4521 836 4570; x_wconf 81' lang='lat' dir='ltr'><strong>tou</strong></span> <span class='ocrx_word' id='word_1_384' title='bbox 853 4525 923 4583; x_wconf 77' lang='lat' dir='ltr'><strong>repa</strong></span> 
     </span>
     <span class='ocr_line' id='line_1_42' title="bbox 232 4582 1352 4660; baseline 0.003 -22"><span class='ocrx_word' id='word_1_385' title='bbox 232 4582 256 4638; x_wconf 89' lang='grc'><strong>6</strong></span> <span class='ocrx_word' id='word_1_386' title='bbox 273 4586 323 4652; x_wconf 74' lang='grc' dir='ltr'><strong>τῆς</strong></span> <span class='ocrx_word' id='word_1_387' title='bbox 336 4589 494 4638; x_wconf 80' lang='lat' dir='ltr'><strong>omassumut</strong></span> <span class='ocrx_word' id='word_1_388' title='bbox 507 4589 534 4638; x_wconf 85' lang='lat' dir='ltr'><strong>tn</strong></span> <span class='ocrx_word' id='word_1_389' title='bbox 548 4587 604 4638; x_wconf 76' lang='lat' dir='ltr'><strong>ctu</strong></span> <span class='ocrx_word' id='word_1_390' title='bbox 615 4588 697 4640; x_wconf 78' lang='lat' dir='ltr'><strong>Pecu</strong></span> <span class='ocrx_word' id='word_1_391' title='bbox 713 4589 758 4640; x_wconf 80' lang='lat' dir='ltr'><strong>Go-</strong></span> <span class='ocrx_word' id='word_1_392' title='bbox 826 4587 884 4639; x_wconf 79' lang='lat' dir='ltr'><strong>Car.</strong></span> <span class='ocrx_word' id='word_1_393' title='bbox 898 4588 992 4639; x_wconf 79' lang='lat' dir='ltr'><strong>lx.-</strong></span> <span class='ocrx_word' id='word_1_394' title='bbox 1023 4588 1044 4642; x_wconf 87' lang='lat'>1</span> <span class='ocrx_word' id='word_1_395' title='bbox 1062 4587 1352 4660; x_wconf 64' lang='lat' dir='ltr'><strong>trudonensem.</strong></span> 
     </span>
    </p>
   </div>
   <div class='ocr_carea' id='block_1_4' title="bbox 0 0 1563 5070">
    <p class='ocr_par' dir='ltr' id='par_1_16' title="bbox 0 0 1563 5070">
     <span class='ocr_line' id='line_1_43' title="bbox 0 0 1563 5070; baseline 0 0"><span class='ocrx_word' id='word_1_396' title='bbox 0 0 1563 5070; x_wconf 95' lang='lat' dir='ltr'><strong> </strong></span> 
     </span>
    </p>
   </div>
  </div>
 </body>
</html>
