3096 5070
369 292 508 348 eausam
524 288 774 346 mummolini.
791 290 1025 345 nunnnxxur.
1219 264 1281 342 153‘

123 414 176 479 sed
191 435 249 480 una
265 412 351 478 triam
371 413 545 490 consensio,
570 411 729 496 singularis
742 412 896 491 divinitas,
921 412 1050 475 eiusdem
1067 410 1185 475 virtutis
1202 411 1281 474 eius·

123 517 245 602 demque
268 516 467 594 substantiae,
500 513 603 578 similis
621 535 638 578 e
656 515 762 595 simili,
795 536 851 600 quc
869 514 1019 599 aequalem
1035 512 1158 598 gratiam
1175 533 1215 576 ex
1231 533 1282 577 ea·

123 621 187 683 dem
212 620 299 683 efficit
322 618 435 703 gratia,
468 617 558 702 patris
581 628 612 678 et
634 615 684 680 dlii
702 637 736 680 ao
759 617 880 703 spiritus
903 615 1009 680 sancti.
1056 611 1182 696 Quinam
1209 635 1283 678 vero

122 722 217 809 possit
232 722 310 786 istud
326 722 401 800 ficri,
425 719 560 805 ipsismet
572 718 629 782 illis
646 718 809 782 docendum
825 718 1011 804 relinquitur.
1056 721 1156 792 Nemo,
1175 715 1278 801 inquit,
1298 732 1385 781 mmo.

121 831 202 888 novit
216 837 329 905 patrem
345 824 511 904 nrir'filuss,
536 823 728 903 nequefilr’um
744 826 912 903 sosipater,
938 833 968 884 ct
982 823 1122 902 cus‘filr‘us
1136 821 1281 881 muelorit.
1310 788 1343 845 η’
1354 788 1388 832 ¹⁷⁸

123 923 210 1010 Quod
233 928 259 990 is
279 947 332 1011 per
353 923 485 1009 spiritum
511 933 643 986 sanctum
669 923 792 987 revelat.
836 921 909 987 Tria
931 924 1021 1008 igitur
1040 923 1202 1000 istasunt,
1234 929 1284 984 aut

123 1029 263 1114 exipso,
297 1037 347 1091 aut
365 1025 401 1090 ab
419 1027 500 1110 ipso,
534 1035 585 1088 aut
607 1026 643 1089 ad
665 1026 778 1110 ipsum,
812 1047 886 1112 quae
909 1024 938 1089 in
957 1045 1150 1110 unoquoque,
1183 1033 1215 1087 ut
1233 1043 1286 1108 par

124 1142 188 1209 cst,
219 1128 441 1212 intelliguntur,
474 1138 560 1213 prout
581 1126 695 1212 seipsas
718 1149 863 1213 personae
885 1128 953 1191 illoc
976 1128 1138 1191 declarant.
1183 1122 1227 1188 lto
1254 1135 1285 1189 et

124 1231 193 1311 lux,
217 1230 312 1316 ignis,
344 1229 480 1315 spiritus,
513 1239 678 1293 ceterarum
696 1249 794 1294 rernm
812 1229 1031 1316 aspectabilium
1050 1228 1217 1294 nominibus
1233 1248 1284 1313 up·

123 1333 285 1419 pellantur,
319 1354 372 1419 pro
387 1353 424 1396 eo
441 1352 475 1394 ao
492 1331 614 1416 qudibct
628 1332 776 1396 hominum
801 1334 904 1418 dignus
923 1343 970 1396 est
988 1332 1035 1396 cui
1055 1333 1110 1395 hoc
1126 1331 1211 1394 officii
1232 1350 1285 1414 ge-

124 1455 179 1497 nus
194 1435 380 1519 impenditur.
427 1432 509 1499 Deus
530 1433 619 1518 igitur
637 1435 704 1514 ille,
729 1435 779 1521 qni
794 1436 879 1499 initio
895 1435 986 1514 dixit,
1010 1439 1077 1498 Fiat
1090 1437 1159 1509 lun,
1192 1436 1282 1517 etso·
1294 1453 1353 1499 usn
1366 1454 1386 1499 ι.

125 1548 171 1599 cta
186 1550 231 1599 ert
244 1536 430 1622 aspectabilis
446 1537 496 1601 illa
513 1537 582 1614 lux,
614 1536 677 1621 ipsc
695 1539 803 1621 estqui
820 1539 855 1602 nd
877 1558 979 1603 verum
998 1538 1095 1602 lumen
1114 1536 1283 1600 intuendum

124 1639 209 1703 nubis
231 1639 345 1719 illuxit,
379 1644 456 1722 qaod
473 1642 617 1702 r'llumrirot
635 1662 741 1702 omnem
761 1642 896 1702 domairem
915 1645 1066 1703 scariotem
1082 1645 1112 1702 in
1136 1642 1277 1701 muudum.
1299 1659 1438 1716 rosata

122 1747 227 1804 Emitte
244 1746 332 1805 lacem
355 1755 449 1817 tuum,
483 1742 526 1805 nit
540 1739 654 1820 David,
686 1755 716 1803 et
732 1746 876 1804 mustacem
899 1755 985 1805 tuum.
1032 1740 1086 1806 tlte
1106 1742 1169 1827 ipsc
1189 1740 1281 1804 domi·
1299 1762 1386 1807 rutro.

125 1866 181 1909 uus
199 1855 246 1908 est
273 1846 321 1928 qni
348 1844 440 1925 dixit,
471 1848 506 1906 In
534 1849 693 1906 numantinis
715 1847 813 1906 ds'ebus
833 1848 977 1929 effundam
1001 1849 1035 1906 de
1050 1850 1154 1928 apri-itu
1177 1866 1236 1906 meo
1255 1848 1286 1905 in
1315 1814 1387 1872 ‘m'

125 1970 230 2010 omnem
248 1969 361 2010 carnem
369 1993 378 2022 ,
402 1959 433 2008 et
443 1948 745 2028 prophetabunt-filice
757 1950 889 2022 s'llorum,
914 1958 944 2009 ct
956 1950 1145 2009 adolescentes
1161 1951 1286 2028 ipsorum

126 2055 246 2113 viscones
261 2051 402 2112 videbunt.
446 2049 494 2112 Ae
511 2059 571 2112 tres
589 2049 748 2114 functionis
765 2069 868 2113 sacrae
882 2069 1025 2135 personas
1042 2047 1126 2113 nobis
1144 2048 1284 2128 ostendit,

126 2173 192 2215 oum
215 2152 302 2215 tertia
324 2171 364 2214 ex
387 2150 538 2235 hypostasi
560 2154 700 2236 procedat
720 2150 900 2238 hypostasis.

210 2259 282 2316 Ilico
300 2258 393 2334 agitur
412 2256 554 2315 Christum
573 2258 732 2316 mansitrum
748 2258 847 2338 scisse
862 2257 1085 2316 commemorem
1100 2276 1155 2335 pro
1170 2259 1288 2316 amicte
1311 2264 1371 2329 cap.
1382 2262 1414 2315 v.

123 2362 185 2432 der,
211 2368 244 2418 ut
253 2360 396 2437 mammea
418 2358 578 2436 compleret.
624 2353 720 2419 Porro
739 2357 871 2442 spiritum
891 2367 1023 2420 sanctum
1045 2376 1101 2418 una
1118 2356 1286 2420 ministrare
1304 2327 1441 2385 amm

125 2479 310 2524 esacrorum
337 2459 477 2522 librorum
504 2457 679 2522 auctoritato
698 2459 740 2522 ita
759 2460 900 2523 dicimus:
936 2454 1073 2522 Christus
1089 2468 1202 2543 epatre
1219 2457 1287 2520 mit-

125 2562 214 2641 titur,
238 2561 362 2624 mittitur
376 2571 407 2623 et
424 2559 545 2645 spiritus
560 2573 698 2624 sanctus:
732 2556 871 2626 Christus
893 2561 922 2623 in
939 2561 1050 2624 sanctis
1066 2559 1212 2643 loquitur,
1241 2560 1287 2623 lo-

124 2664 222 2746 quitur
244 2675 273 2726 et
288 2662 408 2746 spiritus
424 2673 562 2726 sanctus:
585 2674 672 2725 sucat
686 2657 837 2741 Christus,
861 2673 948 2726 sanat
965 2674 995 2736 et
1009 2663 1129 2749 spiritus
1146 2670 1282 2725 sauctus:

124 2765 286 2828 sanctificat
309 2760 465 2843 Christus,
497 2765 658 2828 sanctificat
681 2774 711 2829 et
726 2766 847 2852 spiritus
867 2776 1004 2829 sanctus:
1038 2764 1168 2850 baptizat
1184 2764 1214 2826 iu
1230 2784 1286 2827 suo

125 2866 243 2928 nomine
259 2862 408 2945 Christus,
433 2865 560 2950 baptizat
577 2877 607 2930 ct
622 2865 742 2951 spiritus
756 2879 888 2931 sanctus.
934 2869 981 2931 Ad
996 2887 1062 2929 cum
1080 2867 1195 2930 modum
1211 2865 1285 2929 scri·

125 2976 209 3051 ptura
233 2969 377 3053 loquitur:
410 2973 530 3031 dimittes
547 2973 677 3049 spiritum
701 2982 795 3044 tuum,
828 2982 856 3032 et
877 2970 1024 3032 renovabis
1045 2971 1149 3049 suarem
1176 2981 1279 3032 terrac.
1315 2986 1400 3033 natm

128 3063 214 3150 Quod
236 3068 312 3133 idem
332 3082 478 3155 cstntquc
497 3071 592 3134 istudc
623 3075 744 3133 Emr'ttes
759 3075 871 3134 verdum
894 3084 989 3146 tuum,
1019 3074 1282 3155 etlr‘puefacr'etea.
1305 3039 1403 3138 1¹³1·lt

125 3175 373 3247 Maiu‘strnntr‘dum
409 3173 521 3258 inquit,
556 3176 764 3250 illummatio,
798 3197 834 3237 oc
858 3177 1047 3238 ieiunantibus
1068 3179 1146 3237 drm't
1163 3180 1283 3256 spalatus
1296 3142 1426 3250 uiduis

125 3285 256 3349 sanctus,
291 3278 448 3356 Sep-regate
468 3279 540 3338 mihi
555 3279 731 3352 Burnadum,
764 3290 793 3339 et
811 3281 929 3340 Saulem
952 3282 992 3340 ad
1011 3300 1081 3360 opus
1097 3282 1136 3339 nd
1151 3281 1226 3359 quod
1238 3299 1286 3339 eos

125 3380 231 3437 vocavi.
280 3373 359 3440 idem
381 3378 437 3459 hoc
453 3388 498 3442 est
514 3400 579 3442 cum
597 3380 673 3443 isto:
705 3384 842 3441 Bomsims
864 3392 956 3442 nutem
981 3384 1067 3455 dr‘cr't,
1099 3383 1289 3460 Ingredimim'
1312 3387 1359 3429 am
1372 3386 1393 3439 θ.
1407 3385 1428 3429 t.

126 3479 238 3554 urbem,
273 3491 304 3541 et
317 3482 360 3542 r'dr'
374 3484 484 3542 dicetur
505 3482 582 3542 vobo
605 3485 674 3562 qm'rt
696 3494 824 3563 oportent
836 3485 957 3566 secere:
992 3486 1045 3545 lto·
1063 3487 1155 3563 igitur
1171 3485 1253 3542 mrisr‘
1265 3502 1284 3542 a
1297 3496 1419 3550 uectat

123 3584 227 3658 spiritu
248 3594 347 3643 sancto
369 3584 500 3644 adamant
517 3585 685 3645 Seleuciam.
733 3580 984 3667 Quemadmodum
1005 3582 1143 3650 Christus
1162 3582 1226 3666 ipsc
1242 3581 1286 3645 di·

125 3693 226 3760 ceret,
249 3687 325 3745 Ecce
342 3689 421 3746 multo
435 3707 499 3757 cos,
524 3689 724 3748 steatomatis
742 3691 830 3750 mmsis
848 3691 993 3769 luporum:
1027 3692 1122 3749 Visum
1139 3699 1182 3749 est
1197 3691 1283 3768 spsm'-
1309 3699 1394 3746 ntitas

125 3789 170 3844 tur'
183 3796 282 3846 sancto
298 3788 373 3847 citit
391 3789 472 3847 uliud
477 3791 628 3866 imponere
652 3789 729 3849 cods's
749 3795 859 3864 onmes,
889 3803 1007 3872 praeter
1021 3793 1091 3851 daec
1111 3794 1281 3852 necessarior.
1298 3752 1350 3849 sii:
1359 3752 1395 3861 1¹⁶²,
1405 3803 1439 3850 ts

157 3918 199 3972 29.
213 3918 285 4040 popel
302 3915 317 3974 d
335 3919 417 3990 Δαβίδ
432 3924 515 3971 Ancon.
753 3921 778 3975 4.
796 3922 810 3981 d
828 3923 942 3991 Χριστὸς
958 3931 1042 3977 ducor.

156 3988 198 4108 dl).
218 4057 241 4109 ol
259 4054 308 4110 olel
325 4049 410 4110 caindo
428 4053 473 4109 saal
491 4056 518 4109 αἱ
535 4060 618 4107 dacor.
755 4059 780 4111 6.
797 4056 867 4128 αὐτῷ
886 4062 924 4131 τῷ
942 4060 1023 4127 κυρίῳ
1041 4065 1124 4113 Ancon.

156 4124 198 4176 32.
226 4120 288 4210 alpis
316 4129 399 4176 tneor.
447 4129 496 4176 Vos
522 4119 689 4186 incendetur
756 4127 779 4181 'l-
798 4125 831 4193 tsi
850 4144 896 4180 non
912 4132 982 4180 actm
997 4135 1081 4182 Amor.

124 4197 177 4243 om
193 4190 223 4256 c
239 4189 406 4253 υποστάσεως
425 4209 471 4245 om
488 4196 513 4243 ¹³¹
528 4198 610 4244 amor.
755 4213 780 4266 8.
799 4211 876 4267 εἰπεῖν
896 4217 980 4266 saco.

126 4259 308 4393 (30ῗὲᾉῖῥί
345 4264 367 4311 ¹·
386 4257 415 4315 fl
439 4277 484 4313 Μ
508 4265 533 4313 ⁸³¹
549 4264 586 4312 ‘⁶'
605 4263 687 4316 Μ·
755 4297 780 4351 9.
799 4292 882 4359 εἶπεν,
901 4299 998 4359 staalda
1015 4302 1098 4353 ducor.

156 4395 182 4446 2.
199 4395 443 4465 συμπαρωήφαμε,
461 4403 545 4449 Amor,
758 4384 796 4435 10.
816 4400 856 4436 σοι
869 4383 894 4437 τί
908 4399 939 4437 σε
953 4388 997 4439 δεῖ
1006 4391 1092 4440 ποιεῖν.
1118 4378 1188 4443 cu‘rm
1201 4395 1284 4442 tneor.

126 4461 312 4583 dalmatam
328 4464 354 4519 ἐν
371 4461 453 4533 ἁγίοις
471 4463 485 4520 o‘
503 4466 561 4535 Xp,
579 4468 690 4523 λαλιῖται
758 4464 887 4539 11.α“γίου
902 4464 1044 4543 πνεύματος
1059 4472 1186 4543 κατῆλθον
1200 4477 1283 4530 Amor.

227 3990 279 4056 χεῶ
298 3991 365 4039 codd.
384 4003 438 4039 mss.
457 3993 560 4051 uterque.
753 3995 777 4044 5.
795 3996 832 4045 tto
850 3998 933 4045 dacor.
951 3994 1017 4044 Litus·
1031 3996 1103 4058 uutpo
1120 3989 1158 4046 nd.
