3096 5070
373 315 510 370 euuunn
529 317 594 369 cru.
610 318 653 370 ιιι.
670 317 753 370 nou.
772 319 792 369 ι.
806 317 907 369 nucu.
923 316 1032 368 txxrr.
1241 305 1281 370 5³

126 445 260 514 erectus,
293 456 351 499 uon
371 439 482 516 ductus,
516 438 569 501 sed
587 438 720 502 existens
745 459 879 522 semper,
911 457 1027 499 eccum
1045 437 1099 499 deo
1118 448 1281 523 patreper·

126 549 213 624 petuo
236 560 376 623 regnans.
423 545 510 603 Curius
531 563 629 620 regne,
663 552 693 603 ut
710 550 836 605 testetur
857 539 1027 625 apostolus,
1060 561 1115 600 noe
1131 544 1277 621 err'tfiur'e.
1294 552 1432 611 due-ms

128 633 183 704 Hic
199 641 261 727 ipse
278 641 371 721 iilius,
395 643 458 728 ipse
478 641 590 721 virtus,
614 641 677 727 ipse
697 644 860 728 supientia,
884 642 946 726 ipse
965 630 1138 726 proprium,
1164 662 1281 707 verum·

126 764 182 827 que
197 745 243 807 dni
259 745 400 822 verbum,
424 742 560 807 domiuus
575 756 677 808 noster
692 742 776 808 lesus
794 740 943 822 Christus,
966 742 1092 807 indivisa
1109 742 1155 804 dei
1169 744 1280 824 virtus3

124 867 285 932 perquem
308 856 410 910 creatu
436 844 534 909 omnin
560 847 699 930 producto
724 856 810 923 suut,
845 857 876 908 ut
900 845 1083 928 evangelium
1107 845 1204 908 docet.
1249 850 1282 909 In
1321 890 1329 905 .

121 954 279 1031 pmiree'pio,
311 948 422 1030 inquit,
454 960 517 1009 erut
532 951 661 1023 uerbum,
694 961 725 1010 et
739 950 851 1010 uerbum
873 960 936 1011 erut
950 953 1027 1028 opud
1042 952 1138 1022 deum,
1171 960 1199 1009 et
1214 952 1283 1010 deus
1296 960 1432 1018 toruum.

125 1063 189 1113 erut
205 1052 337 1113 verdum:
371 1055 462 1111 omnia
476 1072 531 1130 per
547 1055 637 1131 r'prsum
652 1054 732 1133 sueto
749 1064 832 1126 sunt,
863 1064 891 1113 et
905 1057 967 1113 seire
982 1056 1043 1132 ipso
1051 1053 1162 1133 suetum
1179 1062 1222 1111 est
1237 1055 1283 1112 ιιι·-
1398 1126 1407 1141 θ

124 1157 178 1215 tit.
225 1149 292 1215 Huc
319 1151 432 1215 demum
457 1152 577 1216 verbum
604 1163 648 1217 est
671 1154 706 1216 de
729 1175 788 1238 quo
810 1150 909 1216 Lucus
936 1151 1116 1237 evangeliste
1143 1162 1278 1215 testetur.

124 1259 221 1330 Siout,
248 1252 359 1337 inquit,
394 1258 575 1317 trudrideruut
588 1257 669 1317 nubre
683 1260 736 1337 pur'
748 1258 784 1318 ud
804 1261 886 1319 rnrn'o
910 1262 1081 1337 inspectores
1101 1267 1131 1316 et
1150 1257 1429 1335 mrirr'etnssifflst‘
1526 1274 1536 1339 ς

123 1357 313 1438 [ιιινοιυονῠί.
359 1356 406 1419 Ad
432 1358 553 1420 eundem
583 1358 668 1420 etiem
694 1356 788 1422 David
813 1358 962 1443 respexit,
995 1378 1059 1421 curn
1091 1356 1131 1420 itu
1155 1342 1325 1441 cecinitif‘
1353 1390 1359 1411 ι

64 1503 67 1508 -
125 1464 277 1522 Eruetooe't
288 1481 434 1521 cormeum
448 1462 561 1521 verdum
578 1462 688 1522 donum.
715 1459 767 1524 Sic
782 1473 811 1522 et
829 1461 962 1523 domiuus
977 1470 1080 1522 noster
1098 1462 1179 1523 iesus
1191 1438 1406 1563 Citiffflf'

126 1573 189 1624 stus
205 1561 233 1624 iu
251 1561 406 1643 evangetio
422 1583 476 1625 nos
496 1561 611 1626 docuit:
643 1567 723 1643 Ego,
750 1561 859 1645 inquit,
891 1574 1006 1644 epatre
1022 1567 1113 1636 eeiui,
1144 1512 1438 1699 eleemon*
1484 1548 1521 1601 ''³“

125 1663 181 1728 ttio
197 1674 242 1728 est
261 1668 309 1749 qui
324 1664 481 1749 petrensis
506 1665 686 1749 temporibus
709 1676 828 1728 nostrae
852 1665 954 1729 salutis
977 1664 1071 1750 gratia
1096 1665 1281 1728 descendens
1331 1651 1377 1713 ’ἵ

122 1778 213 1832 etex
235 1768 350 1850 virgine
372 1765 469 1830 Maria
491 1767 609 1851 genitus
633 1767 778 1829 homiuem
801 1769 941 1853 suscepit.

207 1865 307 1934 Credo
334 1870 422 1951 igitur
446 1870 475 1931 in
503 1870 587 1933 deum
615 1871 860 1954 omnipotentem,
898 1880 928 1933 et
952 1870 981 1932 in
1005 1866 1154 1935 Christum
1181 1870 1277 1932 Iesum
1292 1881 1352 1950 cnp.
1369 1881 1414 1934 111.

121 1971 214 2056 ipsius
249 1970 336 2032 fidium
370 1971 549 2054 unigenitum
582 1972 728 2034 domiuum
763 1981 913 2048 nostrum,
949 1973 1078 2056 genitum
1109 1972 1145 2034 de
1175 1970 1279 2054 spiritu

123 2083 243 2147 senum,
275 2083 305 2133 et
319 2068 416 2134 Maria
441 2072 566 2154 virgine.
613 2070 671 2156 Qui
694 2073 748 2137 sub
769 2071 877 2137 Pontio
893 2073 990 2137 Pduto
1013 2072 1173 2137 crucifixus
1187 2084 1233 2136 est
1248 2082 1280 2135 et

123 2174 274 2260 sepultus,
309 2184 339 2237 et
360 2173 446 2238 tertie
470 2175 516 2236 die
539 2176 705 2239 resurrexit
723 2197 739 2239 e
758 2176 892 2239 mortuis.
937 2176 1082 2240 Ascendit
1101 2176 1130 2238 in
1149 2175 1276 2253 coelum,

123 2287 152 2339 et
174 2276 258 2338 sedet
279 2277 315 2338 ud
338 2277 490 2339 dexteram
515 2277 623 2361 patris,
656 2279 731 2342 uude
757 2292 899 2342 venturus
924 2289 967 2342 est
991 2279 1118 2341 iudicare
1145 2278 1231 2340 vivos
1250 2287 1279 2339 et

121 2389 266 2442 mortuos.
312 2376 352 2440 Et
366 2378 396 2441 in
412 2379 544 2463 spiritum
560 2390 705 2459 sanetum,
729 2393 859 2444 sunctum
877 2381 1049 2458 ecclesium,
1074 2380 1278 2444 remissionem

122 2491 326 2565 peccatorum,
360 2482 459 2544 cornis
481 2469 745 2562 resurrectionem,
781 2482 869 2547 ritem
894 2467 1057 2546 aeternnm.
1105 2485 1161 2545 tam
1187 2483 1278 2568 putris

122 2595 151 2647 et
170 2584 218 2646 diii
237 2582 417 2646 divinitatem
442 2583 531 2648 dividi
550 2605 608 2647 non
626 2605 713 2669 posse
730 2607 746 2648 e
763 2586 857 2650 saeris
876 2585 969 2649 diteris
989 2582 1154 2647 didicimus.
1199 2583 1277 2647 Nom

120 2686 145 2748 si
163 2685 228 2769 quis
247 2685 352 2763 fitium,
385 2685 440 2749 hoc
454 2697 500 2749 est
518 2685 726 2771 omnipotentis
743 2688 789 2750 dei
805 2687 945 2767 verbum,
977 2706 1118 2772 seperare
1135 2685 1274 2765 vetuerit,

122 2808 244 2851 necesse
267 2799 312 2850 est
332 2799 362 2850 ut
380 2799 430 2851 out
447 2789 519 2852 duos
535 2809 601 2852 esse
618 2791 689 2852 deos
711 2789 884 2870 arbitretur,
916 2789 945 2852 id
962 2791 1038 2875 quod
1054 2810 1071 2852 e
1087 2789 1207 2852 coelesti
1225 2789 1277 2851 do-

123 2889 215 2952 ctrino
231 2890 417 2954 confessione
437 2891 565 2955 omnium
584 2891 738 2970 obhorret,
763 2903 813 2955 out
834 2893 953 2956 verbum
977 2913 1043 2956 esse
1063 2893 1148 2955 deum
1165 2891 1275 2954 inficie-

123 3002 181 3070 tur,
206 2992 281 3075 quod
298 3002 327 3055 et
341 2993 433 3078 ipsum
449 2993 486 3056 eb
502 2993 618 3057 sincero
638 2994 693 3057 fide
710 2994 827 3058 videtur
845 2994 987 3072 alienum,
1012 3016 1076 3058 curu
1093 2995 1275 3077 evangeliste

122 3093 215 3173 dicat,
249 3098 289 3155 Et
303 3098 371 3156 deus
389 3098 592 3157 metuerim.
639 3094 706 3180 Ego
723 3117 796 3160 vero
814 3108 896 3160 certo
912 3097 980 3161 iliud
999 3098 1101 3176 didici,
1136 3099 1274 3161 virtutem

120 3197 228 3281 putris,
261 3195 316 3259 hoc
340 3208 387 3260 est
411 3198 516 3276 fitium,
549 3219 643 3282 neque
671 3199 777 3277 dividi,
813 3220 906 3284 neque
931 3200 1062 3285 separari
1086 3221 1184 3286 posse.
1231 3196 1274 3262 ite

121 3300 197 3363 euim
216 3299 348 3363 suirutor
366 3319 400 3362 oc
418 3299 551 3363 domiuus
575 3311 677 3364 noster
694 3298 778 3364 lesus
796 3297 933 3366 Christus
949 3303 1093 3387 loquitur:
1117 3307 1151 3365 In
1167 3311 1367 3406 nepo-13:¹13

122 3412 179 3475 ter,
204 3415 234 3463 et
248 3424 301 3483 ego
315 3406 344 3463 in
356 3415 457 3482 putre,
482 3401 571 3465 item:
595 3408 660 3484 Ego
675 3416 705 3465 et
716 3416 801 3486 peter
817 3427 900 3468 renum
917 3428 1028 3480 sumus,
1061 3417 1107 3485 et,
1132 3410 1190 3484 Qui
1202 3409 1277 3466 odiet
1296 3394 1374 3509 llpiog:

122 3523 179 3575 me,
203 3508 278 3566 υἱάσι
291 3517 452 3584 erponem.
500 3503 584 3568 Hane
601 3507 691 3591 igitur
705 3529 790 3591 quum
808 3510 972 3572 etesacris
986 3509 1079 3571 diteris
1093 3507 1271 3592 accepimus,
1326 3497 1334 3519 '
1371 3497 1378 3510 ⁶

123 3612 152 3663 et
169 3622 184 3662 o
204 3606 361 3669 nunnitus
383 3606 493 3670 uostris
510 3611 669 3672 secuudum
693 3609 777 3673 deum
795 3611 962 3691 didicimus,
987 3612 1070 3674 fidem
1089 3631 1153 3673 cum
1177 3608 1206 3670 in
1225 3628 1273 3670 ec·

124 3702 213 3766 sissia
232 3706 277 3766 dei
295 3709 447 3790 praedico,
481 3719 539 3771 tum
560 3712 595 3773 ad
614 3722 643 3773 te
660 3713 745 3775 modo
769 3713 936 3797 perscribo,
968 3712 1088 3796 eiusque
1114 3731 1204 3794 penes
1226 3729 1273 3773 me

61 3853 63 3858 ,
124 3806 276 3889 exemplar
293 3807 410 3871 retinui.
456 3808 611 3873 Postremo
628 3813 776 3877 diodoto
793 3825 871 3898 pcto,
896 3826 929 3878 ut
947 3815 1077 3878 eiusdem
1101 3832 1183 3876 mene
1206 3833 1273 3897 pro·

122 3908 261 3973 fessionis
278 3910 444 3993 exemplum
465 3912 522 3974 tuis
540 3912 575 3974 ad
592 3911 745 3999 episcopos
761 3916 853 3980 literis
870 3918 1000 3995 inseres,
1025 3937 1061 3979 ne
1077 3915 1141 4000 quis
1156 3936 1271 3994 eorum,

122 4011 225 4095 quibus
248 4020 386 4073 occurute
402 4013 546 4097 perspecti
569 4034 626 4075 nou
647 4034 765 4093 sumus,
799 4018 914 4082 iliorum
937 4019 973 4082 de
991 4038 1037 4081 me
1054 4017 1171 4104 scriptis
1187 4019 1270 4082 fidem

123 4114 263 4178 adhibens
286 4113 315 4175 iu
337 4134 470 4177 errorem
493 4114 656 4180 inducetur.
704 4114 820 4180 Volete.

204 4214 357 4280 Hactenus
380 4217 513 4302 epistole.

152 4425 176 4503 β
206 4419 285 4489 λέγων
308 4425 376 4474 codd.
400 4436 454 4474 mss.
480 4428 575 4488 uterque
598 4431 620 4476 et
639 4428 675 4478 ed
746 4425 803 4508 Cup.
819 4427 861 4475 ΙΙΙ.
882 4457 912 4467 -
946 4429 965 4480 1.
984 4426 1021 4489 εἰς
1036 4445 1082 4481 nou
1099 4435 1267 4495 opnnsciteod

119 4505 275 4627 rupem&
294 4574 340 4611 om.
358 4562 409 4612 cod.
427 4562 524 4625 unatim
711 4496 931 4632 Ὓῗιιιάγγελίοιι
947 4568 999 4617 rod.
1013 4568 1110 4631 nueetp.
