3096 5070
308 271 370 333 470
732 282 855 335 θΔΝΟΤΙ
872 283 1047 335 ΕΡΙΡΗΛΝΠ

307 395 428 484 γραφῆν
443 397 690 483 ἀπαγγέλλουσιν,
719 399 830 482 ἀκμητί
855 423 885 464 τε
907 401 955 464 καί
975 398 1095 475 ἀόκνως
1110 398 1219 483 συχνάς
1236 408 1393 466 ποιοῦνται
1409 400 1467 478 τάς

309 499 492 586 ἀγρυπνίας,
514 508 600 566 τοῦτο
619 502 672 583 μέν
689 503 721 566 ἐν
738 501 851 584 εῦχαῖς,
873 508 959 567 τοῦτο
981 502 1013 566 δέ
1032 504 1064 568 έν
1076 507 1280 591 ψαλμιγδίαις,
1310 506 1468 588 ἐνδελεχῶς

310 603 342 667 δέ
365 602 418 678 τάς
432 601 613 679 συνελεύσεις
637 601 690 678 τάς
708 605 737 680 ἐξ
756 606 849 679 ἐθους
865 607 1017 686 ἐνθέσμως
1040 607 1227 690 τεταγμένας,
1257 605 1468 691 διημερεύουσί

309 729 341 769 τε
363 703 488 769 πάντοτε
510 703 562 779 τάς
591 705 820 781 θάδιαλείπτους
842 705 917 770 κατά
939 705 1085 789 διάστημα
1112 706 1193 791 ἀίρας
1218 706 1270 784 τάς
1291 707 1377 792 εῦγάς
1400 716 1468 798 θεῷ

211 859 214 870 .
311 804 543 891 ἀκαταγνάστως
565 804 638 888 μετά
660 808 934 893 ταπεινοφροσύνης
953 816 1062 891 πολλῆς
1085 809 1137 874 καλ
1163 812 1294 895 ολμωγῆς
1318 810 1469 893 ἐπιπόνου

313 914 403 997 7θειγῖ
428 908 668 990 ἀναπέμποντες,
698 919 761 986 ταῖς
783 935 813 974 τε
830 913 918 986 ίδίαις
940 913 1052 994 χερσίν,
1083 909 1124 987 οἱς
1145 913 1238 995 ἐφην,
1267 912 1468 1000 ἐργαζόμενοι,

311 1008 384 1093 μετά
401 1013 453 1076 καί
472 1018 525 1092 τῆς
547 1020 747 1094 πνευματικῆς
772 1015 923 1097 ἐργασίας·
952 1017 1003 1078 ίυα
1021 1013 1062 1095 μῆ
1082 1016 1208 1089 ἐπιδεεῖς
1227 1016 1383 1100 γένωνται,
1414 1019 1471 1081 καλ

310 1117 352 1190 τίς
366 1111 537 1198 ὑποκρίσεις
552 1109 746 1196 ἀνθρωπίνας
763 1117 924 1197 ἐμπέσωσι,
953 1117 1004 1179 καλ
1022 1117 1122 1181 ούκίτι
1138 1123 1180 1204 τῷ
1196 1114 1352 1200 ἀσεβοῦντι
1373 1117 1471 1185 δυνά-

312 1241 395 1298 μενοι
408 1213 446 1280 τά
462 1213 565 1298 ἀληθῆ
581 1218 688 1300 λέγειν,
720 1215 788 1282 οῦτε
811 1215 895 1293 ἐκτύς
911 1216 1011 1300 βύπου
1031 1214 1107 1282 εῖναι
1125 1225 1185 1282 ταῖν
1201 1217 1263 1285 ἀπύ
1279 1220 1397 1295 ἀδικίας
1415 1220 1471 1285 ἀν-

310 1317 448 1404 θρούπων
465 1323 614 1384 πλουσίων
633 1320 684 1382 καί
699 1322 952 1385 πλεονεκτούντων
972 1318 1042 1394 τούς
1060 1322 1203 1402 πένητας,
1234 1320 1302 1386 οῦτε
1323 1320 1409 1398 ἐκτδς
1423 1344 1468 1388 σι·

310 1426 382 1487 τίων
405 1418 519 1486 τούτων
535 1424 684 1505 γίνεσθαι,
716 1420 757 1504 μῆ
778 1420 962 1503 8δυνάμενοι
978 1424 1011 1487 ἐκ
1028 1425 1151 1488 δικαίων
1169 1423 1271 1490 πόνων
1286 1421 1341 1507 τῆν
1355 1423 1469 1507 ἐφῆμε·

312 1549 367 1611 ρον
388 1525 463 1606 ἔχειν
486 1520 619 1606 τροφῆν,
653 1521 713 1589 ἀλλ’
738 1523 986 1609 ἀναγκαζόμενοι,
1016 1523 1067 1590 διά
1089 1522 1122 1590 τά
1146 1526 1242 1600 ἐνδεές
1264 1533 1318 1608 τῆς
1336 1525 1467 1612 ἀεργίας,

312 1627 457 1713 τραπέζης
478 1629 627 1690 πλουσίων
649 1627 781 1709 μετέχειν.
1305 1684 1308 1689 .

275 1735 292 1790 ’.
402 1725 458 1792 And
473 1730 661 1812 παραγγέλλει
676 1725 694 1792 6
707 1735 792 1803 θεῖος
808 1727 908 1814 λόγος,
938 1725 1080 1808 φάσκων,
1112 1727 1171 1811 Μῆ
1191 1727 1333 1812 ἐπεθύμει
1348 1728 1468 1814 βρωμά-

311 1857 372 1897 των
388 1837 447 1895 τοῖν
462 1835 627 1910 πλουσίων,
659 1836 752 1894 ταῦτα
773 1828 830 1915 γάρ
856 1833 948 1912 ἔχεται
973 1837 1049 1911 ζωῆς
1065 1835 1207 1912 ψευδοῦς.
1252 1833 1314 1896 Καί
1328 1832 1417 1897 πάλιν
1436 1836 1468 1899 ἐν

312 1932 389 2022 ἀλλην
404 1932 487 2020 τύπρι
496 1983 506 2012 ,
528 1929 574 1997 ίίτι
587 1930 727 2008 τοιαύτας
746 1935 804 1997 ἐδει
819 1931 1063 2017 παρασκευάζειν,
1097 1935 1140 1997 Εέ
1153 1934 1186 1998 δέ
1202 1931 1416 2019 ἀπληστύτερος
1430 1932 1466 2014 εί,

314 2033 355 2119 μῆ
370 2033 513 2117 ἐπιθύμει
535 2041 594 2099 ταῖν
614 2035 710 2099 αὐτοῦ
727 2031 902 2119 βρωμάτων.
943 2031 993 2097 Ἐν
1008 2033 1124 2111 τούτοις
1143 2032 1200 2121 γάρ
1218 2034 1423 2118 ἐδοξάσθησαν
1437 2040 1469 2102 οί

313 2142 417 2214 παῖδες
435 2140 466 2203 οέ
480 2139 511 2202 έν
525 2143 562 2225 τῆ
581 2140 754 2219 Βαβυλῶνι,
783 2134 982 2221 ἀρνησάμενοι
1005 2134 1148 2220 τράπεζαν
1168 2140 1325 2220 βασιλέως,
1352 2140 1402 2203 καί
1418 2141 1464 2200 αί-

313 2237 474 2326 ρησῦμενοι
496 2241 661 2323 σπέρμασιν
685 2235 859 2323 ἀρκεῖσθαι,
890 2236 912 2320 ῆ
933 2241 1061 2328 τραπέζη
1083 2240 1134 2303 καί
1159 2237 1309 2325 βρύμασι,
1338 2236 1460 2321 χρήμασι

313 2345 365 2409 καί
382 2341 455 2432 δόξη
474 2339 707 2422 ἀποταξάμενοι,
737 2338 779 2418 οῖς
797 2347 935 2423 Μωύσῆς
960 2347 1068 2421 μᾶλλον
1092 2345 1182 2407 είλετο
1201 2347 1458 2425 σογιιατουχεῖσθαι

314 2452 356 2534 τῷ
371 2451 431 2533 λαῷ
448 2451 501 2510 τοῦ
517 2451 593 2509 θεοῦ
611 2441 686 2527 ῆπερ
713 2442 873 2509 ἀπολαύειν
889 2450 949 2507 τοῖν
967 2445 998 2507 ἐν
1014 2442 1156 2531 Αἰγύπτῳ
1173 2447 1346 2525 θησαυρῶν,
1376 2441 1459 2525 ἐργα·

314 2546 435 2630 ζύμευος
451 2548 483 2611 δέ
497 2549 586 2621 ἰδίαις
600 2547 698 2631 χερσῖν
710 2547 790 2628 έτυγε
805 2549 997 2630 προφητείας.
1044 2543 1210 2630 Προβάτων
1220 2539 1278 2628 γάρ
1295 2534 1384 2616 οὗτος
1396 2566 1463 2606 ποι·

314 2647 374 2733 μῆν
393 2651 534 2731 κατέστη,
557 2646 575 2713 6
591 2645 725 2733 εῦγευῆς,
747 2650 798 2713 καλ
815 2646 880 2723 υίδς
898 2645 1049 2733 θυγατρδς
1065 2647 1222 2729 βασιλέως,
1250 2647 1301 2710 ’ίνα
1318 2642 1358 2727 μῆ
1373 2640 1467 2727 ἀργδν

315 2754 402 2841 ἐσθίη
417 2749 514 2836 ἀρτον.
556 2748 608 2826 Ὡς
623 2753 672 2815 καί
689 2749 821 2815 διδάσκει
837 2747 856 2814 6
873 2748 970 2833 πατῆρ
986 2747 1071 2831 ἡμῶν
1086 2746 1209 2831 Ἱακοῖβ,
1239 2748 1330 2832 λέγων
1344 2742 1466 2826 Λύβαν,

315 2853 379 2929 Δύς
401 2880 454 2936 μοι
478 2856 633 2938 ἐργασίαν,
667 2855 718 2917 ίνα
739 2852 921 2937 ἐργάζωμαι,
952 2857 1007 2916 τοῦ
1032 2853 1111 2917 ἰδίου
1136 2848 1238 2935 ἀρτου.
1291 2849 1350 2913 Καὶ
1377 2845 1470 2921 αύτδς

174 3000 222 3048 „3
242 2988 300 3034 m
314 2955 403 3024 πάλιν
417 2959 585 3038 ποιμαίνειν
601 2957 810 3039 προςτέτακται
824 2952 907 3038 παρά
926 2960 980 3018 τοῦ
1000 2956 1077 3019 ίδίου
1093 2959 1258 3037 πενθεροῦ,
1287 2954 1338 3015 ἵνα
1353 2948 1394 3032 μῆ
1415 2948 1468 3034 ἀρ·

315 3057 370 3146 γδν
390 3056 479 3143 ἀρτον
500 3060 642 3124 ἐσθίωσιν
665 3059 697 3122 οῖ
716 3060 833 3122 δίκαιοι.
883 3063 951 3131 Τοῖς
975 3056 1008 3120 δέ
1030 3052 1208 3129 ἀποστόλοις
1232 3056 1345 3135 εῖρηται
1369 3048 1469 3134 ἀρκεῖ-

315 3172 389 3231 σθαι
406 3168 447 3251 τῷ
471 3158 569 3248 ιλόγῳ
586 3158 753 3243 κηρύττειν,
783 3163 834 3224 ίνα
851 3156 893 3241 μῆ
908 3156 1084 3240 ἀσχολοῦνται
1102 3154 1163 3222 άπδ
1182 3154 1294 3231 πόλεως
1313 3157 1355 3230 είς
1368 3151 1468 3232 πόλιν,

315 3267 366 3330 καί
389 3262 450 3329 ἀπδ
473 3261 568 3328 τύπου
590 3265 633 3338 είς
652 3260 761 3341 τόπον,
792 3263 841 3326 ἐπῖ
858 3258 891 3326 τδ
910 3261 1049 3347 κῆρυγμα
1063 3257 1118 3341 τῆν
1141 3262 1262 3341 πορείαν
1283 3256 1469 3338 ποιούμενοι.

307 3367 411 3445 Ἀξιος
432 3364 487 3450 γάρ
506 3361 524 3430 6
544 3362 666 3450 ἐργάτης
685 3371 737 3429 τοῦ
760 3369 872 3447 μισθοῦ
896 3362 1005 3441 αύτοῦ,
1035 3363 1104 3441 καλ,
1133 3358 1271 3444 Ἀρκετάν
1290 3366 1331 3447 τῷ
1353 3361 1472 3442 ἐργαζο-

316 3471 395 3558 μίνρι
421 3465 557 3552 ῆτροφῆ
581 3467 683 3532 αὐτοῦ.
728 3466 789 3530 Kal
813 3474 876 3540 τοῖς
900 3491 931 3530 τε
947 3465 1082 3547 ποιμέσιν
1103 3460 1243 3539 οίςαύτως
1263 3460 1313 3527 διά
1333 3459 1387 3542 τῆν
1408 3466 1473 3524 τοῖν

315 3577 395 3639 λαῶν
409 3568 520 3654 συχνῆν
541 3568 678 3652 ἀσχολίαν
698 3570 750 3634 καί
767 3566 820 3651 τῆν
842 3564 1080 3649 ἐκκλησιαστικῆν
1105 3569 1250 3646 διοίκησιν
1268 3565 1319 3629 καλ
1337 3565 1473 3644 ἐνδελεχῆ

317 3677 498 3759 λειτουργίαν
515 3674 608 3754 φησὶν
624 3669 643 3736 6
658 3680 742 3746 θεῖος
757 3669 858 3756 λόγος,
894 3674 945 3746 Τίς
963 3673 1110 3750 ποιμαίνει
1127 3671 1271 3749 ποίμνην,
1300 3666 1350 3729 καλ
1368 3666 1402 3728 ἐκ
1415 3671 1473 3729 τοῦ

317 3780 462 3863 γάλακτος
487 3772 581 3856 αύτῆς
604 3771 659 3839 ούκ
688 3776 799 3850 ἐσθίεις
831 3770 916 3855 ῆτίς
945 3770 1065 3852 φυτεύει
1085 3771 1257 3851 ἀμπελῶνα,
1288 3769 1338 3832 καλ
1363 3767 1396 3831 ἐκ
1414 3774 1473 3832 τοῦ

316 3885 436 3964 καρποῦ
452 3875 545 3942 αύτοῦ
561 3874 599 3943 ού
614 3876 840 3958 μεταλαμβάνεις
885 3876 963 3953 Καί,
992 3875 1083 3956 φησί,
1105 3871 1158 3938 τάν
1173 3878 1322 3938 κοπιῶντα
1339 3866 1476 3954 γεωργδν

317 3986 365 4047 δεῖ
376 3986 494 4064 πρῶτον
511 3987 570 4045 τοῖν
591 3986 716 4064 καρποῖν
732 3976 977 4061 μεταλαμβάνειν,
999 3979 1050 4040 ’ίνα
1067 3972 1120 4040 τάν
1136 3972 1350 4058 πρεσβύτερον,
1381 3968 1401 4054 ῆ
1417 3969 1474 4037 τάν

319 4086 481 4149 ἐπίσκοπον
498 4080 539 4165 μῆ
562 4079 769 4162 ἐλαττοῦμενον
793 4087 846 4162 τῆς
862 4081 1013 4163 ἐφημέρου
1031 4083 1146 4163 τροφῆς
1162 4074 1364 4157 καταστῆσειε,
1397 4100 1474 4157 προ-

318 4184 497 4271 τρεπόμενος
517 4182 607 4260 λαούς
628 4186 662 4249 ἐκ
685 4188 809 4248 δικαίων
826 4180 928 4247 πόνων
949 4184 1048 4263 νέμειν
1069 4178 1105 4243 τά
1120 4176 1197 4260 πρύς
1212 4174 1329 4260 τροφῆν
1350 4184 1414 4252 τοῖς
1433 4178 1475 4241 ίε·

352 4391 374 4444 (κ
395 4389 566 4457 ἀδιαλῆιττους
582 4395 635 4442 libri
652 4405 738 4442 οτιιπει.
912 4392 993 4440 iuvius
1009 4390 1117 4439 cancellis
1134 4389 1233 4437 ῖπιλυελε.

353 4460 377 4514 7.
395 4460 448 4532 θεῷ
456 4498 464 4527 ,
480 4463 543 4524 quod
557 4463 701 4526 ιυραβιιυοι
714 4461 814 4519 videtur,
832 4459 877 4509 Pe·
944 4459 968 4508 ὅ.
987 4459 1053 4508 λίνω·
1067 4460 1138 4518 vulgo
1155 4451 1305 4520 σωομένοις.
