3096 5070
392 297 528 351 asanaa
545 298 609 350 urs.
623 298 667 350 nr.
682 297 763 351 rou.
777 299 798 349 1.
816 296 915 349 asna.
931 294 1053 349 uxxvn
1239 283 1301 351 tat

230 415 353 486 Condat.
367 416 411 484 Χ.
459 415 553 482 lnstat
575 417 716 502 oppositis
740 417 904 482 rationibus
924 424 954 478 et
975 414 1157 499 argumentis
1183 415 1300 496 Attius,

147 521 307 587 dialecticis
328 521 451 585 vocibus
474 521 600 584 busnano
620 519 748 604 ingenio
763 518 913 583 fabricatis
941 516 1190 601 comprehendere
1217 519 1301 582 deun

146 624 278 708 capiens,
302 645 336 686 ae
352 623 547 687 certissimam
563 620 710 685 evidentis
723 620 788 685 tesi
806 642 888 704 spem
905 620 1065 683 dictionum
1081 640 1199 683 suarum
1214 639 1303 704 argo·

147 728 195 791 tiis
221 727 356 791 mutilare
383 727 577 788 contendens.
623 720 726 806 ltaque
751 723 900 786 dissimilis
925 721 1098 785 vocabulum
1123 722 1304 786 dissimiliter

146 829 318 906 committit,
350 838 381 890 et
398 826 542 890 dictiones
557 826 630 890 alias
653 825 718 889 aliis
736 827 771 887 ad
794 825 983 887 evertendum
1001 823 1123 905 inserit,
1158 835 1189 888 ut
1202 845 1239 889 ea
1257 845 1303 888 ra·

145 932 227 996 tinne
244 929 395 1007 conliniet,
429 929 518 992 lilium
535 929 625 1013 patris
643 947 711 991 esse
729 926 917 1004 dissimilem
951 927 1025 1010 quod
1042 927 1105 991 beri
1124 927 1203 991 nollo
1218 927 1303 991 modu

146 1044 255 1120 potest.
303 1028 403 1114 Qnare
427 1030 489 1094 suis
516 1029 578 1113 ipse
602 1029 781 1116 syllogismis
808 1050 843 1092 ae
866 1029 1034 1096 rationibus,
1053 1030 1196 1115 capietur.
1251 1025 1303 1093 ste

147 1137 224 1201 enim
253 1135 396 1218 disputat:
429 1130 462 1197 Si
490 1134 622 1218 perlecta
643 1132 682 1196 sit
705 1130 805 1215 genita
830 1130 965 1209 soboles,
997 1132 1098 1195 eadem
1122 1132 1152 1196 io
1171 1131 1304 1215 ingenito

148 1238 223 1316 erit,
255 1257 314 1299 nou
338 1256 378 1298 ex
402 1235 438 1299 iis
461 1256 537 1319 quae
561 1256 625 1299 enm
649 1234 684 1299 ab
701 1233 835 1318 ingenito
854 1234 1027 1318 gigneretur
1043 1234 1180 1298 obtinuit.
1225 1231 1303 1298 Nam

148 1339 247 1423 genita
263 1348 367 1403 natura
389 1338 418 1400 in
435 1337 567 1423 ingenita
582 1337 745 1401 substantia
763 1357 907 1400 essenon
924 1347 1040 1421 potestq
1071 1347 1152 1402 esset
1168 1336 1246 1400 enim
1264 1337 1304 1401 si·

149 1440 318 1516 euclidem,
351 1452 381 1504 ct
399 1462 456 1504 uon
474 1451 567 1504 esset.
612 1438 690 1505 Nam
713 1440 789 1524 quod
808 1440 938 1523 genitum
962 1451 1024 1518 est,
1056 1440 1217 1525 ingenitum
1246 1461 1305 1504 nou
1432 1448 1437 1465 “

150 1554 211 1622 est,
240 1543 359 1627 etqued
377 1542 539 1626 ingenitum
558 1553 622 1622 est,
655 1542 785 1626 genitum
805 1541 948 1606 oculuit.
994 1540 1110 1628 Quippe
1132 1541 1304 1606 dissimilem

149 1644 270 1729 aliquam
286 1645 342 1708 deo
358 1657 469 1730 partem
487 1644 617 1708 tribuere
633 1644 779 1708 maledicti
795 1645 953 1709 insumas
968 1644 1303 1730 contumeliaespeeiem

150 1749 289 1832 praefert.
339 1745 387 1811 Ex
412 1747 517 1832 quibus
542 1748 617 1811 lalsa
642 1745 719 1810 iliius
746 1767 781 1809 ae
805 1745 965 1810 mendaciis
990 1749 1101 1812 referta
1118 1746 1306 1812 convincitur

150 1850 267 1927 oratio,
291 1848 378 1933 idque
400 1850 554 1935 perspicue
579 1859 711 1927 constat,
743 1847 912 1911 dissimilem
938 1850 1027 1934 patris
1050 1870 1117 1914 esse
1138 1850 1226 1914 lilium
1246 1872 1305 1915 unu

150 1971 258 2037 posse,
283 1971 378 2036 rusque
404 1953 553 2037 pertense
575 1949 720 2016 divinitati
745 1951 824 2014 illius
849 1951 1043 2036 inaequalem.
1090 1950 1208 2016 Etenim
1231 1972 1306 2037 quae

151 2053 271 2118 omnino
289 2054 370 2119 velut
389 2064 510 2118 coaetus
525 2054 687 2137 eloquitur,
719 2075 753 2117 ea
772 2055 938 2117 sententiae
956 2074 1029 2117 suae
1048 2056 1194 2119 contraria
1212 2056 1306 2120 disse-

150 2157 205 2236 rit,
236 2157 303 2220 dum
328 2155 445 2220 assidue
468 2154 597 2240 genitum
625 2166 655 2218 et
680 2157 841 2240 ingenitum
865 2156 949 2220 nobis
973 2156 1112 2220 obtrudit.
1164 2154 1250 2223 Unde
1275 2168 1306 2222 et

150 2259 226 2343 quod
243 2259 279 2321 ad
296 2269 426 2321 creatum
441 2257 661 2343 inornatumque
676 2269 806 2344 spectat,
836 2258 905 2322 illud
926 2280 982 2322 uua
999 2259 1114 2322 discere
1132 2259 1234 2339 debet,
1264 2261 1307 2325 al·

149 2370 245 2425 terum
268 2381 333 2424 cum
354 2360 448 2424 altero
471 2361 579 2424 nnllam
599 2361 748 2444 dignitatis
771 2362 1005 2426 communionem
1025 2361 1149 2442 babereq
1183 2384 1259 2447 quae
1275 2363 1305 2428 in

147 2461 299 2548 seposita
318 2473 365 2526 est
379 2472 411 2526 ιιι
430 2472 521 2526 totum
538 2464 578 2526 sit
592 2463 763 2528 adoratione
782 2466 1028 2550 prosequendum.
1074 2460 1108 2528 si
1131 2464 1208 2527 enim
1229 2467 1305 2549 qnod

150 2565 292 2629 dissimile
314 2575 362 2629 est
376 2587 442 2628 eum
461 2587 498 2628 eo
515 2565 597 2631 cuius
617 2566 757 2630 dissimile
773 2583 819 2631 est
837 2567 1030 2653 adaequatum
1046 2567 1161 2652 penitus
1178 2565 1219 2630 sit
1236 2567 1307 2630 ado-

151 2667 286 2743 raudum,
305 2687 380 2730 unus
392 2667 428 2730 ab
445 2669 593 2732 universis
609 2667 680 2732 nibil
698 2689 737 2733 ex
749 2668 799 2733 illa
816 2671 950 2734 oratione
966 2669 1189 2755 discrepaverit.
1226 2667 1304 2733 Tum

151 2768 228 2831 euim
246 2769 444 2833 conditionum
467 2770 517 2834 illa
539 2770 744 2835 dissimilitudo
763 2772 793 2835 iu
813 2793 868 2836 suo
891 2772 993 2844 ordine
1018 2794 1053 2836 ac
1071 2771 1212 2856 dignitate
1236 2792 1306 2834 eoo·

152 2868 239 2932 lineri
256 2891 315 2933 oon
334 2870 458 2955 poterit-3
483 2874 599 2936 tametsi
611 2895 699 2938 uuam
716 2874 785 2938 illud
804 2875 928 2952 ceteris,
961 2896 1037 2960 quae
1055 2875 1205 2938 dissimilia
1224 2885 1305 2956 suut,

151 2971 308 3056 splendere
326 2992 361 3036 ae
380 2974 474 3057 gloria
492 2976 668 3040 antecellere
687 2977 817 3057 dicatur,
851 2977 887 3041 ub
916 2998 1017 3041 eurum
1042 2977 1306 3041 dissimilitudinem

152 3093 314 3157 quaecum
338 3096 397 3138 uno
413 3079 577 3143 consociari
604 3079 825 3164 compararique
845 3101 903 3143 non
926 3091 1060 3164 possunt.
1107 3077 1306 3163 Quamobrem

152 3196 189 3238 eo
208 3176 324 3240 tandem
344 3198 393 3242 res
409 3181 520 3245 recidet
537 3193 568 3245 ut
583 3183 647 3262 sol,
671 3183 757 3260 luna,
781 3183 896 3261 sidera,
921 3192 1019 3261 terra,
1049 3193 1136 3267 atque
1158 3184 1195 3249 iis
1216 3185 1305 3248 etiam

152 3277 295 3343 inleriora
310 3300 442 3365 quaeque
460 3285 607 3349 adoranda
623 3285 796 3363 rideantur,
821 3306 916 3369 ueqne
932 3286 960 3347 id
977 3285 1027 3349 ιιιιί
1044 3307 1109 3350 oum
1124 3308 1184 3350 uno
1200 3287 1306 3372 spirits

152 3380 330 3466 praecipium
354 3405 389 3447 ac
413 3386 560 3469 peculiare
578 3389 634 3468 sit,
667 3408 741 3472 quae
765 3398 811 3451 est
832 3408 888 3451 uua
909 3386 1044 3465 trinitas,
1075 3388 1213 3453 divinitas
1234 3409 1304 3468 ιιιιι,

152 3495 183 3547 et
203 3483 393 3568 singulariter
414 3487 574 3555 adoranda.
630 3489 818 3576 Quapropter
842 3491 867 3554 si
896 3489 951 3555 boo
975 3491 1061 3555 modu
1087 3491 1227 3575 colligere
1248 3491 1306 3555 ista

152 3587 232 3667 lieet,
257 3611 321 3652 eum
336 3589 380 3652 rei
395 3591 520 3655 veritate
535 3603 764 3658 cousentaneum
782 3593 839 3657 erit
854 3595 930 3679 quod
944 3593 1060 3657 dicitnr.
1105 3591 1213 3678 Neque
1228 3592 1306 3657 enim

77 3685 80 3695 '
152 3712 241 3754 uuum
256 3690 378 3755 verbum
394 3692 570 3776 reliquorum
585 3692 680 3758 simile
695 3706 752 3774 est,
776 3716 872 3781 neque
890 3697 964 3760 lilius
981 3717 1057 3760 unus
1075 3695 1141 3758 aliis
1158 3694 1305 3773 omnibus,

153 3794 202 3879 qui
219 3814 272 3879 per
289 3793 457 3878 allegoriam
482 3795 525 3858 sic
545 3796 744 3880 appellantur,
776 3799 919 3882 aequalis.
963 3796 1042 3862 Nam
1060 3797 1138 3861 inter
1159 3797 1233 3860 alios
1254 3796 1307 3861 mi·

42 3982 46 3988 Δ
154 3897 232 3961 nime
249 3908 405 3975 censetur,
436 3898 487 3961 sed
505 3917 558 3983 per
572 3918 639 3961 eom
655 3896 703 3962 isti
723 3901 866 3984 procreati
885 3912 965 3964 suut.
1010 3897 1056 3963 lta
1077 3901 1153 3984 quod
1171 3899 1307 3985 impossi-

152 3999 212 4064 bile
244 4000 329 4063 initio
359 4000 510 4084 proposuit
536 3999 662 4079 Attius,
696 4002 830 4086 quodque
853 4002 1047 4066 contumeliae
1076 4003 1105 4065 in
1134 4003 1237 4080 deum,
1272 4023 1307 4067 ac

153 4101 300 4167 maledieti
329 4103 456 4187 speciem
488 4102 631 4182 babebat,
663 4103 700 4168 cb
723 4103 800 4167 illam
830 4125 916 4189 quam
939 4105 1095 4168 affinxerat
1115 4104 1171 4169 deo
1193 4116 1305 4189 partem

155 4207 245 4289 (quae
260 4204 375 4290 quidem
393 4227 451 4269 nou
466 4205 662 4287 differentiae,
677 4207 730 4271 sed
746 4204 931 4291 aequalitatis
943 4227 1010 4292 pars
1022 4218 1088 4286 estq
1112 4207 1187 4270 adeo
1201 4218 1233 4271 ot
1246 4227 1305 4271 non

156 4306 195 4370 sit
213 4306 353 4392 particula
371 4308 526 4388 diviuitas,
558 4329 633 4393 quae
651 4308 867 4396 perfectissima
885 4330 1002 4394 semper
1017 4322 1064 4375 est
1079 4309 1110 4374 iu
1129 4309 1221 4375 tribus
1238 4330 1306 4396 per·

156 4409 240 4474 lectis
256 4410 438 4491 consistens,
463 4432 521 4475 una
539 4411 703 4496 diviuitas),
722 4412 794 4492 buc,
818 4413 948 4497 inquam,
973 4411 1079 4498 ipsum,
1103 4413 1179 4498 quod
1195 4413 1232 4477 de
1247 4412 1307 4478 dis·

154 4510 243 4577 simili
257 4501 373 4596 iniecit,
397 4515 437 4579 nd
452 4514 608 4580 veritatem
624 4515 785 4581 catholicae
803 4514 870 4581 fidei
887 4514 1133 4582 corroborandam
1151 4514 1306 4604 plurimum
