3096 5070
425 307 561 360 raanan
579 305 641 358 nm.
656 306 701 359 rn.
718 306 801 360 ron.
814 308 845 358 n.
863 305 963 359 nasa.
975 306 1108 357 nxxvn.
1287 288 1348 360 369

190 436 258 491 tans
286 447 319 491 au
342 426 443 492 dicens
464 449 523 492 non
548 425 707 511 essequod
728 429 887 513 perfectam
904 427 984 490 illum
1009 425 1133 489 bominis
1152 437 1284 488 naturam
1302 448 1350 490 as·

190 529 351 616 sumpsisse
370 531 513 595 dicamus.
559 528 625 594 Hoc
641 551 714 593 veru
739 531 921 614 potissimum
941 528 1104 613 scripturae
1122 526 1291 592 testimonio
1306 530 1351 591 ni-

190 631 280 711 titur,
312 637 476 715 Suscepeens
499 644 658 695 mansuetos
677 637 815 694 domebus.
864 630 975 694 Verum
993 630 1064 694 nihil
1081 631 1232 695 admodum
1253 630 1297 695 his
1318 632 1347 694 in
1380 638 1464 736 ¹1:3¹2·

188 736 289 800 serbis
323 736 516 800 admiratione
544 735 662 819 dignum
693 746 756 812 est,
788 755 843 797 nec
865 733 922 797 nlla
945 744 1042 817 potest
1068 734 1098 795 in
1128 754 1164 796 eo
1194 732 1350 796 diversitas
1426 722 1463 746 ''

184 838 323 917 ‚ostendi,
355 840 430 922 quod
451 858 570 902 carnem
593 837 728 901 dominns
745 847 794 900 ant
812 838 971 921 perfectam
988 835 1113 898 bominis
1134 845 1267 898 naturam
1284 855 1350 898 sns-

189 942 306 1026 cepisse
332 941 457 1004 dicatur.
510 938 588 1003 Nam
614 962 631 1003 a
657 938 741 1003 nobis
764 939 886 1023 saepius
906 937 1063 1001 nonnullae
1087 937 1230 1000 dictiones
1248 937 1350 1001 homo-

189 1063 295 1129 nymos
321 1052 516 1126 usurpantur,
549 1041 631 1105 velut
654 1042 815 1121 istasunt,
847 1045 1011 1122 Susetpe'em
1032 1052 1190 1102 mansuetos
1209 1045 1347 1115 dominas,
1386 1035 1472 1142 Q·

191 1155 233 1222 et,
257 1147 389 1224 Suscepit
402 1167 444 1205 me
458 1149 493 1206 de
505 1147 645 1225 gregibus
662 1149 764 1218 omum,
790 1144 859 1207 itam
876 1144 958 1222 illud,
982 1149 1155 1225 Assumptus
1169 1155 1230 1218 est,·
1253 1155 1283 1204 et
1295 1147 1350 1205 duo
1385 1143 1433 1184 Μ·
1448 1143 1467 1185 ¹·

190 1250 249 1306 otii
263 1249 413 1321 demetunt,
447 1251 522 1326 Quadi
535 1252 635 1322 states,
669 1252 728 1308 otii
742 1251 886 1309 Gult'luee'?
926 1250 997 1321 Hic,
1022 1251 1075 1328 qui
1090 1259 1283 1327 assumptusu
1303 1269 1349 1307 oo·

191 1349 250 1422 tu,
283 1359 341 1411 etc.
386 1347 453 1412 Nec
468 1350 498 1412 in
514 1349 563 1412 illo
580 1353 743 1412 assumendi
757 1350 900 1413 vocabulo
916 1351 992 1414 inest
1011 1350 1069 1413 ulla
1085 1351 1233 1429 varietas,
1264 1349 1290 1413 si
1307 1349 1349 1412 di·

191 1470 309 1531 camns,
332 1457 512 1534 Assumpn't,
546 1463 595 1516 aut
615 1456 757 1534 Sumpss't,
791 1462 841 1516 aut
858 1457 1025 1534 Expressit,
1060 1451 1215 1515 humanam
1234 1452 1263 1514 in
1282 1471 1349 1515 seso

189 1562 333 1616 naturam.
378 1551 557 1641 Nequehac
577 1555 783 1620 obiectavere
807 1566 921 1618 terrere
945 1577 1000 1619 nos
1023 1565 1147 1639 possunt
1172 1555 1219 1638 qui
1244 1554 1350 1617 adver-

190 1676 241 1719 sus
265 1654 415 1741 imperitos
439 1678 473 1721 ac
499 1657 647 1742 simplices
669 1657 836 1742 insurgunt.
884 1653 1012 1721 Omnino
1036 1679 1108 1721 vero
1124 1659 1164 1720 ita
1183 1656 1262 1741 loqui
1280 1677 1351 1719 con·

188 1757 282 1822 venit.
327 1759 374 1823 Ac
392 1780 429 1822 ne
445 1759 509 1843 quis
523 1759 696 1824 calumniari
712 1780 758 1823 me
776 1770 874 1846 putet,
900 1770 950 1823 aut
969 1761 1133 1824 istiusmodi
1149 1759 1301 1824 vocabulis
1319 1759 1349 1822 in

189 1881 227 1924 eo
242 1871 416 1945 argumento
436 1861 580 1941 cavillari,
604 1861 692 1928 velim
706 1863 775 1926 illud
792 1882 895 1925 omnes
911 1862 1087 1947 intelligant,
1112 1863 1160 1926 diu
1175 1884 1242 1942 nos,
1267 1873 1350 1925 ante-

189 1984 276 2048 quam
293 1983 327 2025 ea
347 1963 561 2043 scriberemus,
586 1965 764 2049 multumque
784 1965 982 2042 deliberasse,
1016 1966 1134 2050 nequis
1153 1967 1280 2029 fortasse
1298 1985 1350 2048 per

189 2065 366 2131 simultatem
385 2065 412 2129 ei
431 2087 486 2129 nos
500 2066 657 2130 insultasse
674 2067 820 2131 crederet.
866 2066 958 2152 Atqui
978 2067 1085 2132 nullam
1104 2070 1160 2133 istc
1179 2068 1282 2145 nobis,
1318 2078 1350 2130 ut

190 2169 317 2234 humano
344 2189 425 2232 more
449 2168 571 2252 loquar,
605 2167 738 2233 iniuriam
763 2169 918 2254 imposuit,
950 2192 1004 2234 nec
1028 2172 1151 2256 quaein
1171 2170 1350 2233 boemundo

189 2270 410 2357 possidebamus
428 2259 546 2357 eripuit.
593 2268 653 2335 Sed
672 2292 736 2334 cum
755 2271 784 2335 in
801 2273 851 2336 illa
869 2273 1079 2337 deliberatione
1100 2273 1134 2336 de
1155 2272 1199 2335 bis
1220 2281 1351 2356 praeter-

187 2372 337 2438 mittendis
353 2374 533 2458 cogitarem,
557 2394 573 2437 a
592 2359 717 2438 veritate
734 2375 796 2460 ipsa
812 2397 875 2439 snm
893 2387 1031 2456 coactns,
1056 2397 1093 2440 ιι
1110 2396 1283 2460 quemquam
1300 2396 1350 2438 eo-

188 2499 253 2542 rum
277 2477 470 2563 praeterirem
494 2477 542 2562 qui
566 2487 669 2540 contra
697 2477 782 2541 iidem
805 2478 911 2564 aliquid
934 2479 1111 2544 sensissent.
1156 2476 1224 2541 Nec
1251 2478 1350 2540 dubito

190 2581 258 2664 quin
277 2581 341 2666 pius
360 2581 454 2645 lector
478 2580 562 2643 iacile
581 2579 649 2644 illud
667 2593 825 2663 agnoscat,
857 2582 936 2647 nulla
955 2603 994 2646 ex
1012 2582 1096 2645 huius
1115 2579 1215 2644 mnndi
1234 2579 1351 2665 propria

191 2683 388 2747 aemulatione
405 2703 572 2746 sermonem
589 2683 669 2746 illum
688 2694 820 2748 nostrum
840 2706 907 2748 esse
928 2687 1102 2770 profectum.
1147 2681 1226 2747 Nam
1244 2704 1261 2745 e
1281 2703 1350 2744 eon·

191 2784 284 2846 trario
310 2784 399 2847 multo
424 2784 488 2869 plus
514 2783 563 2847 ille
589 2785 696 2865 nubis,
722 2788 798 2871 quod
824 2789 859 2851 ad
880 2798 1020 2850 externas
1038 2787 1206 2872 disciplinas
1228 2795 1259 2849 et
1276 2785 1351 2848 cari·

191 2893 281 2947 tatem
298 2889 418 2965 attinet,
449 2886 582 2950 utilitatis
605 2889 741 2965 allerret,
773 2887 797 2952 si
816 2910 880 2953 cum
899 2901 1001 2953 saneta
1019 2891 1064 2953 dei
1083 2889 1207 2953 ecclesia
1227 2908 1351 2951 concor·

193 2985 269 3049 diter
292 2987 321 3050 in
341 2987 474 3052 omnibus
493 2989 662 3053 consentire
682 2990 789 3067 vellet,
824 3013 879 3055 nec
896 2993 1082 3078 peregrinum
1101 2991 1206 3076 aliquid
1224 3003 1254 3054 et
1266 2990 1350 3055 inau-

192 3087 282 3152 ditum
306 3088 472 3154 inveheret.
518 3089 591 3156 Sive
617 3090 708 3177 igitur
736 3092 772 3155 ab
799 3094 848 3157 illo
863 3095 1019 3175 iactatum,
1045 3096 1108 3158 sive
1128 3094 1164 3157 ab
1183 3096 1246 3159 eius
1263 3094 1350 3159 disci-

192 3190 268 3277 pulis
292 3189 378 3255 aliter
404 3193 625 3278 interpretatum
650 3195 754 3279 dogma
778 3196 832 3259 sub
857 3198 1001 3262 eiusmodi
1024 3198 1123 3283 specie
1140 3218 1174 3260 ac
1193 3207 1350 3284 praetextu

192 3296 274 3362 velut
296 3295 333 3358 ab
359 3295 435 3359 aliud
455 3296 609 3381 agentibus
625 3297 787 3378 accinitur,
811 3299 846 3362 de
867 3323 924 3384 qno
944 3300 1016 3364 certi
1035 3300 1105 3364 nihil
1121 3301 1265 3365 affirmare
1283 3320 1351 3384 pos-

192 3418 276 3478 sum,
300 3396 370 3460 illud
390 3399 504 3482 quidem
521 3419 610 3484 saepe
625 3400 722 3463 animo
740 3403 941 3482 versavimus,
966 3424 1000 3467 ac
1017 3404 1156 3467 maiorem
1177 3404 1206 3466 in
1234 3403 1351 3465 modum

193 3501 408 3585 obstupuimus,
433 3500 513 3564 bisce
528 3499 557 3563 iu
573 3501 758 3585 opinionibus
773 3507 990 3590 propugnandis
1006 3517 1083 3570 tanta
1099 3506 1164 3569 illos
1181 3527 1246 3568 cnm
1262 3501 1352 3569 animi

194 3602 384 3668 contentione
400 3623 434 3665 ac
448 3601 594 3688 pugnandi
605 3601 724 3667 libidine
738 3606 784 3669 vel
802 3608 837 3669 ad
854 3619 975 3672 mortem
995 3588 1085 3693 usqne
1103 3607 1293 3694 pertinaciter
1306 3607 1352 3670 in-

193 3705 311 3770 sistere.
360 3703 408 3768 Ex
430 3726 488 3789 quo
506 3704 649 3790 suspicari
674 3705 745 3769 illud
766 3710 913 3789 occurrit,
939 3731 977 3774 es
997 3712 1054 3775 alio
1073 3712 1197 3797 quodam
1217 3709 1352 3774 recondi-

194 3807 269 3872 tiore
292 3827 382 3872 seusu
405 3807 572 3892 opinionem
594 3807 671 3871 illam
695 3828 763 3870 esse
786 3811 950 3875 deductam.

276 3909 356 3974 Nam
383 3932 447 3975 cum
473 3931 574 3974 corum
601 3907 716 3992 aliquos
740 3909 989 3996 interrogaveris,
1021 3915 1113 3978 variis
1134 3915 1175 3978 illi
1192 3915 1286 3978 modis
1304 3934 1352 3978 re·
1396 3952 1456 4019 (Ἃρ,

192 4014 339 4100 spondere
362 4015 477 4093 solent3
509 4033 564 4076 uec
587 4012 694 4076 desunt
719 4012 768 4098 qni
784 4015 944 4098 perlectam
961 4017 1085 4082 hominis
1106 4028 1239 4082 naturam
1259 4019 1351 4081 domi·
1392 4021 1465 4072 XXl·

193 4136 261 4180 num
290 4117 485 4202 assumpsisse
510 4127 636 4201 negent,
667 4137 701 4179 ac
726 4118 888 4202 perlectum
907 4117 1052 4181 bominem
1072 4119 1218 4183 extitisse.
1266 4119 1352 4204 Quod

195 4228 291 4281 autem
310 4220 401 4283 abeo
420 4219 584 4303 complures
605 4218 817 4299 abhorrebant,
850 4220 1081 4284 dissimulatione
1104 4222 1209 4285 deinde
1227 4223 1267 4286 uti
1284 4245 1351 4288 coe·

195 4331 321 4404 perunt,
353 4321 381 4385 id
397 4323 473 4408 quod
498 4342 552 4385 uos
571 4341 611 4385 en
630 4320 747 4386 illorum
764 4323 950 4387 sermonibus
967 4335 1104 4389 accurate
1122 4336 1224 4410 postca
1243 4348 1352 4412 cogno·

230 4556 289 4610 Car.
305 4558 379 4609 ΧΧΙ.
398 4587 428 4598 -
467 4560 487 4612 l.
505 4556 590 4615 adeda
612 4563 679 4613 codd.
699 4576 754 4613 mss.
773 4569 873 4627 uterque.
909 4559 986 4618 edred
1004 4567 1067 4617 editt

249 4640 339 4698 corpus
352 4640 489 4688 nument.
502 4642 532 4688 tt
546 4645 566 4688 t.
1107 4657 1147 4718 24
