3096 5070
319 277 455 329 raunnn
473 277 537 331 orn.
551 278 593 329 ιιι.
619 275 701 330 ron.
715 277 745 328 ιι.
771 275 886 326 exros.
903 275 968 327 nro.
987 275 1130 329 cernon.
1240 261 1303 327 tet

146 395 250 463 unicae
266 396 390 480 uirginis
407 397 485 461 illius
503 418 538 458 ac
553 394 757 460 §quietissimae
773 405 803 457 et
820 395 989 457 innocentis·
1002 393 1154 457 columbae
1172 394 1237 456 fidei
1254 394 1303 458 lir-

145 510 340 579 mementum3
371 501 407 564 de
430 520 486 584 qna
506 500 640 561 dominus
665 498 758 561 saneti
779 496 898 581 spiritus
920 497 1017 559 afflatu
1042 517 1094 581 per
1113 493 1302 560 Salomonem

145 600 217 665 baec
232 601 261 665 in
282 598 471 665 Caarticorum
501 596 626 663 Cantica
643 599 835 683 significavit:
861 602 1020 677 Sexaginta
1038 610 1105 660 sant
1120 603 1252 677 reginae,
1276 611 1305 661 et
1317 610 1443 670 onear.

144 708 288 784 octoginta
301 707 434 785 pellaces,
467 714 498 763 et
509 705 734 764 adolescentulae
751 723 869 784 quartam
886 703 983 762 nullas
999 713 1042 761 est
1062 722 1214 762 naimarus:
1247 721 1303 764 aaa

130 819 187 875 ,eet
199 808 327 867 columba
342 827 419 879 mee,
441 806 569 887 perfeeto
585 826 654 865 mec.
703 801 759 868 Ubi
776 804 820 865 bis
836 802 884 865 illa
903 802 1025 885 repetita
1043 802 1184 864 vocabula
1200 823 1262 864 rnen
1274 813 1304 866 et

144 930 214 970 nea.
263 905 451 969 Huiusenim
471 907 621 983 columba,
655 906 738 968 buius
758 917 804 968 est
825 905 872 967 illa
889 906 1036 990 perlecta,
1071 914 1102 966 ut
1118 914 1236 967 ceterae
1252 925 1303 990 ap·

145 1010 289 1095 pellentur
302 1009 342 1071 ita
361 1008 488 1092 quidem,
514 1009 631 1071 minime
649 1019 745 1072 tamen
762 1007 833 1084 sint,
858 1008 919 1091 ipsa
939 1027 1010 1070 vero
1025 1027 1062 1069 eo
1078 1006 1196 1069 nomine
1211 1007 1303 1092 dupli-

144 1112 219 1176 citer
233 1110 372 1194 insignita
388 1111 438 1173 sit.
484 1109 585 1194 Quare
604 1132 668 1173 cum
685 1111 721 1173 de
737 1109 801 1173 aliis
820 1110 1001 1193 loqueretur,
1022 1130 1079 1172 non
1098 1108 1184 1186 dixit,
1210 1104 1304 1172 0cto·

144 1213 224 1296 ginta
247 1223 316 1274 sunt
339 1211 457 1295 pellices
488 1232 589 1288 meae,
623 1233 724 1275 verum
752 1211 863 1295 reginis
889 1211 998 1273 eximia
1029 1211 1075 1273 illa
1108 1210 1303 1294 appellatione

145 1315 309 1400 maximum
325 1315 466 1397 quendam
484 1313 624 1376 bonorem
643 1314 791 1391 attribuit,
826 1313 945 1397 pellices
964 1335 1036 1376 vero
1054 1333 1175 1398 prorsus
1191 1312 1302 1375 alienas

145 1436 212 1481 esse
226 1416 397 1480 declaravit.
429 1416 591 1479 Amborum
607 1437 694 1500 porro
709 1437 860 1479 rrumerum
876 1438 940 1478 cunr
958 1415 1128 1479 nominatim
1144 1414 1303 1478 babeamus

144 1539 330 1603 expressum,
356 1518 600 1601 contemplatione
617 1527 718 1581 nostra
736 1518 869 1581 altiorem
888 1520 922 1581 ad
942 1539 1061 1581 sensum
1077 1528 1181 1581 evecta
1198 1516 1303 1579 nonni·

143 1622 183 1686 bil
199 1621 331 1707 expolire
346 1619 422 1683 istud
436 1621 490 1683 boc
505 1621 569 1683 loco
586 1620 729 1704 cogimur,
754 1632 785 1683 ut
799 1642 836 1683 ne
853 1633 989 1704 tanquam
1006 1620 1140 1703 frigidum
1158 1621 1302 1705 ineptum·

144 1744 201 1809 que
220 1735 455 1808 praetereamus,
490 1722 541 1785 sed
561 1742 636 1807 quae
656 1722 809 1800 dicuntur,
842 1744 880 1784 ex
899 1723 940 1784 rei
960 1722 1092 1784 veritate
1108 1743 1142 1784 ac
1165 1743 1301 1788 verarum

144 1826 320 1890 auctoritato
342 1824 549 1909 scripturarum
573 1845 642 1888 nera
675 1824 765 1888 animi
796 1824 1041 1908 contemplatione
1074 1825 1300 1908 perpendamus.

143 1925 261 1992 Etenim
283 1927 456 2009 ubicumque
474 1947 613 1988 numerus
629 1927 812 2011 concipitur,
845 1927 1006 1989 oscitanter
1032 1926 1226 2009 praetermitti
1243 1949 1300 1991 non

142 2030 247 2108 debet,
279 2048 373 2112 neque
401 2027 476 2111 quod
505 2028 544 2089 ita
572 2029 843 2113 comprehenditur,
877 2049 982 2091 vanum
1008 2028 1141 2112 quiddam
1166 2041 1195 2091 et
1213 2031 1301 2093 inane

143 2132 235 2196 videri
254 2141 304 2195 aut
320 2131 444 2193 otiosum
463 2128 639 2192 existimari.
683 2129 818 2214 Reginae
844 2152 932 2214 porro
955 2141 1023 2192 sunt
1038 2151 1113 2214 quae
1134 2130 1190 2193 iam
1214 2142 1301 2196 antea

142 2234 242 2318 stirpis
257 2233 287 2296 in
306 2233 384 2319 serie
403 2241 574 2295 numeratae
592 2243 661 2295 suot
682 2231 808 2296 animae.
857 2231 895 2297 Ut
919 2232 996 2296 enim
1022 2252 1121 2315 regem
1147 2231 1301 2298 innumera

142 2335 295 2400 multitudo
315 2335 489 2412 comitatur,
521 2354 643 2416 cumque
665 2356 721 2398 rex
744 2336 847 2419 capitis
870 2336 963 2397 instar
982 2335 1038 2410 sit,
1074 2334 1194 2414 perinde
1213 2345 1300 2419 atque

140 2438 172 2501 in
185 2458 327 2522 corpore,
352 2458 416 2500 curn
439 2436 520 2521 plura
538 2436 667 2500 membra
685 2436 760 2515 sint,
794 2438 889 2521 capite
905 2437 968 2521 ipso
986 2437 1101 2498 censeri
1122 2457 1196 2499 unus
1214 2437 1300 2500 bomo

141 2542 347 2623 numerarique
365 2540 458 2616 solet,
483 2537 526 2601 sic
544 2539 580 2600 ab
596 2560 653 2602 uno
671 2559 741 2623 rege
758 2540 909 2603 multitudo
928 2539 1022 2602 omnis
1038 2537 1169 2600 subiecta
1186 2539 1247 2623 regi
1264 2539 1299 2603 ad

142 2642 265 2704 cundem
289 2642 368 2704 illum
392 2643 549 2705 relerctur.

227 2739 425 2824 Quamobrem
447 2743 568 2827 reginae
594 2743 711 2805 nominc
736 2745 890 2826 generatio
913 2744 941 2806 ιιι
968 2741 1088 2808 Cbristo
1116 2744 1298 2822 contineturq
1319 2765 1378 2833 cip.
1395 2766 1437 2818 qv,

142 2864 201 2906 non
216 2845 291 2926 quod
310 2844 404 2907 omnis
422 2846 574 2925 generatio
592 2845 774 2928 regnaverit,
799 2846 850 2908 sed
868 2848 944 2930 quod
960 2868 1015 2908 arna
1032 2847 1173 2909 duntaxat
1192 2846 1300 2909 domini

142 2944 310 3026 cognitione
331 2945 463 3029 praedita
487 2967 525 3008 ex
545 2948 600 3009 viri
623 2947 709 3010 unius
729 2948 924 3031 appellatione
944 2948 1055 3032 regiam
1075 2949 1244 3031 dignitatem
1262 2947 1301 3010 sit

141 3047 331 3129 ordinemque
357 3061 527 3111 consecuta.
574 3046 711 3133 Exempli
735 3050 830 3132 gratia
847 3051 978 3112 Adamas
995 3073 1059 3113 curn
1080 3061 1139 3113 tota
1159 3048 1300 3135 progenie

141 3148 244 3231 regina
261 3169 317 3211 uua
335 3148 514 3227 censebitur,
538 3150 673 3234 illiusque
692 3152 881 3236 principatus,
908 3163 936 3213 et
955 3153 990 3213 ab
1008 3173 1043 3215 eo
1061 3153 1214 3214 deductum
1232 3152 1300 3215 stir-

141 3251 184 3336 pis
201 3250 333 3338 initium,
366 3274 456 3336 penes
475 3274 548 3334 quos
567 3254 648 3336 regia
672 3254 799 3335 dignitas
816 3255 931 3331 extitit,
966 3276 1030 3316 cum
1049 3255 1084 3317 iis
1103 3255 1231 3337 quicum
1251 3253 1300 3315 illo

140 3352 358 3436 coniunguntur
386 3364 503 3437 propter
527 3356 572 3418 ilci
598 3356 814 3438 cognitionem,
849 3359 982 3441 quodque
1006 3357 1115 3439 primus
1137 3355 1300 3418 omniuma

140 3458 195 3519 deo
213 3454 281 3537 fingi
297 3455 472 3537 formarique
492 3456 648 3532 meruerit,
681 3466 739 3519 tum
758 3460 833 3539 quod
853 3458 1049 3542 poenitentiae
1071 3459 1180 3543 primus
1198 3476 1300 3519 exem·

140 3559 216 3640 plum
240 3555 370 3632 dederit,
404 3566 491 3618 utex
519 3558 583 3618 cius
606 3557 873 3623 bistoriaconstat.
918 3559 991 3623 Post
1009 3562 1154 3623 Adarnum
1175 3557 1297 3634 sethus,

140 3670 171 3723 cl
192 3659 321 3723 universi
338 3660 373 3721 ad
392 3678 457 3720 cum
474 3657 611 3741 adscripti
630 3659 780 3723 mortales.
827 3660 900 3724 ltem
920 3661 1020 3737 Enos,
1044 3659 1179 3740 Cainan,
1203 3659 1299 3724 Male·
1322 3680 1440 3725 Μιιιι

139 3762 214 3839 leel,
242 3759 344 3837 iared,
371 3758 491 3835 Enoch,
515 3756 702 3838 Mathusalae,
733 3758 882 3841 Lamech,
906 3763 986 3828 Noe.
1034 3764 1146 3827 Horum
1170 3762 1298 3827 omnium

139 3876 308 3929 sanctorum
333 3863 482 3939 virorum,
513 3863 560 3944 qui
587 3861 755 3944 singillatim
785 3885 836 3947 per
857 3867 1066 3947 generationes
1091 3879 1298 3944 recensentur,

139 3987 320 4050 quorumque
338 3985 476 4028 numerus
493 3965 567 4047 apud
587 3961 769 4027 Matthaeum
790 3966 879 4028 initus
895 3980 958 4044 est,
989 3991 1079 4051 aquo
1096 3966 1185 4032 LXll
1209 3989 1299 4052 gene·

138 4071 270 4134 rationes
295 4089 329 4130 ac
349 4079 461 4151 patrum
489 4065 620 4149 origines
646 4068 889 4149 praestantiorum
911 4070 1038 4132 virorum
1059 4071 1225 4136 noarinibus
1245 4094 1299 4138 ex·
1406 4068 1407 4073 ¹

139 4191 260 4254 pressae
278 4182 365 4248 suant,
400 4170 447 4251 qui
469 4169 515 4231 dei
537 4169 666 4232 notitiam
688 4170 784 4254 adepti
805 4182 890 4248 sunt,
922 4182 972 4233 aut
989 4173 1064 4254 quod
1080 4174 1109 4234 ιιι
1130 4175 1225 4258 aliquo
1242 4175 1298 4239 alia

140 4291 173 4333 rc
189 4272 345 4355 insiguiter
362 4283 448 4354 atque
470 4271 577 4334 eximie
600 4292 668 4334 sese
684 4285 857 4356 gesserunt,
891 4275 1003 4357 regium
1020 4286 1050 4336 et
1069 4278 1253 4360 splendorem
1269 4289 1299 4342 et

137 4439 298 4560 ἷξηρουιοιιὶιίων
309 4445 392 4494 babeat
403 4445 454 4495 cod.
465 4445 560 4506 ltbeda'q.
569 4445 702 4508 dignoscere
770 4444 794 4496 3.
812 4448 919 4496 Fortasse
937 4435 972 4498 ιιι
990 4441 1004 4498 ὁ
1022 4444 1166 4514 κατάλογος.

198 4524 217 4573 p
267 4547 273 4560 .
