3096 5070
380 275 517 330 ennnnu
535 276 597 327 nte.
610 276 655 328 ιιι.
672 274 761 329 nou.
770 275 792 327 ι.
811 274 911 327 naeu.
930 273 1052 327 nxxur.
1231 262 1289 327 tat

221 394 361 464 Ceterum
381 395 536 462 oum'baee
554 396 644 460 sinte
660 416 707 458 me
723 403 847 459 tractate
871 394 1006 478 saepius,
1040 413 1115 477 quae
1133 394 1169 483 pd
1186 393 1292 479 impiae
1309 377 1438 513 {gp-VH

135 500 220 568 buius
236 500 369 569 baeresis
390 498 519 565 radicem
544 519 579 561 ao
599 498 719 583 stirpem
736 496 926 562 evertendam
946 505 1033 560 arrtea
1053 493 1197 575 diximus,
1219 495 1293 560 satis
1439 497 1445 510 “

134 625 202 671 esse
220 603 277 667 boo
294 603 359 668 loeo
375 613 528 688 putamus3
559 622 624 664 oum
648 602 768 664 eaedem
794 599 862 664 illae
880 598 1012 663 rationes
1033 598 1078 712 nd¹
1090 593 1293 663 semiarianos

134 707 209 771 istos
224 708 419 771 oorrfutandos
435 701 649 767 aooommoduri
667 702 798 786 possint,
823 722 878 765 neo
893 722 952 764 nou
971 710 1001 763 et
1016 700 1050 762 ad
1071 700 1137 762 rlfos
1156 700 1293 764 refellen-

134 810 187 875 dos
212 809 260 895 qui
283 829 318 872 se
342 808 378 871 ab
402 808 524 871 istorum
552 805 704 869 consortio
728 814 940 887 segregarunt,
965 802 1132 866 Aeaoianos
1147 800 1292 886 intelligo,

134 932 170 975 ao
186 921 304 975 eeteros
320 908 368 994 qui
386 905 541 980 Seleuciae
561 907 591 970 iu
611 904 725 972 Isauria
744 907 864 970 alteram
885 906 1028 990 quandam
1053 905 1118 969 fidei
1139 903 1293 967 formulam

133 1025 166 1078 et
185 1013 393 1077 abhorrentem
417 1030 435 1073 a
458 1008 584 1072 ueritate
610 1007 814 1072 condiderunt.
861 1004 957 1091 Quam
981 1028 1035 1071 nos
1054 1007 1083 1070 iu
1103 1017 1234 1092 apertum
1251 1006 1295 1071 lo-

135 1135 257 1199 oemque
273 1113 406 1198 proferre
422 1110 575 1188 volentes,
607 1120 719 1174 uteret
737 1110 847 1173 abillis
865 1130 905 1173 ex
924 1108 1052 1174 omnium
1072 1131 1198 1195 persone
1224 1131 1295 1174 eon·
1319 1099 1324 1108 ’

135 1217 263 1300 scripta,
292 1226 358 1299 post
381 1211 484 1278 Basilii
508 1212 662 1298 Aneyrani
683 1224 713 1276 et
729 1209 852 1296 Georgii
879 1209 1040 1276 Laodieeui
1058 1211 1292 1292 confessionem,

136 1319 282 1402 integram
303 1337 390 1402 supra
419 1316 634 1403 proposuimus.
685 1312 783 1379 Porro
799 1334 837 1379 oe
854 1314 939 1380 istam
957 1314 1189 1399 professionem,
1220 1336 1294 1400 quae

136 1422 298 1485 olaneulum
323 1420 437 1505 quidem
461 1439 527 1482 oum
552 1417 664 1502 ingenti
687 1418 792 1481 damno
818 1439 854 1482 ae
874 1416 1004 1503 pernicie
1028 1429 1200 1502 grassatur,
1228 1419 1295 1499 sed,

135 1535 169 1587 ut
187 1522 308 1610 tempori
326 1522 454 1600 serviat,
487 1542 539 1605 per
555 1519 771 1584 simulationem
788 1539 824 1584 ae
840 1521 989 1599 fraudem,
1020 1520 1129 1584 iniecto
1148 1521 1179 1585 in
1196 1541 1229 1586 os
1246 1541 1295 1586 oa·

137 1626 247 1712 pistre,
270 1647 305 1689 ao
321 1626 403 1689 velut
419 1626 544 1709 quodam
567 1624 653 1687 freno
670 1629 846 1701 onerentur,
877 1643 913 1686 ne
934 1622 1022 1701 bano,
1039 1623 1176 1707 inquam,
1201 1623 1295 1707 negli·

135 1749 210 1814 gens
235 1727 384 1792 oblivione
408 1726 586 1810 praeterisse
614 1726 733 1802 videar,
766 1744 859 1809 pauoa
886 1725 1027 1809 quaedam
1047 1727 1191 1792 adversus
1214 1725 1294 1791 illam

136 1842 166 1897 et
180 1841 318 1895 auctores
332 1830 418 1908 eius,
442 1828 585 1892 Anneium
602 1826 758 1906 videlieet,
783 1825 948 1903 Ennomon,
973 1825 1168 1913 Eutpobium‚
1193 1850 1227 1892 ao
1246 1849 1296 1893 oo·

135 1944 217 1997 toros
234 1932 337 1996 borum
352 1931 483 1995 asseclas
498 1929 648 2015 disputare
663 1931 745 1994 libet.
778 1925 962 2013 Quamquam
982 1930 1057 1994 baud
1076 1930 1233 1996 obscurum
1249 1942 1295 1997 est

136 2044 275 2119 quantum
293 2033 349 2097 ista
367 2031 434 2095 fidei
458 2032 580 2096 formula
597 2031 734 2098 veritatis
756 2032 796 2097 sit
811 2032 962 2096 immutata
980 2033 1137 2117 professio.
1183 2030 1300 2099 Verum

136 2156 175 2202 no
197 2157 250 2222 per
273 2132 544 2200 catenatam-haee
566 2154 582 2198 a
607 2135 691 2199 nobis
714 2135 859 2199 adversus
883 2134 949 2198 illos
964 2154 1032 2198 esse
1051 2135 1128 2200 diota
1151 2135 1294 2223 quispiam

135 2239 313 2316 contendat,
346 2257 490 2320 quaenam
518 2235 766 2322 sintfprogressu
790 2236 931 2324 temporis
955 2237 984 2301 in
1013 2237 1068 2301 boo
1093 2240 1156 2323 ipso
1179 2238 1295 2304 illorum

137 2340 263 2405 eoneilio
279 2339 461 2425 deprebensa
477 2360 511 2402 ao
527 2340 670 2424 patefacta
688 2340 928 2404 monstrabimus.
974 2338 1025 2404 Ex
1040 2338 1095 2404 boe
1110 2340 1187 2404 enim
1203 2360 1295 2427 grege

137 2439 345 2508 Caesariensis
372 2439 504 2506 Euzoius
530 2441 638 2525 prodiit
661 2441 776 2506 illorum
791 2441 969 2527 discipulus,
1000 2441 1048 2526 qui
1067 2453 1132 2528 post
1156 2442 1296 2508 Anneium

138 2546 164 2610 ei
180 2546 243 2611 sedi
259 2544 403 2631 praefuit,
428 2565 494 2607 oum
510 2555 578 2607 ante
595 2540 785 2608 Plrifunreuus
807 2565 823 2605 a
844 2540 959 2630 Cyrillo
980 2543 1250 2630 Hierosolymitnno
1267 2546 1296 2609 iu

136 2648 184 2711 illa
210 2650 385 2712 constitutus
406 2648 527 2725 fuisset,
559 2668 593 2710 ao
617 2645 721 2709 deinde
739 2641 870 2731 Gyriflus
896 2648 998 2711 senior
1015 2647 1121 2711 ibidem
1147 2647 1183 2711 ab
1204 2645 1297 2734 Euty·

137 2750 203 2813 ebio
227 2751 405 2815 collocatus:
441 2770 476 2812 ae
502 2749 617 2813 demum
641 2747 781 2812 Gelasius
807 2749 843 2813 ab
867 2746 982 2835 Cyrillo
1009 2747 1294 2835 Hierosolymitauo,

138 2851 220 2915 ouius
234 2853 348 2916 sororis
364 2863 430 2917 erat
447 2852 542 2931 lilius,
573 2872 676 2915 rursus
695 2862 774 2930 esset
791 2851 956 2938 impositus.
1003 2850 1078 2918 Cum
1095 2852 1172 2916 enim
1190 2852 1218 2915 bi
1235 2863 1296 2916 tres

138 2952 198 3017 illio
219 2955 344 3018 ordinati
368 2955 481 3034 forent,
515 2965 545 3018 et
569 2954 607 3017 ob
631 2966 746 3018 mutuas
771 2953 935 3019 simultates
956 2953 1096 3038 dignitate
1122 2955 1295 3036 cessissent,

139 3056 321 3142 postmodum
342 3054 474 3121 Euzoius
499 3056 599 3122 sedem
622 3058 698 3120 illam
719 3055 856 3121 obtinuit.
901 3053 952 3120 Ex
975 3055 1086 3121 eisdem
1107 3068 1136 3122 et
1159 3056 1217 3122 illis
1235 3056 1296 3124 Ge·

137 3158 275 3223 mellinus
291 3159 400 3223 estitit.
446 3156 578 3224 Indidem
602 3169 633 3222 et
649 3156 798 3245 Philippus
813 3157 1093 3246 Snytbopolitanus‚
1117 3182 1172 3225 neo
1189 3181 1247 3225 non
1266 3173 1297 3226 et

138 3261 320 3327 Athanasius
343 3259 614 3348 Suptbopofitonus.
660 3260 719 3345 Qui
743 3262 858 3346 quidem
885 3284 944 3326 non
965 3262 1097 3343 oeoulte,
1127 3265 1179 3328 sed
1201 3263 1295 3350 palam
1327 3320 1336 3330 ,,

138 3376 169 3428 et
186 3365 336 3444 audacter,
361 3365 442 3428 velut
454 3364 594 3430 bonitatis
612 3365 708 3429 omnis
724 3375 882 3451 expertes,
906 3386 965 3429 non
981 3365 1047 3428 Arii
1067 3365 1161 3430 solum
1176 3366 1296 3432 decreta

139 3468 263 3547 donent,
287 3467 340 3531 aed
357 3478 486 3532 etonem
503 3467 633 3554 ipsorum
650 3479 835 3554 propugnant
851 3467 1006 3546 haeresin,
1030 3467 1213 3533 annositatis
1229 3490 1296 3554 pro-

140 3569 272 3633 fessores
288 3569 493 3653 insequuntur.
531 3566 616 3653 Quos
632 3591 692 3634 non
707 3570 807 3635 verbis
821 3571 908 3634 modo
923 3570 1056 3635 nituntur
1069 3581 1219 3649 evertere,
1243 3571 1295 3635 sed

55 3734 56 3737 ,
137 3681 170 3735 et
190 3669 343 3735 hostilibus
364 3670 524 3735 inimicitiis
550 3671 683 3736 aobeflis
704 3672 873 3751 facessunt,
904 3683 936 3736 et
950 3673 979 3736 in
997 3683 1097 3735 rootao
1115 3671 1182 3735 bdei
1200 3683 1295 3751 seota·
1359 3689 1362 3693 “

139 3783 220 3838 tores
237 3771 343 3858 gladiis
361 3773 448 3838 etiarn
466 3774 715 3838 animadvertunt.
760 3773 828 3839 Nee
844 3775 922 3839 euim
942 3774 972 3839 in
990 3797 1047 3839 uua
1066 3776 1209 3840 duntaxat
1223 3774 1296 3840 oiri·

140 3886 199 3941 tate
222 3875 271 3940 rel
295 3874 464 3962 provincia,
488 3876 540 3938 sed
563 3876 592 3938 in
616 3874 763 3960 plerisque
786 3877 898 3941 nefarie
921 3877 1055 3942 banebati
1076 3887 1156 3942 sunt.

226 3975 397 4045 Cuiusmodi
412 3973 526 4040 Lucius
545 3976 594 4041 ille
614 3969 668 4039 fuit
683 3977 731 4060 qui
747 3977 949 4044 Alexandriae
966 3982 1109 4045 adversus
1127 3981 1242 4066 eosqui
1258 3981 1294 4048 de
1345 3982 1405 4056 cap.

133 4081 187 4150 'dei
203 4081 268 4148 titio
287 4100 359 4145 vera
382 4101 417 4144 ao
440 4079 557 4144 sincera
580 4078 790 4164 profitebantur
804 4091 862 4145 tarn
880 4081 1025 4147 borrenda
1048 4094 1078 4147 et
1100 4082 1211 4148 atrocia
1232 4049 1448 4151 mmmm

140 4183 209 4250 litus
226 4194 282 4248 est.
329 4182 421 4268 igitur
436 4182 501 4269 quis
526 4182 647 4247 istorem
664 4182 829 4246 sodalitium
849 4185 1077 4262 refectionem,
1110 4185 1158 4271 qui
1178 4186 1294 4270 quidem

142 4285 238 4352 divina
253 4286 396 4371 sapientia
412 4287 451 4353 sit
465 4286 625 4374 praeditus,
650 4306 708 4350 non
725 4284 755 4349 in
771 4284 835 4349 dies
848 4287 1001 4370 agnoseit?
1044 4286 1294 4373 Quemadmodum

141 4456 185 4506 ten
200 4453 308 4517 Λούκιος
322 4451 360 4518 oie
376 4447 463 4518 odrae,
480 4463 517 4510 oet
532 4452 640 4519 Λούκιος
655 4449 702 4512 eii-
731 4473 785 4518 κιος
801 4446 888 4518 οὗτος,
911 4474 966 4511 otus
979 4463 1169 4525 tuumntoretur
1181 4461 1220 4514 lfa
1233 4459 1294 4530 ipris

141 4530 197 4584 tue
215 4528 346 4578 cenamus
358 4529 453 4578 nidum
463 4529 563 4579 uolutare
573 4517 701 4581 ὮοΔού·
732 4537 771 4578 est
787 4536 814 4580 et
829 4525 921 4578 Ludos
939 4526 987 4593 bie,
1006 4527 1048 4598 qni
1064 4533 1115 4582 eett
