3096 5070
436 325 575 379 rsusnu
591 324 656 377 ιιι.
668 325 712 377 ιιι.
728 323 812 378 ross.
825 325 846 376 t.
862 322 962 375 naun.
977 322 1098 374 ιιιιιιιι.
1222 355 1229 368 .
1304 311 1346 376 tt

188 454 326 523 muheres,
356 450 502 510 Producat
526 457 622 520 terra,
648 453 706 508 ete.
752 442 843 525 ltem,
877 447 1028 507 Ferebatur
1048 445 1194 504 ιοιιιὺιοιιι.
1241 439 1344 529 ltaque
1358 439 1479 538 (1³1¹,st

188 551 279 616 lilium
304 561 387 636 pater
410 548 580 634 alloquitur.
629 543 725 610 Porro
743 546 784 610 illi
803 545 860 632 ipsi
882 566 1037 610 semones
1065 544 1169 630 quibus
1191 545 1228 609 ad
1252 546 1344 610 lilium
1385 542 1464 642 ¹3⁸·ss

187 664 273 740 pater
288 652 380 717 utitur
400 652 452 715 ulii
471 671 530 714 non
554 660 636 722 sont.
682 649 724 712 Αι
740 648 835 728 filius,
866 669 952 734 quem
968 658 1050 733 pater
1065 646 1240 732 alloquitur,
1269 647 1346 713 inter
1408 629 1416 654 ⁹

189 768 304 821 ceteras
319 753 549 841 appellationes,
572 756 674 826 Parth,
701 754 781 825 Vita,
805 755 1001 825 Resurrectio,
1026 771 1063 814 ac
1082 750 1208 835 denique
1227 752 1346 814 Verbum

189 857 277 922 etiam
303 857 426 936 dicitur,
459 853 595 939 eoquod
621 855 667 918 dei
691 850 731 916 sit
756 852 915 917 voluntatis
933 853 1092 940 interpres.
1139 849 1288 936 Quocirca
1312 875 1349 918 ne

183 959 330 1024 'haeretici
345 956 512 1022 rudioribus
528 956 712 1042 inponentes
731 955 822 1019 tilium
839 955 915 1019 idem
930 976 996 1020 esse
1011 976 1077 1019 cum
1095 954 1140 1020 his
1158 953 1257 1019 verbis
1275 975 1350 1041 qnae

123 1119 124 1122 ,
190 1073 274 1150 pater
297 1061 412 1124 loeutus
433 1070 480 1123 est
503 1069 680 1137 senserant,
704 1058 740 1122 ad
758 1058 803 1122 dei
821 1057 871 1121 lilii
889 1058 1097 1123 declarandum
1111 1056 1147 1122 ab
1164 1057 1247 1123 hisce
1261 1078 1349 1123 voea-

190 1164 267 1229 bulis
289 1183 372 1247 quae>
386 1161 501 1224 locutus
522 1172 567 1224 est
590 1171 674 1246 pater
698 1161 855 1225 discrimen
881 1160 971 1224 hlium
993 1159 1186 1225 substantiam
1208 1159 1351 1246 appellari

191 1274 329 1351 oportere
346 1263 558 1344 decreverunt,
582 1273 669 1348 atque
686 1263 727 1326 ita
747 1262 904 1328 discrimen
921 1263 991 1327 illud
1009 1262 1244 1343 constituerunt,
1275 1272 1307 1327 ut
1321 1273 1351 1326 et

192 1367 320 1432 deussit
336 1366 488 1446 existens,
522 1377 553 1429 et
576 1365 666 1430 verba
683 1366 732 1430 illa
751 1386 825 1450 qnae
843 1365 1045 1452 pronuntiarit
1062 1365 1134 1430 dens
1151 1364 1290 1429 extitisse
1307 1364 1351 1428 di·

192 1479 312 1548 cantur,
341 1469 393 1532 sed
416 1488 601 1553 nequaquam
624 1465 823 1546 substantiae,
857 1489 961 1533 serum
985 1467 1194 1554 pronuntiandi
1218 1466 1351 1532 actiones

192 1593 262 1638 esse
285 1582 479 1636 censeantur:
512 1582 543 1634 at
567 1570 646 1635 lilius
671 1592 737 1635 eum
760 1571 882 1634 verbum
901 1570 957 1651 sit,
982 1592 1041 1634 non
1056 1571 1134 1635 actio
1148 1570 1292 1656 quaedam
1309 1570 1353 1634 lo·

193 1674 319 1760 spuendi,
342 1673 413 1753 sed,
437 1683 538 1760 utpote
565 1672 662 1753 lilius,
693 1672 857 1737 substantia
879 1673 929 1738 sit.
974 1670 1053 1737 Nam
1079 1673 1105 1737 si
1126 1684 1211 1759 pater
1226 1694 1294 1738 esse
1310 1674 1353 1738 di·

193 1789 293 1858 eatur,
324 1786 355 1840 et
379 1795 446 1840 esse
469 1775 591 1861 perinde
613 1775 708 1857 lilius3
738 1795 806 1840 esse
829 1796 902 1839 vero
924 1785 1059 1860 uuquam
1077 1796 1095 1839 a
1114 1775 1170 1839 deo
1185 1775 1303 1862 proprie
1318 1797 1354 1840 ao

192 1898 333 1966 germane
349 1887 383 1942 ut
398 1878 438 1941 sit
455 1878 621 1964 accipiens,
652 1876 778 1942 verbum
798 1876 878 1942 filius
895 1897 981 1956 esse,
1014 1899 1072 1942 non
1099 1889 1131 1942 ut
1151 1888 1251 1942 uetera
1278 1899 1353 1964 qnae

195 1981 286 2045 adeo
301 1980 489 2067 pronuntiata
505 1990 591 2060 sunt,
621 1979 806 2066 intelligitur.
852 1979 936 2044 Haeo
958 1980 1084 2043 enimin
1102 2000 1141 2044 eo
1157 1979 1206 2066 qni
1225 1980 1355 2066 loquitur

195 2103 264 2147 esse
285 2083 356 2147 illud
379 2103 463 2146 snum
486 2081 613 2146 habent:
643 2083 714 2147 illud
734 2103 807 2147 vero
830 2082 860 2146 in
883 2103 920 2146 eo
935 2102 1002 2146 esse
1021 2103 1106 2146 snum
1122 2082 1248 2168 positum
1267 2083 1356 2147 habet

194 2185 271 2272 quod
287 2206 305 2249 a
320 2195 404 2271 patre
417 2183 534 2269 genitus
550 2185 602 2265 sit,
625 2193 656 2248 et
671 2185 766 2248 eidem
784 2185 930 2249 auscultet
944 2206 980 2249 ac
995 2183 1153 2249 ministret.
1199 2182 1286 2250 lianc
1300 2184 1356 2271 igi-

194 2297 244 2352 tur
265 2286 436 2374 hypostasin
459 2297 559 2372 patres
581 2287 774 2351 substantiam
797 2296 953 2352 vocarunt.

283 2387 473 2476 Quapropter
485 2388 576 2453 lilium
590 2389 665 2475 patri
678 2388 802 2453 similem
819 2389 851 2453 in
864 2388 999 2454 omnibns
1014 2386 1216 2474 intelligimus,
1240 2399 1271 2453 et
1284 2388 1354 2453 hae·
1365 2401 1426 2470 cap.
1438 2400 1510 2454 xltt.

197 2493 258 2558 resi
279 2493 339 2572 illi,
358 2512 446 2578 ⁴qnae
470 2492 615 2556 adversim
639 2491 796 2557 ecelesiam
821 2502 977 2579 superest
997 2491 1145 2570 excitata,
1176 2490 1354 2555 resistimus.

197 2592 285 2681 Quae
304 2594 423 2681 quidem
450 2594 583 2659 haeresis
597 2594 749 2660 voluntate
766 2606 797 2660 et
814 2597 931 2660 actione
952 2595 1017 2660 sola
1042 2592 1133 2679 patris
1157 2592 1249 2669 lilium
1276 2590 1358 2657 simi·

198 2696 254 2760 lem
273 2717 341 2761 esse
356 2697 544 2782 pronuntiat,
574 2698 705 2762 essentia
726 2718 798 2762 vero
816 2698 935 2763 eosdem
952 2699 1030 2761 inter
1047 2717 1081 2761 se
1097 2716 1166 2760 esse
1185 2694 1355 2760 dissimiles.
1467 2685 1469 2690 ’

199 2797 285 2862 Adeo
304 2809 336 2863 ut
360 2820 402 2864 ex
419 2800 581 2864 recentium
603 2799 706 2864 horum
723 2798 938 2865 haereticorum
959 2800 1079 2864 decreto
1103 2796 1157 2861 hlii
1171 2799 1310 2862 voluutas
1327 2807 1357 2862 et

199 2898 276 2964 actio
291 2901 435 2965 volontati
461 2902 500 2965 sit
524 2901 615 2988 patris
634 2899 803 2987 actionique
825 2903 947 2983 similis,
977 2902 1056 2966 lilius
1074 2911 1172 2965 maten
1188 2901 1251 2988 ipse
1268 2899 1359 2985 patris

200 3000 240 3066 sit
255 3001 416 3068 dissimilis.
461 3002 623 3089 Propterea
646 3025 720 3070 vero
740 3005 792 3068 lilii
807 3006 988 3070 voluntateri
1007 3015 1038 3069 et
1053 3003 1200 3067 sotionem
1218 3013 1359 3088 pateruae

198 3104 358 3170 voluntatis
375 3114 406 3168 et
423 3105 549 3171 actionis
565 3106 689 3171 similem
707 3109 910 3188 essevolunt,
941 3107 1034 3171 lilium
1054 3105 1149 3192 ipsum
1172 3106 1265 3192 patris
1291 3126 1359 3174 esse

198 3206 324 3272 similem
349 3219 475 3294 negant,
508 3211 584 3295 qnod
602 3210 693 3274 lilium
710 3221 828 3296 epatre
847 3209 967 3275 minime
989 3208 1138 3295 genitum,
1169 3208 1222 3273 sed
1242 3219 1359 3274 creatu·

198 3330 262 3374 ram
286 3308 430 3375 tuntuat
454 3331 522 3377 esse
546 3312 602 3377 sibi
620 3313 839 3399 persuaserint,
873 3323 962 3398 atque
985 3313 1013 3377 in
1038 3335 1075 3380 eo
1097 3335 1117 3380 a
1139 3312 1247 3380 creatis
1270 3312 1359 3376 rebus

200 3412 309 3476 distare
326 3412 435 3479 ceteris
452 3414 528 3500 quod
546 3426 576 3478 et
591 3417 791 3502 magnitudine
808 3415 981 3497 antecellit,
1005 3427 1036 3480 et
1047 3427 1117 3481 ante
1132 3414 1232 3481 omnia
1247 3411 1359 3492 extitit,

201 3522 231 3574 et
243 3513 346 3576 eodem
360 3516 441 3580 velut
456 3517 629 3581 administro
646 3519 824 3602 reliquorum
838 3518 875 3583 ad
890 3517 1110 3604 productionem
1125 3539 1197 3583 usus
1211 3527 1258 3581 est
1274 3516 1358 3579 deus.

202 3609 464 3698 Quandoquidem,
487 3619 569 3682 aiunt
586 3620 745 3700 haeretici,
778 3631 878 3685 estere
904 3621 975 3686 deus
998 3643 1052 3707 per
1070 3620 1162 3684 lilium
1182 3617 1360 3705 procreavit,

201 3713 357 3800 ipsummet
375 3737 448 3781 vero
467 3720 559 3784 lilium
582 3743 642 3785 non
667 3722 789 3786 alterius
810 3722 1000 3804 interventu,
1034 3722 1087 3788 sed
1102 3742 1156 3808 per
1173 3721 1363 3805 semetipsum

202 3815 350 3896 coadidit,
381 3820 581 3902 magnitudine
611 3833 642 3885 et
663 3822 774 3887 virtute
803 3825 912 3889 ceteris
934 3834 1144 3912 praestantem.
1190 3819 1268 3886 lline
1291 3841 1364 3886 eun·

203 3919 270 3983 dem
292 3919 476 4005 unigenitum
499 3922 590 3987 lilium
612 3922 779 4009 appellavit.

288 4139 355 4207 Nos
367 4153 482 4224 anum,
504 4147 553 4231 qni
573 4145 602 4209 in
619 4143 764 4210 eeclesiae
783 4144 945 4210 catholicae
962 4157 1044 4232 parte
1061 4166 1267 4229 numeramur,
1298 4169 1364 4215 cum
1376 4163 1519 4234 capnt.

205 4244 393 4332 eseripturis
409 4248 504 4312 saeris
522 4248 592 4313 lidoi
609 4247 823 4335 professionem
841 4248 1042 4331 hauserimus,
1065 4250 1110 4315 sic
1127 4249 1289 4317 habemuse
1314 4273 1366 4337 pa·

754 4455 767 4522 )
799 4460 862 4520 pates
883 4457 1023 4509 vocobulum
1046 4447 1108 4511 itta
1128 4469 1159 4509 ea
1172 4459 1287 4511 weobuto
1310 4451 1368 4511 ἄνι’·

722 4521 769 4593 τὴν
803 4541 889 4591 potos,
906 4521 1242 4583 enumerasset&
1259 4521 1288 4578 tl
1307 4517 1368 4578 tuto

206 4447 268 4501 dam
284 4466 345 4503 raro
364 4450 508 4505 dissimilem
525 4470 580 4506 csse
596 4451 673 4505 filium
720 4455 754 4506 tri

206 4519 358 4603 eunoun
379 4525 492 4586 opens
513 4528 568 4574 mne
590 4518 656 4578 κατὰ
676 4469 721 4578 el¹

206 4584 294 4640 ossius
307 4581 430 4656 ἀνόμοιαι.
457 4592 609 4644 Probobtttus
622 4593 769 4656 {stomen-
802 4588 918 4660 ἀνόμοιοι
934 4598 985 4645 cett

259 4667 348 4726 corpus
359 4668 496 4720 ιιιιιοιοοι.
510 4672 538 4719 lt
550 4676 572 4721 t.
1145 4684 1166 4743 7
