3096 5070
141 410 261 482 xm.

694 260 817 314 morl
835 262 1004 314 BPIPHANH

369 384 469 443 Ταῦτα
490 375 585 456 οὕτως
609 379 741 464 λέγοντες
763 377 800 445 οὗ
826 360 946 446 νοοδσιν
974 377 1058 455 όποις
1080 379 1196 454 έαυτοῖς
1217 381 1438 459 περιπίπτουσι.

277 483 340 546 Καί
361 480 417 567 γάρ
438 478 495 545 κάν
520 480 560 564 μή
577 484 609 547 έιι
633 486 756 565 Μαρίας
775 483 880 567 λέγωσι
899 481 932 548 τό
955 489 1058 564 σῶμα,
1086 478 1158 548 άλλά
1181 477 1341 563 όμοοόσιον
1361 480 1439 547 αότδ

175 584 200 653 ’,
275 590 317 673 τῷ
331 582 425 671 λόγῳ,
447 575 651 666 οὐδένῆττον,
674 583 748 668 ὅπερ
769 581 999 668 ιὑπεκρίνοντο,
1027 582 1066 666 μὴ
1085 582 1143 670 ἄρα
1164 580 1231 660 διός
1251 590 1440 667 φρονοῦντες

275 693 460 768 νομισθῶσι,
498 692 586 752 τοῦτο
609 684 685 752 ιιατά
709 684 764 769 την
788 684 886 752 αὐτῶν
913 686 1048 753 8όίνοιαυ
1071 684 1276 773 δειχδᾷσονται
1304 691 1442 774 λέγοντες

275 786 409 873 τετράδα.
451 785 504 881 ᾩς
517 789 573 873 γάρ
588 787 675 865 4υίδς
693 787 736 854 όν
752 786 815 854 κατ’
829 788 939 866 αότοδς
953 787 1112 872 όμοοάσιος
1125 796 1165 878 τῷ
1181 792 1270 876 πατρί
1286 790 1342 856 οὐκ
1357 793 1441 857 έστιυ

277 888 368 965 αιἰτδς
386 889 498 976 πατὴρ,
529 887 599 957 άλλά
623 890 691 968 υίδς
713 889 790 977 πρός
813 895 925 975 πατέρα
950 894 1061 977 λέγεται
1082 891 1257 975 δμοοόσιος,
1289 890 1384 969 οὕτως
1401 891 1439 959 τδ

277 990 438 1076 δμοοόσιον
451 1001 536 1077 σῶμα
553 1001 607 1060 τοῦ
624 993 713 1079 λόγου
732 992 787 1060 οόιι
803 997 881 1060 έστιν
897 992 990 1071 αάτδς
1005 992 1022 1059 ό
1038 994 1139 1081 λόγος,
1168 993 1226 1060 ἀλλ’
1243 996 1341 1077 ἕτερον
1357 993 1443 1078 πρός

276 1092 329 1161 τόν
354 1094 449 1189 λόγον.
492 1093 611 1180 Ἑτέρου
633 1097 665 1161 δέ
689 1094 816 1176 θόντος,
849 1100 954 1163 οέσται
976 1095 1037 1162 κατ’
1060 1096 1169 1175 αὐτοδς
1193 1095 1214 1180 ἡ
1235 1095 1332 1163 αὐτῶν
1350 1096 1442 1183 τριάς

206 1195 209 1201 ’
276 1196 387 1284 τετράς.
423 1186 479 1263 ἬΟό
496 1196 551 1285 γάρ
567 1196 587 1281 ἡ
602 1196 730 1281 άληθινη
744 1202 795 1265 καὶ
810 1198 906 1276 όυτοις
917 1205 1009 1265 τελεία
1022 1202 1073 1265 παλ
1088 1198 1252 1284 άδιαίρετος
1264 1197 1347 1285 τριάς
1359 1202 1442 1282 δέχε-

142 1325 194 1374 m.
205 1314 263 1362 1⁸⁸⁵.
277 1328 325 1366 ται
341 1300 529 1385 προςθηκην,
552 1298 611 1366 ἀλλ’
625 1299 646 1383 ἢ
659 1300 741 1387 παρά
754 1301 868 1369 τοότιαν
883 1304 1103 1385 έπινενυημένη.
1148 1304 1209 1367 Καί
1223 1308 1288 1377 παῖς
1304 1303 1345 1368 έτι
1363 1308 1440 1385 Χρι·

177 1457 180 1460 -
277 1406 389 1470 στιανολ
415 1405 538 1505 ίέτεργν
560 1401 642 1488 παρά
664 1401 718 1469 τόν
737 1402 809 1470 όντα
831 1403 905 1471 θεόν
921 1409 1124 1483 έπινοοῦντες;
1156 1403 1244 1470 πόλιν
1260 1403 1317 1490 γάρ
1333 1406 1385 1469 ιιαλ
1404 1407 1440 1471 έν

281 1507 393 1595 ’έτέρφ
408 1502 508 1571 αότοῖν
521 1510 680 1587 σοφίσματι
696 1505 776 1590 οτην
791 1507 969 1593 ἀφροσύνην
981 1511 1089 1586 ἔξεστιν
1104 1505 1186 1592 όρᾶν.
1231 1510 1274 1571 Εί
1290 1513 1326 1553 ¹⁰
1336 1508 1368 1572 δὲ
1385 1506 1439 1574 διαί

277 1605 311 1674 τό
327 1605 402 1673 εἶναι
427 1609 478 1674 ιιαλ
498 1611 635 1694 λέγεσθαι
652 1611 685 1674 έν
705 1619 770 1686 ταῖς
785 1619 915 1696 γραφαῖς
930 1613 964 1675 έιτ
981 1615 1103 1696 Μαρίας
1120 1608 1195 1675 είυαι
1212 1612 1263 1675 ιιαλ
1279 1607 1437 1694 άνθρόπι-

277 1735 330 1777 νον
345 1708 379 1776 τό
397 1717 480 1793 σῶμα
503 1718 558 1779 τοῦ
573 1718 706 1797 στατῆρας
727 1717 895 1796 νομίζουσιν
916 1711 982 1778 άυτί
999 1711 1120 1796 τριάδος
1143 1711 1267 1799 τετράδα
1285 1715 1437 1799 λέγεσθαι,

280 1811 322 1891 τίς
342 1811 519 1897 προςδήκης
546 1816 745 1899 ιιλεγομένης
767 1812 800 1880 τό
822 1822 923 1898 σαῑμα,
953 1813 1027 1881 πολδ
1053 1822 1234 1895 πλανῶνται,
1264 1813 1297 1882 τό
1320 1823 1438 1899 ποίημα

279 1920 496 1993 συνεξισοῦντες
517 1923 559 2003 τῷ
584 1923 710 2005 ποιητῇ,
741 1918 792 1982 καί
820 1915 1019 1994 όπονοοῦντες
1048 1917 1198 1983 δύνασθαι
1225 1916 1280 2001 τὴν
1305 1917 1437 2002 θεότητος

278 2017 458 2105 προςθήιιην
473 2016 647 2100 λαμβάνειν·
679 2020 729 2083 ιιαί
748 2016 899 2104 ἠγνόησαν
914 2020 961 2087 ὅτι
978 2019 1014 2086 οό
1030 2019 1081 2086 διά
1098 2020 1275 2105 προςθήιιην
1292 2020 1436 2104 θεότητος

279 2123 380 2207 γέγονε
401 2118 473 2245 σάρξ
490 2117 509 2186 ό
529 2119 631 2205 λόγος,
662 2118 721 2186 ἄλλ’
737 2124 787 2186 ’ίνα
808 2120 916 2208 ἧσδρξ
939 2119 1066 2213 άναστῇ,
1097 2120 1162 2189 οὐδ’
1177 2126 1228 2188 ἵνα
1252 2119 1434 2212 βτλτιυδῇό

279 2222 366 2309 λόγος
380 2231 534 2310 προηλθεν
553 2226 586 2289 έιτ
602 2229 743 2307 Μαρίας,
774 2222 833 2289 ἀλλ’
848 2229 900 2291 ἵνα
912 2224 946 2292 τό
969 2224 1208 2310 ηάνθροόπινον
1221 2227 1305 2310 γένος
1320 2220 1428 2308 λυτρό-

280 2347 375 2409 σηιαι.
420 2332 493 2402 Παῖς
507 2317 562 2392 οὖν
583 2322 693 2392 18οίόν
708 2351 738 2391 τε
751 2324 784 2392 τό
801 2326 851 2393 διά
865 2335 919 2393 τοῦ
931 2327 1021 2413 λόγου
1036 2328 1188 2410 λυτρωθίν
1200 2335 1282 2410 σῶμα
1293 2327 1342 2392 ταί
1355 2332 1425 2402 ξονο-

280 2429 408 2512 ποιηδδν
432 2429 609 2512 προςδήιιην
632 2431 673 2504 είς
696 2426 825 2512 θεότητα
855 2436 940 2519 14τῷ
971 2430 1188 2513 ζωοποιιζσαντι
1212 2429 1288 2516 λόγῳ
1314 2435 1425 2505 ποιεῖνς

280 2538 407 2598 Μᾶλλον
417 2529 474 2618 γάρ
492 2530 574 2620 αὐτῷ
593 2537 625 2578 ¹⁶
636 2516 818 2620 άνθρόπίνφ
832 2531 990 2618 προςθήιιη
1008 2533 1116 2619 μεγάλη
1133 2537 1245 2619 γέγονεν
1260 2533 1359 2612 διττῆς
1375 2534 1429 2594 τοῦ

278 2633 369 2720 λόγου
384 2634 459 2720 πρός
480 2631 555 2700 αὐτό
572 2638 728 2711 κοινωνίας
743 2660 774 2700 τε
792 2637 843 2700 καί
858 2634 998 2713 ένάσεως.
1047 2635 1166 2702 16’,ιιπό
1182 2640 1297 2718 θνητοῦ
1314 2634 1434 2719 γέγονεν

279 2735 451 2817 ἀθάνατον,
475 2739 526 2802 καὶ
544 2735 674 2818 ψυχικόν
687 2735 723 2803 δν
737 2739 837 2823 γέγονε
855 2736 1068 2822 πνευματικόν,
1090 2741 1141 2804 ιταί
1160 2741 1192 2804 έιι
1209 2743 1264 2822 γῆς
1277 2735 1435 2822 γενόμενον

280 2835 334 2914 τάς
348 2839 509 2923 οὐρανίους
522 2842 607 2922 διέβη
619 2837 721 2916 πάλας.
762 2837 802 2904 Ἡ
812 2843 911 2922 μέντοι
927 2841 1092 2925 τριάς,ἰ·’·παλ
1107 2838 1250 2922 λαβόντος
1266 2842 1300 2906 ίιι
1314 2840 1437 2924 Μαρίας

280 2947 366 3024 σῶμα
385 2948 440 3007 τοῦ
456 2942 560 3028 λόγου,
582 2940 666 3028 τριάς
682 2945 775 3021 έστιν,
799 2940 836 3008 οδ
854 2946 992 3027 δεχομένη
1010 2941 1203 3030 προςδηιτην,
1226 2942 1297 3009 οὐδὲ
1313 2938 1437 3026 άφαίρε·

282 3064 346 3123 σιν,
377 3041 449 3109 άλλδ
469 3045 516 3111 άεί
536 3050 628 3110 τελεία
650 3045 725 3122 έστλ,
754 3047 803 3111 ιιαλ
820 3049 853 3111 έν
867 3045 965 3128 τριάδι
983 3051 1035 3129 μία
1051 3045 1161 3127 θεότης
1176 3044 1362 3131 γινάσιιεται,
1385 3044 1438 3109 ιιαλ

282 3144 379 3223 οὕτως
400 3149 433 3214 έν
452 3155 490 3236 τῇ
505 3150 643 3236 διτιιλησίγ
659 3145 846 3234 ιιηρόττεται,
868 3145 912 3226 είς
925 3148 1000 3225 θεός
1021 3145 1038 3214 δ
1059 3156 1114 3214 τοῦ
1131 3147 1222 3235 λόγου
1244 3146 1351 3232 πατήρ.

869 3642 890 3705 δ’

143 3897 213 3967 129,
226 3894 269 3970 ιρι,
365 3867 418 3935 'En
439 3869 495 3935 ῑδί
512 3865 621 3935 τοότου
644 3866 829 3953 σιαπήσουσι
852 3868 958 3936 λοιπόν
973 3871 1024 3935 ιιαλ
1048 3873 1080 3936 οἵ
1094 3896 1166 3936 ποτε
1186 3868 1317 3945 τίπόντες
1333 3867 1386 3935 τόν
1403 3867 1440 3934 έιτ

281 3976 405 4057 Μαρίας
423 3971 612 4059 προελθόντα
626 3970 666 4056 μὴ
682 3969 758 4037 τίναι
771 3967 862 4038 αότόν
876 3971 930 4038 τόν
949 3970 1077 4060 Χριστόν
1090 3976 1141 4039 ταί
1157 3973 1263 4059 νόριον
1284 3972 1336 4037 ναί
1350 3968 1438 4037 θεόν.

316 4179 374 4249 (lp.
387 4180 433 4231 ΧΙ.
443 4209 476 4220 -
512 4184 534 4232 1.
550 4176 721 4247 δποκρίνονται
737 4183 764 4231 Β.
910 4175 1021 4241 δόντας
1031 4183 1099 4233 codd.
1108 4196 1163 4232 ποτε.
1177 4187 1271 4244 uterque
1284 4186 1305 4231 ιι
1317 4181 1441 4242 τδρτλοτ.

314 4245 338 4296 2.
349 4240 432 4314 ὥςπερ
444 4266 486 4315 φρ.
498 4250 648 4316 ναμιαδῶσι,
665 4249 739 4302 τοῦτο
752 4252 780 4299 Β.
798 4250 843 4302 Ρι-
876 4253 905 4301 Δί
915 4252 1041 4300 Carnarius
1052 4254 1101 4300 ιάιιι
1115 4254 1182 4300 verm
1196 4250 1257 4298 Cum
1272 4258 1355 4298 autem
1369 4246 1442 4298 uliud

280 4319 329 4365 ίσυ.
347 4317 452 4367 distinxit
468 4312 504 4377 τίς
521 4334 564 4386 φρ.
581 4335 602 4371 ν.
619 4317 710 4384 τοῦτο,
727 4313 801 4370 κατά.
876 4316 917 4377 nit,
935 4316 983 4366 erit
999 4317 1134 4368 secundum
1151 4317 1217 4384 ipsos
1234 4322 1284 4367 στίί.

313 4383 338 4435 3.
357 4381 450 4438 ίννοιαν
467 4388 495 4435 Β.
909 4385 934 4438 6.
952 4380 1007 4438 κατ’
1025 4380 1117 4446 αὐτοὺς
1132 4383 1204 4440 ἔσται
1219 4387 1247 4436 Β.

314 4447 339 4502 4.
359 4446 373 4504 δ
391 4449 529 4574 α’ίῇιιητδ
545 4451 604 4521 τοδς
620 4452 732 4523 πατέρας
749 4449 791 4520 δμ.
807 4443 841 4506 δν
911 4453 934 4507 7.
953 4453 976 4505 οἱ
992 4452 1074 4519 ἕτερον
1091 4457 1119 4504 Β.

279 4519 318 4589 τῷ
335 4522 363 4571 Β.
382 4522 401 4571 fl
909 4523 934 4575 ἃ
954 4523 991 4590 τῷ
1009 4520 1088 4589 ἑτέρῳ
1103 4526 1130 4572 Β.
