3096 5070
301 257 363 323 530
722 266 846 319 ιιιιυιι
863 266 1033 318 nmmum

299 393 444 472 κλαγγῆς,
465 391 520 468 τῆς
534 390 680 468 κνριακῆς
696 380 948 507 ίπιφωσκοόσιρς.
975 379 1164 467 ’Λγρνπνίαις
1179 381 1212 447 δέ
1226 382 1443 449 διατελοῦσι
1405 410 1461 460 τας

301 491 340 567 λξ.
386 487 483 553 Πάλιν
499 488 531 552 δέ
547 485 681 564 σονάξεις
696 483 910 551 ἐπιτελοῦσι
875 511 928 560 τας
936 452 1037 560 αὐτάς
1052 488 1102 562 ἓξ,
1132 486 1183 549 καὶ
1198 483 1270 566 ὅλην
1287 511 1342 567 την
1356 507 1458 551 τεσσα

300 588 446 677 ρακοστην
468 587 528 654 ἀπο
521 586 656 671 ἐνάτης
677 590 734 664 ἕως
757 588 890 671 έσπέρας.
925 584 982 650 Ἕν
996 608 1054 652 τισι
1077 584 1157 652 δέ’
1124 611 1229 663 τοποις
1245 586 1300 669 τήν
1317 587 1388 668 μετά
1403 587 1459 670 τὴν

299 694 438 776 πέμπτην
463 691 681 776 ἀγρυπνοῦσιν,
713 689 945 770 ίπιφοίσκονσαν
968 687 1058 765 εἰς
1026 715 1059 754 το
1081 687 1305 773 προσάββατον,
1335 688 1459 772 κοίτην

299 793 446 882 κυριακάην
459 793 561 876 μόνας.
581 790 637 858 Ἕν
654 814 711 859 τισι
729 793 762 857 δέ
775 790 879 868 τόποις
898 795 1036 875 ὕλοιτρεία
1053 794 1224 875 οἰκονομίας
1239 794 1271 857 ίν
1286 797 1321 880 τῇ
1337 793 1456 882 πέμπτη

299 902 408 984 γίνεται
425 896 489 985 οῦρμ
511 896 633 986 οένάτη.
678 896 739 959 Καὶ
757 892 853 970 οῦτως
868 890 992 958 ἀπολῦει
1007 893 1155 975 μενόντων
1175 896 1206 959 έν
1221 900 1258 983 τῇ
1279 890 1354 982 αῦτῇ
1371 898 1457 979 ξηρο-

298 1005 401 1088 φαγίρι.
443 997 493 1063 Ἐν
507 995 607 1074 ἀλλοις
625 998 657 1062 δέ
674 993 778 1072 τόποις
794 994 831 1060 οῦ
849 1000 955 1081 γίνεται
972 1001 1089 1081 λατρεία
1106 1003 1158 1078 τῆς
1174 999 1347 1078 οἰκονομίας
1363 994 1385 1078 ἢ
1403 996 1458 1079 μό·

299 1129 351 1170 νον
368 1102 598 1183 έπιφωσκοάσης
615 1107 668 1180 τῆς
683 1105 842 1183 κυριακῆς,
864 1097 912 1163 ότε
927 1095 1050 1163 άπολόει
1069 1101 1137 1183 περλ
1155 1097 1209 1181 τήν
1225 1104 1284 1163 τῶν
1300 1095 1457 1183 ἀλεκτρυό-

298 1231 359 1271 νων
373 1202 517 1289 ιιλαγγήν,
540 1205 572 1268 έν
588 1208 624 1290 τῇ
641 1197 828 1289 ἀναστασίμρο
846 1197 942 1288 ἡμέρᾳ
958 1203 1008 1265 καί
1023 1196 1192 1287 έιανηγόρει
1208 1201 1336 1286 μεγάλη,
1358 1198 1459 1289 ἡμέρᾳ

40 1321 44 1328 ’
165 1339 216 1387 οτι.
229 1326 288 1375 lm
301 1314 354 1373 τοῦ
381 1305 503 1388 Πάσχα,
534 1302 576 1380 οἷς
598 1304 814 1388 προςτέτακται.
864 1300 906 1367 Τά
930 1300 956 1368 δ’
977 1300 1049 1368 ἀλλα
1072 1303 1219 1388 μυστήρια
1239 1305 1308 1388 περὶ
1328 1310 1460 1388 λουτροῦ

300 1410 431 1476 καὶτῶν
452 1410 578 1473 ένδοθεν
595 1410 780 1489 μυστηρίων,
811 1401 852 1481 οίς
867 1406 924 1486 ἔχει
945 1402 966 1487 ἦ
986 1404 1153 1492 παράδοσις
1168 1410 1221 1473 τοῦ
1238 1431 1267 1471 τε
1286 1405 1461 1492 εὐαγγελίου

298 1513 351 1578 καί
372 1517 430 1576 τοῖν
452 1507 641 1588 ἀποστόλων,
663 1505 760 1583 οῦτως
781 1508 959 1573 ίπιτείεῖται.

161 1845 231 1915 1⁸2
238 1843 288 1915 ,βο
383 1813 452 1880 Ἐπλ
471 1816 504 1881 δέ
519 1822 577 1880 ταῑν
593 1814 838 1897 τελευτησάντων,
869 1810 933 1892 λε’
915 1812 1062 1897 ονόματος
1077 1812 1130 1890 τάς
1147 1814 1264 1898 μνήμας
1284 1821 1459 1896 ποιοῦνται,

296 1917 461 2004 προςευχάς
488 1924 675 1997 1τελοῦντες,
702 1920 752 1982 καί
777 1920 924 2001 λατρείας,
955 1918 1007 1981 καί
1031 1920 1209 1999 οἰκονομίας.
1259 1913 1404 1983 Ἑωθινοί
1428 1942 1461 1983 τε

296 2019 387 2105 ῦμνοι
403 2016 488 2086 ἐν’
450 2026 524 2108 αυτῇ
539 2025 576 2109 τῇ
595 2016 664 2107 άγίμ
682 2022 819 2107 ἐκκλησία
835 2022 980 2099 διηνεκεῖς
994 2023 1139 2104 γίνονται,
1162 2046 1214 2084 και
1203 2021 1388 2104 προςιυχαλ
1403 2021 1458 2084 δω-

296 2126 400 2202 θιναλ,
429 2126 561 2206 λυχνικοί
577 2148 608 2187 τε
628 2119 690 2204 άμα
708 2123 821 2204 ψαλμοί
840 2124 890 2186 καὶ
914 2127 1079 2206 προςεοχαί.
1127 2122 1210 2198 Τινὲς
1227 2122 1261 2186 δέ
1282 2147 1342 2187 των
1363 2147 1457 2205 μονα-

298 2223 407 2306 ἰόντων
425 2223 517 2308 αὐτῆς
530 2231 703 2290 κατοικοῦσι
718 2221 772 2299 τάς
786 2223 899 2300 πόλεις,
922 2224 997 2300 τινές
1012 2224 1044 2289 δέ
1059 2225 1110 2288 καλ
1127 2225 1158 2289 έν
1175 2228 1381 2310 μοναστηρίοις
1401 2250 1452 2288 κα-

239 2343 240 2346 ’
297 2329 451 2407 δέξονται,
479 2330 530 2393 καλ
550 2325 610 2393 ἀπό
634 2325 768 2409 μήκοθεν
791 2322 1003 2412 ἀναχωροῦσιν.
1038 2324 1143 2412 Ἠρεσε
1164 2327 1198 2391 δέ
1214 2348 1273 2391 τισι
1290 2327 1340 2392 καί
1356 2324 1451 2406 κόμας

297 2431 372 2513 έγειν
388 2436 509 2515 τριχῶν,
532 2430 628 2495 ένεκεν
645 2431 740 2511 δῆθεν
754 2433 916 2508 πολιτείας,
939 2426 989 2493 ἀπ’
1005 2431 1083 2493 ἰδίου
1100 2426 1188 2508 νοός,
1217 2428 1254 2493 οά
1270 2420 1321 2495 τοῦ
1333 2426 1445 2510 εῦαγγε-

296 2536 363 2597 λίου
381 2530 608 2616 προςτάξαντος,
631 2527 667 2596 οῦ
681 2538 741 2596 τῶν
758 2529 932 2597 ἀποστόλων
947 2532 1120 2612 δεξαμένων.
1162 2527 1196 2596 Ὁ
1209 2529 1267 2616 γάρ
1280 2529 1359 2615 ἀγιος
1376 2524 1447 2593 ἀπό·

297 2642 398 2711 στολος
418 2639 541 2708 Παῦλος
565 2629 702 2713 ἀπέκοψε
725 2639 814 2699 τοῦτο
837 2629 870 2697 τδ
893 2640 997 2715 σχῆμα.
1042 2635 1113 2697 Είολ
1133 2633 1165 2697 δέ
1180 2640 1323 2698 πολιτεῖαι
1341 2629 1451 2695 ’ἀλλαι

297 2737 439 2821 ἰξαίρετοι
463 2737 495 2801 έν
513 2741 549 2824 τῇ
568 2733 643 2823 αὐτῇ
658 2741 807 2824 καθολικῇ
833 2736 970 2823 ἐκκλησία
993 2735 1223 2818 φυλαττόμεναι,
1253 2736 1333 2816 φημί
1350 2734 1384 2798 δέ
1400 2737 1455 2799 τοῦ

297 2837 459 2921 ἀπέχεσθαι
472 2843 568 2923 κρεῶν
583 2835 712 2915 πάντων,
733 2836 921 2920 τετραπόδων
935 2862 966 2902 τε
982 2839 1032 2902 καὶ
1047 2836 1160 2923 ἀρνίων
1175 2838 1225 2902 καλ
1240 2834 1365 2918 ἰχθύων,
1389 2833 1457 2901 ιῦοῦ

294 2965 326 3005 τι
340 2942 392 3005 καλ
414 2946 521 3024 τυροῦ,
551 2940 603 3004 καλ
627 2941 722 3023 έτεραι
742 2938 884 3023 διάφοροι
907 2947 1064 3018 πολιτεῖαι,
1096 2939 1141 3006 ότι
1161 2941 1282 3013 ἕκαστος
1303 2934 1379 3001 κατά
1399 2935 1455 3003 τόν

296 3044 376 3107 ἴδιον
390 3039 524 3124 κάματον
537 3039 649 3122 μισθόν
662 3041 797 3123 λήψεται.
842 3042 903 3105 aaz
916 3045 948 3106 οί
959 3043 1011 3123 μέν
1026 3040 1183 3125 ἀπέχονται
1195 3038 1313 3108 πόντων
1326 3035 1453 3119 τοῦτων,

296 3145 328 3209 οί
342 3143 375 3208 δέ
390 3141 578 3228 τετραπόδων
596 3141 710 3226 μόνων,
740 3141 923 3226 λαμβάνουσι
945 3145 977 3209 δέ
998 3140 1124 3230 όρνέων,
1154 3145 1207 3210 καί
1228 3139 1265 3208 τά
1290 3143 1449 3225 μετέπειτα

285 3243 406 3331 Ἕτερον
429 3245 533 3310 δὲκαὶ
556 3241 667 3328 ὀρνέων
691 3240 867 3329 ἀπέχονται,
898 3245 1083 3329 λαμβάνουσι
1106 3247 1139 3312 δί
1168 3243 1236 3313 ἀοῦν
1257 3247 1307 3311 καί
1328 3241 1449 3327 ἰγδάυν.

285 3345 404 3433 Ἕτερον
421 3348 454 3412 δέ
474 3345 544 3413 οῦδέ
562 3344 631 3413 ω’ῶν
646 3346 856 3433 λαμβάνουσιν.
889 3345 990 3415 Ἀλλοι
1005 3350 1038 3414 δέ
1055 3351 1169 3432 ἰχθύων
1188 3346 1328 3431 3μόνων,
1359 3347 1450 3430 έτιροι

297 3449 350 3514 *δέ
366 3451 416 3514 καλ
432 3449 547 3530 ἰχθύων
561 3447 730 3532 ἀπέχονται,
743 3456 834 3536 τυροῦ
848 3450 881 3515 δέ
892 3448 1108 3534 λαμβάνουσιν·
1121 3452 1213 3536 ἕτεροι
1227 3450 1260 3515 δέ
1275 3448 1346 3516 οάδέ
1359 3451 1452 3532 τυροῦ
1509 3449 1513 3457 “

293 3550 504 3634 λαμβάνουσιν.
524 3549 603 3632 Ἤδη
620 3553 653 3617 δὲ
663 3553 714 3616 καί
730 3549 811 3617 άλλοι
825 3549 917 3637 ἀρτοο
932 3553 1098 3637 ἀπέχονται.
1115 3552 1235 3638 Ἕτεροι
1248 3552 1281 3617 δέ
1294 3553 1345 3617 καλ
1363 3546 1451 3633 ἀκρο·

295 3651 396 3739 δράων
420 3655 472 3718 καλ
493 3651 663 3736 ἑψημάτων.
710 3656 820 3719 Πολλοί
842 3655 946 3720 δὲκαὶ
972 3661 1175 3738 χαμευνοῦσιν.
1211 3651 1313 3735 Ἄλλοι
1333 3652 1366 3717 δὲ
1382 3647 1454 3718 οῦδὲ

294 3751 518 3821 ῦποδίννυντακ
554 3754 654 3822 ’Ἁλλοι
670 3757 702 3822 δέ
725 3755 837 3823 σάκκον
850 3764 979 3842 φοροῦσι
993 3758 1211 3844 κεκρυμμένον,
1239 3759 1271 3821 ολ
1284 3760 1381 3828 καλῶς
1395 3779 1454 3833 φο·

295 3863 418 3943 ροῦντες
428 3854 464 3923 δι’
476 3855 583 3944 ἀρετάν
596 3861 646 3925 καί
660 3857 829 3942 μετάνοιαν·
845 3856 976 3946 ἀπρεπές
989 3858 1043 3945 γάρ
1057 3863 1135 3926 ἐστιν
1146 3861 1178 3925 έν
1190 3866 1341 3943 προφανεῖ
1351 3853 1455 3945 σάκκῳ

294 3960 445 4042 προϊέναι,
467 3958 511 4036 δίς
525 3986 601 4038 τινες
621 3961 700 4028 οῦτω
717 3960 911 4047 πράττουσιν,
934 3959 1062 4047 ἀπρεπὲς
1077 3963 1119 4045 δί,
1141 3959 1183 4038 τίς
1201 3963 1329 4043 ἔφημεν,
1351 3959 1403 4024 καί
1420 3955 1455 4025 τό

294 4068 408 4138 κλοιοῖς
430 4065 579 4150 προϊέναι,
611 4062 652 4140 άίς
674 4087 748 4130 τισιν
763 4066 872 4143 ἔδοξεν.
919 4067 959 4129 Οί
972 4069 1088 4142 πλείους
1106 4064 1137 4130 δί
1152 4068 1309 4148 βαλανείου
1328 4057 1457 4144 ἀπέχον-

294 4188 354 4229 ται·
384 4169 436 4230 καί
459 4191 535 4242 τινες
558 4164 738 4244 ἀντετάξαντο
765 4173 807 4256 τῷ
828 4171 900 4256 βίω,
931 4169 1034 4250 τέχνας
1054 4165 1162 4244 λεπτάς
1183 4164 1272 4233 καλ’
1255 4161 1458 4250 απράγμονας

328 4302 353 4353 5.
373 4305 400 4352 V.
418 4305 511 4355 Petam]
525 4311 611 4357 αιιιιοιι
925 4305 950 4357 2
968 4309 1034 4357 Libri
1050 4309 1121 4369 υυλςο
1138 4299 1215 4360 ἄλλοι.

327 4367 351 4420 6
369 4367 461 4437 ίιάτης
477 4374 544 4424 coda
562 4388 618 4426 ιιιιτ.
636 4379 658 4427 τι
677 4376 732 4426 odit.
746 4376 823 4436 μιλιια.
924 4370 1084 4425 3.’Υιιοσ
1051 4391 1143 4441 μ.οιοιν
1163 4373 1233 4440 έτιρο
1234 4369 1341 4427 ιδλκαί
1355 4366 1455 4439 ἰχδῦιον

329 4435 388 4488 (λιι.
396 4438 528 4490 xxfl-
556 4443 576 4493 ί.
593 4441 720 4503 ποιοῦντες
734 4443 785 4492 σοιλ
795 4442 855 4493 mu·
889 4393 1073 4493 δισίδετοτιίιαμ·
1064 4459 1089 4493 ιιι
1105 4445 1161 4494 edi&
1177 4445 1258 4494 Ρτίαυ.
1274 4442 1353 4492 θοίνα.
1363 4445 1435 4502 τιμαί

295 4505 344 4568 ⁶⁸¹0·
922 4509 946 4560 4
963 4507 994 4564 δλ
1009 4525 1086 4562 ονιιτι.
1104 4526 1130 4562 ιιι
1147 4513 1198 4563 ωδ
1216 4510 1314 4571 Media
