3096 5070
323 309 461 362 raanan
478 310 543 364 ura.
558 311 602 362 nr.
614 311 699 363 ron.
713 313 743 362 n.
762 311 877 362 aneos.
894 311 959 362 ran.
976 309 1119 363 carnot.
1237 298 1297 361 aaa

143 428 346 494 tractationem
366 451 401 492 ac
419 430 710 514 comprehensionem
729 429 929 515 imperfectam
948 450 1071 494 necessa
1089 428 1145 492 erit
1161 429 1298 513 relinqui.

144 527 290 617 Scriptum
316 541 362 594 est
386 533 482 610 enim,
515 536 752 595 Adolescentnloe
775 555 895 614 quorum
919 555 974 595 non
995 543 1040 592 ert
1062 553 1204 594 nuorerus.
1253 530 1299 593 Ad

141 653 213 719 qnos
235 654 321 697 sacra
339 633 388 698 illa
414 635 561 720 pertinent
586 655 660 718 quac
681 636 710 697 in
730 636 835 720 oppido
854 633 904 698 Sai
923 645 953 697 ct
968 631 1099 712 Pelusii,
1131 631 1253 698 Bubasti
1270 644 1301 696 ct

141 735 239 821 Abydi
255 748 416 820 gerantur,
442 758 496 799 nec
514 757 571 799 non
589 748 619 799 et
638 736 760 799 Antinoi
781 736 920 814 delubra,
952 757 1017 799 com
1034 737 1200 821 mysteriis,
1225 757 1299 820 quac

140 838 200 902 illic
217 838 374 901 obeuntur.
421 836 493 901 ltem
511 850 541 902 et
558 860 632 923 qnae
651 836 808 916 Pharbeti,
833 849 884 901 ant
901 838 1006 922 quibus
1025 839 1157 903 hircosa
1176 837 1301 903 Mende·

140 941 194 1005 siis
216 940 338 1016 colitur,
372 950 402 1002 ct
425 961 500 1024 qnae
532 941 562 1005 in
590 939 758 1005 aniritana
783 943 987 1026 praefectura,
1022 938 1229 1020 Sebennitica,
1264 962 1299 1004 ac

142 1039 345 1133 Diospolitaoa
372 1042 571 1107 celebrantur.
618 1040 678 1107 Sed
704 1054 732 1105 ct
750 1043 855 1107 alicubi
874 1043 903 1105 in
923 1043 1063 1107 bonorem
1088 1042 1179 1122 Seth,
1213 1063 1298 1128 quem

142 1142 357 1230 Typhoneum,
382 1155 495 1229 putant,
520 1146 604 1209 asino
625 1145 698 1208 ritus
714 1166 749 1208 ac
765 1146 948 1209 oerdmonias
965 1157 1120 1229 peragunt.
1166 1146 1227 1209 atii
1245 1143 1300 1209 Ti-

142 1245 324 1325 tbramboni,
355 1267 441 1331 quam
466 1247 697 1333 interpretantur
712 1246 866 1328 Hecaten,
899 1247 946 1310 alii
966 1245 1105 1334 Neptby,
1138 1245 1300 1311 aliiner-

141 1349 231 1429 muti,
266 1349 314 1412 alii
341 1346 410 1413 lsidi
437 1349 600 1414 initiantur.
656 1347 828 1413 Cuiusmodi
854 1350 966 1413 inlicita
997 1350 1053 1414 alia
1077 1351 1134 1414 dici
1164 1361 1298 1434 possunt,

141 1471 215 1535 quac
229 1450 380 1536 speciatim
396 1463 426 1516 ut
441 1455 655 1516 recenseantur
668 1453 808 1538 temporis
823 1452 976 1536 plurimum
991 1452 1170 1516 desiderent.
1217 1448 1300 1535 Quo·

141 1553 219 1617 circa
242 1555 406 1618 summatim
435 1555 480 1618 his
510 1555 610 1619 verbis
639 1556 771 1618 concludi
798 1565 894 1640 potest
916 1554 1029 1618 oratios
1064 1558 1301 1617 Adulescentulus
1318 1566 1451 1622 omnam.

140 1677 260 1738 quorum
281 1679 338 1719 ooo
352 1669 552 1719 estoumerns.
600 1654 677 1721 Sunt
698 1656 776 1719 enim
796 1657 853 1720 alia
873 1678 962 1742 porro
986 1657 1128 1742 mysteria
1149 1656 1299 1741 quamplu-

140 1758 233 1837 rima,
258 1770 288 1822 et
304 1769 449 1823 sectarum
470 1781 504 1822 ac
519 1759 708 1822 schismatum
723 1758 893 1837 architecti,
918 1759 1000 1823 velot
1015 1759 1090 1845 apud
1108 1757 1217 1823 Persas
1233 1757 1299 1822 Ma-

140 1861 262 1946 gnsaci,
294 1862 369 1947 apud
388 1860 555 1945 Aegyptios
580 1861 755 1947 prophetae,
789 1862 942 1945 adytorum
961 1871 992 1924 et
1010 1882 1161 1925 sacrorum
1185 1862 1300 1926 antisti-

141 1974 199 2026 tes.
248 1960 318 2026 ltem
343 1968 417 2048 apud
442 1959 623 2048 Bnbylonios
648 1961 696 2046 qui
723 1960 873 2026 Gazareni
902 1974 1063 2041 vocantur,
1097 1965 1247 2049 sapientes
1271 1975 1301 2028 et

140 2064 352 2129 incantatores.
399 2062 514 2149 Quibus
539 2076 569 2128 ct
588 2063 725 2129 ludorum
747 2063 843 2129 Evilei
866 2086 901 2128 ac
921 2062 1120 2129 Brachmanes
1144 2068 1298 2143 accedunt,

140 2177 171 2231 ct
187 2165 369 2231 Graecorum
385 2166 595 2253 hierophantae
613 2180 643 2232 et
659 2168 779 2232 aeditui.
824 2167 891 2231 Nec
912 2189 970 2231 non
988 2168 1110 2258 cynicac
1127 2180 1245 2247 sectae,
1269 2178 1299 2233 ct

140 2269 263 2334 aliarum
287 2272 496 2355 propemodum
519 2269 697 2334 infinitarum
721 2281 859 2334 auctores
882 2270 1058 2356 philosophi.

224 2372 310 2457 Apud
329 2369 439 2435 Persas
458 2372 548 2456 igitur
563 2369 737 2457 Magnsaci,
762 2385 792 2436 ut
806 2374 888 2453 dixi,
923 2395 988 2436 com
1004 2372 1082 2436 idola
1099 2373 1294 2452 detestentur,
1310 2384 1370 2453 Gap.
1381 2385 1452 2436 xttt.

139 2474 241 2539 cadem
266 2486 363 2539 tamen
386 2474 433 2537 iila
458 2484 657 2554 reiterantur,
689 2476 786 2560 ignem
810 2475 967 2553 uidelicet,
1004 2475 1101 2539 lunam
1129 2497 1164 2538 ac
1191 2476 1295 2539 solem.

139 2575 201 2641 Alii
224 2587 376 2663 praeterea
401 2588 470 2640 suot
498 2577 546 2661 qui
573 2579 603 2641 in
630 2575 758 2642 Graecia
782 2575 864 2664 Mysi
895 2589 926 2640 ct
950 2577 1019 2641 abit
1048 2588 1212 2657 vocantur,
1248 2578 1296 2662 qni

138 2679 247 2764 equino
262 2681 337 2742 lactc
355 2680 507 2759 victitant,
542 2691 571 2743 ct
591 2692 738 2766 agrestem
761 2691 848 2765 atquc
875 2680 1013 2744 incultam
1036 2681 1123 2765 plane
1145 2680 1297 2766 regionem

138 2780 281 2845 habitant.
328 2778 423 2863 Quam
447 2783 536 2847 multa
561 2784 597 2845 ab
615 2783 748 2847 humanis
764 2783 892 2866 ingeniis
910 2783 1007 2866 colligi
1030 2793 1173 2867 possunt,
1205 2785 1241 2846 de
1260 2783 1297 2846 iis

139 2883 187 2967 qui
207 2883 279 2946 tanti
297 2904 332 2947 ac
348 2895 406 2947 tam
426 2886 609 2949 excellentes
634 2885 796 2965 babentnr,
828 2897 858 2949 et
873 2907 929 2971 qna
946 2886 982 2949 ad
1000 2885 1187 2951 laudabilium
1202 2888 1298 2947 odole-

137 2989 328 3062 scentulorum
343 3007 436 3072 genus
454 2987 581 3051 adscribi
599 2988 725 3067 debant,
758 3011 877 3070 quornm
896 3012 951 3051 noo
968 3000 1014 3050 cst
1027 3010 1171 3051 nummus.
1218 2986 1296 3052 Nam

139 3088 214 3151 aliae
235 3091 482 3154 commendandae
509 3103 595 3170 sunt,
628 3092 705 3155 aliae
726 3091 941 3177 vituperatione
965 3091 1083 3176 dignae.
1128 3089 1207 3155 Nam
1224 3114 1297 3154 non·

138 3190 210 3254 nulli
226 3191 413 3275 reperiantur
426 3193 474 3277 qui
491 3215 529 3257 ex
544 3195 659 3281 privato
675 3195 795 3279 ingenio
807 3214 943 3259 severam
958 3194 1101 3277 quandam
1117 3194 1195 3260 ritae
1210 3193 1296 3258 disci·

139 3293 246 3379 plicam
265 3314 300 3357 ac
320 3294 414 3378 legem
442 3295 631 3383 sibimetipsis
654 3296 866 3375 condiderunt,
900 3317 934 3359 ac
959 3295 1120 3381 prolixiore
1144 3318 1228 3361 coma
1247 3319 1309 3382 pa-¹

138 3395 195 3458 lam
216 3405 245 3458 et
260 3395 290 3457 in
310 3398 438 3459 omnium
461 3398 553 3461 oculis
576 3401 748 3483 procedunt.
795 3399 854 3463 Atii
872 3420 945 3462 uero
965 3399 1058 3462 sancti
1081 3400 1189 3463 lratres
1206 3400 1236 3463 in
1255 3401 1296 3462 ci-

138 3495 206 3560 licio
222 3496 365 3560 etcinare
386 3498 463 3561 domi
489 3519 555 3562 sese
573 3502 743 3580 continent,
771 3481 826 3565 ⁴alii
850 3502 974 3585 deniqne
996 3503 1159 3587 asperrimo
1178 3502 1296 3565 vivendi

137 3597 272 3662 instituto
299 3620 334 3662 ac
351 3599 514 3664 durissimis
540 3601 658 3666 ieiuniis
684 3613 714 3665 et
733 3603 881 3667 laboribus
901 3604 946 3667 dei
966 3621 1070 3670 caussa
1089 3605 1234 3690 susceptis
1250 3604 1296 3667 iu·

137 3701 227 3766 reniti
242 3702 365 3786 quodam
382 3702 551 3766 tortitudine
566 3713 597 3766 ct
610 3706 742 3788 perfecta
763 3725 835 3790 ergo
850 3727 989 3792 sponsum
1004 3706 1187 3770 conscientia
1203 3707 1297 3770 onini-

137 3801 193 3868 bos
213 3802 343 3867 numeris
360 3804 523 3868 absolutam
543 3805 633 3868 vitam
652 3807 832 3891 exprimunt.
879 3808 939 3871 atti
958 3809 1089 3888 domum,
1114 3810 1190 3893 qnod
1210 3809 1296 3895 paulo

138 3905 306 3987 antedixi,
340 3929 398 3970 non
418 3908 552 3987 sincere,
585 3909 637 3971 sed
661 3907 857 3973 obstinatione
875 3910 998 3994 quadam
1016 3910 1121 3990 animi,
1153 3912 1295 3996 velutty·

136 4075 263 4179 repereram
291 4070 316 4110 et
340 4078 470 4128 magorum
497 4060 572 4150 duces
593 4066 703 4114 convenit
769 4061 1087 4180 ²3V⁰i3m⁰im⁰yi¹²iffii
1100 4076 1296 4182 rerlpaontbrpr-

159 4144 394 4266 wito-yma.
415 4191 547 4263 ‘nocam
569 4202 700 4251 cosm
734 4148 786 4249 tt.
799 4147 945 4264 ¹3¹...122‘tt
968 4137 1296 4264 nt'mtt‘lhlljt

136 4269 170 4314 cst
186 4268 285 4317 Petunti.
319 4269 365 4317 Nec
381 4281 409 4316 eo
426 4272 459 4317 est
475 4270 642 4330 improbabilis.
732 4273 754 4318 ct
771 4266 797 4320 6.
831 4268 984 4318 Smtbcodum
1000 4263 1195 4338 tmtmse'dpton
1217 4269 1295 4335 γάλα-

173 4329 212 4382 14.
240 4335 419 4385 Resotbmdum
442 4339 547 4397 snmtcor
570 4332 698 4404 νεωκόροι,
733 4333 909 4389 uncelenus
925 4337 987 4399 sch,
1006 4337 1230 4388 adscceroendoso
1243 4340 1295 4402 ltp-

138 4396 183 4450 καὶ
197 4398 321 4454 Κυνικῶν.
357 4405 486 4452 Cmoortns
499 4407 608 4454 monertit
622 4405 698 4455 Bare-
733 4407 765 4455 sis
783 4407 857 4454 Abies

140 4482 189 4516 ma.
234 4468 307 4535 Apud
334 4469 443 4520 Graecos
468 4470 646 4538 hierophantae
674 4483 699 4524 ct
766 4471 790 4525 3.
809 4470 854 4525 καὶ
868 4477 946 4525 omns.
959 4473 985 4524 io
998 4473 1052 4525 edtt.
1068 4475 1149 4525 Peleu.
1165 4476 1244 4527 colon
1257 4489 1294 4527 rt·

137 4533 297 4586 sacerdotum
313 4536 461 4606 Cynicorum
479 4539 613 4591 molutudo
629 4547 679 4593 cett.
730 4547 778 4605 pat.

173 4602 232 4658 Can.
246 4606 319 4657 xm.
336 4635 365 4645 -
403 4607 425 4659 l.
441 4608 554 4672 Suspicor
569 4605 607 4662 ab.
765 4607 790 4661 l.
808 4613 916 4663 roncas
930 4607 1071 4679 ncmtdrnrl
1086 4627 1115 4665 rr
1130 4610 1165 4680 τῇ
1181 4612 1236 4665 κτλ.
