3096 5070
403 276 541 330 esuauu
557 274 620 329 ιιι.
633 274 677 328 ιιι.
694 275 808 329 auur.
826 274 925 329 naeu.
944 274 1064 327 cxxvi.
1252 262 1314 329 273

96 482 100 492 ι
158 418 272 463 emnem
289 419 326 463 ac
341 396 484 462 rationem
506 394 736 481 corruptibilium
754 395 928 482 praesertim
947 394 1094 458 hominum
1113 406 1250 481 superat,
1283 407 1315 460 ut

157 501 206 566 vel
226 500 336 566 invitus
358 502 422 587 ipse
445 498 600 579 confitetur
622 498 746 579 Attius,
771 498 913 562 stultitiae
935 518 994 560 non
1017 496 1197 561 adscribunt.

240 705 321 770 Accii
340 702 438 790 Caput
451 701 544 768 xlx.
592 700 626 769 Si
643 703 766 788 ingeniti
789 725 851 767 vex
875 703 1068 787 privationem
1087 703 1116 765 in
1133 702 1188 765 dec
1205 702 1314 786 signill-

155 820 221 889 cat,
247 808 374 893 nihilque
393 808 479 894 plane
496 807 536 871 sit
550 805 730 890 ingenitum,
762 827 904 890 quaenam
924 805 1000 869 ratic
1021 804 1057 868 ab
1077 825 1130 883 eo,
1162 804 1238 890 quod
1256 826 1316 868 uun

155 923 218 991 est,
249 911 319 974 nihil
344 910 437 996 pessit
463 911 602 974 aulerre'l
632 906 700 975 'Sin
726 909 861 974 existens
884 907 1028 992 quicpiem
1051 918 1153 986 sonat,
1187 907 1252 992 quis
1280 906 1316 969 ab

155 1035 212 1094 ee,
236 1013 313 1098 qued
337 1023 384 1077 est
404 1012 527 1098 idipsum
551 1013 627 1097 quod
651 1025 715 1091 est,
751 1012 805 1077 hoc
833 1022 879 1075 est
901 1011 994 1095 ipsum
1017 1033 1034 1074 a
1057 1009 1235 1095 semetipse,
1269 1029 1317 1073 ue·

156 1118 297 1182 ceruatt‘

242 1215 365 1283 Conlut.
391 1213 482 1279 xlx.
529 1213 555 1278 l.
581 1211 666 1297 Quae
689 1216 834 1301 privantia
860 1215 1021 1280 dialecticis
1048 1217 1253 1292 nominantur,
1286 1215 1317 1277 iu

158 1321 284 1385 medium
299 1319 384 1384 neiis
403 1319 492 1382 affert
510 1317 636 1396 ditius,
667 1329 698 1380 et
715 1320 750 1381 ad
768 1319 813 1383 dei
830 1318 984 1382 scientiam
999 1328 1087 1402 atque
1105 1317 1317 1401 intelligentiae

160 1425 283 1486 fructum
310 1423 435 1507 aliquem
467 1421 629 1484 transferre
656 1432 790 1485 cenatur.
846 1417 905 1485 Sed
931 1420 1001 1484 illud
1027 1421 1160 1506 inprimis
1187 1419 1315 1504 ignerat,

160 1524 264 1608 quibus
289 1526 377 1588 rebus
406 1523 607 1609 significandis
636 1523 810 1608 privationis
832 1523 1007 1587 vccabulum
1031 1522 1244 1608 aphiluscphis
1263 1522 1318 1585 im·

158 1626 285 1713 pesitum
310 1627 359 1690 sit.
404 1624 512 1711 Neque
534 1624 613 1688 enim
637 1624 801 1710 privatione
826 1626 930 1689 allecta
955 1626 1120 1712 promiscue
1140 1624 1196 1689 dici
1220 1625 1318 1690 emnia

160 1728 377 1792 dialecticorum
398 1728 519 1812 regulae
539 1726 706 1813 patiuntur,
740 1728 792 1791 sed
810 1748 844 1792 ea
863 1728 956 1791 sulum
981 1748 1056 1812 quae
1072 1738 1177 1792 natura
1194 1749 1247 1792 sua
1265 1726 1317 1791 ali·

159 1851 217 1916 qua
233 1850 267 1894 re
288 1830 418 1916 praedita
444 1841 525 1893 suut.
571 1829 654 1894 llaec
673 1831 832 1895 enimcum
854 1841 976 1893 naturae
1000 1852 1070 1895 suae
1088 1831 1269 1895 centrarium
1287 1829 1316 1893 in

160 1943 267 1996 sutum
285 1933 440 2017 aliquande
456 1932 643 2017 redigantur,
668 1945 728 1998 tnm
749 1934 863 1997 demum
884 1933 994 2018 privari
1017 1933 1169 2014 dicuutur3
1194 1953 1316 2017 querum

160 2056 233 2099 vere
247 2034 390 2098 naturalis
406 2033 455 2097 illa
471 2036 599 2098 conditio
615 2037 720 2100 mutari
739 2058 797 2099 non
814 2046 930 2121 petest,
955 2037 990 2099 ed
1007 2056 1043 2098 aa
1058 2058 1119 2099 vex
1134 2036 1191 2098 ista
1210 2055 1319 2119 nequa·

161 2160 248 2222 quam
264 2136 414 2201 convenit.
461 2134 505 2201 lta
525 2137 647 2223 lapidem
666 2159 753 2202 nemu
768 2160 887 2202 caecum
906 2136 1109 2222 appellaverit.
1156 2135 1222 2200 llus
1240 2136 1317 2200 enim

159 2240 334 2305 vccabulum
360 2239 387 2302 ei
406 2238 461 2303 soli
489 2239 626 2304 tribuitur
648 2241 697 2326 qui
716 2262 801 2325 quem
822 2262 839 2304 a
861 2251 965 2303 natura
988 2240 1110 2303 sortitus
1133 2250 1179 2303 est
1200 2237 1319 2303 videndi

160 2365 280 2408 sensum
311 2341 462 2421 amiserit,
498 2343 539 2406 uti
573 2343 729 2422 volucres,
765 2343 918 2421 hemines,
954 2343 1097 2425 pecudes,
1133 2361 1209 2425 quae
1238 2341 1317 2419 visu,

159 2468 245 2532 quem
270 2445 379 2511 habeut
396 2467 413 2508 a
432 2455 554 2524 uatum,
587 2445 708 2528 spoliata
734 2444 878 2530 privativa
906 2465 980 2508 voce
1007 2465 1096 2508 caeca
1118 2442 1317 2507 nominantur.

161 2546 215 2613 Sic
238 2560 268 2612 et
289 2547 479 2626 iracundiae,
511 2546 558 2610 vel
582 2547 726 2626 malitiae,
758 2547 806 2610 vel
829 2546 957 2611 invidiae
982 2546 1105 2633 lapidem
1132 2566 1218 2608 nemu
1241 2544 1320 2608 dicat

160 2661 332 2736 expertem,
368 2647 505 2734 queniam
529 2651 564 2713 ad
593 2650 664 2713 haec
692 2660 796 2714 natura
818 2651 936 2713 minime
959 2659 1144 2736 comparatus
1167 2657 1224 2712 est.
1270 2645 1319 2710 Ad

162 2750 309 2817 homiuem
326 2773 418 2832 vere,
449 2754 514 2816 sive
535 2753 693 2838 pecudem,
725 2773 800 2837 quae
817 2753 987 2817 iracundiae
1004 2753 1121 2839 capacia
1137 2758 1236 2830 suut,
1254 2769 1320 2813 cum

163 2872 198 2916 ca
215 2854 374 2934 carebunt,
408 2854 555 2940 privantia
574 2855 624 2919 illa
649 2855 767 2920 uomina
791 2857 946 2920 transferri
970 2865 1127 2941 poterunt,
1161 2855 1318 2918 adcelera

163 2975 222 3019 neu
245 2955 327 3022 item.

249 3055 291 3121 ll.
336 3056 450 3123 Eadem
475 3061 726 3125 modoetiudeo
750 3062 826 3125 istud
845 3061 1046 3146 accipiendum
1067 3071 1123 3124 est.
1169 3060 1269 3147 Atque
1288 3072 1321 3125 ut

164 3159 199 3223 ad
218 3159 337 3226 ditium
356 3176 456 3227 nestra
476 3173 667 3228 convertatur
688 3164 801 3242 oratic,
833 3163 902 3227 libet
919 3162 996 3226 huuc
1011 3164 1040 3225 iu
1059 3163 1176 3226 modum
1192 3164 1320 3228 iuterro-

163 3282 247 3345 gere.
292 3261 350 3326 llic
367 3267 474 3344 sodes,
507 3267 595 3345 Aeci,
619 3263 793 3332 Utrnmuam
811 3265 890 3329 illum
907 3287 972 3328 cuna
991 3266 1098 3329 ceteris
1118 3265 1253 3330 omnibus
1271 3265 1319 3350 qui

164 3365 266 3428 eadem
283 3386 300 3430 e
318 3366 480 3432 substantia
497 3390 555 3432 nou
574 3380 642 3432 suut
660 3369 824 3455 comparari
841 3378 926 3454 putas
944 3388 1050 3453 pesse,
1075 3389 1111 3431 au
1131 3390 1195 3433 cum
1212 3369 1249 3432 iis
1267 3389 1321 3432 an-

165 3487 321 3531 numerare
347 3491 404 3531 non
422 3469 558 3534 dubites?
602 3468 635 3534 si
655 3471 683 3534 in
703 3472 826 3536 alierum
850 3482 964 3535 coetum
982 3491 1193 3556 numerumque
1211 3472 1321 3535 retule-

164 3568 207 3632 ris
222 3569 270 3654 qui
290 3591 349 3633 non
367 3590 405 3634 ex
424 3569 516 3656 ipsius
539 3570 703 3636 substantia
724 3585 812 3653 sunt,
844 3574 930 3638 sede
948 3572 1037 3636 nihilo
1059 3592 1113 3658 per
1134 3593 1201 3637 eum
1218 3573 1265 3657 qui
1284 3573 1320 3638 ab

164 3671 292 3757 ipsomet
311 3672 470 3737 secuudum
492 3671 684 3736 substantiam
708 3686 791 3738 ortus
816 3686 862 3739 est
886 3676 921 3739 ab
943 3675 994 3739 illu
1015 3675 1163 3759 procreati
1187 3686 1271 3754 sunt,
1302 3694 1320 3737 a

165 3774 270 3858 quibus
286 3774 368 3838 selus
388 3774 563 3839 eximendus
577 3784 623 3838 est
639 3774 716 3838 lilius
734 3796 799 3839 cum
818 3777 923 3862 spiritu
940 3787 1062 3856 sancto,
1086 3777 1135 3862 qui
1152 3797 1191 3841 cx
1209 3777 1321 3841 incum-

165 3876 305 3962 parabilis
325 3877 416 3963 patris
432 3889 461 3942 et
480 3876 621 3960 unigeniti
646 3876 710 3941 cius
734 3876 784 3939 lilii
800 3877 961 3943 substantia
979 3881 1139 3963 precessit:
1173 3880 1199 3943 si
1219 3882 1255 3943 ad
1271 3901 1321 3944 ce·

165 3986 315 4061 terarum,
339 3981 474 4066 inquam,
498 3980 694 4043 conditionem
713 3977 875 4058 abieceris,
900 3979 971 4044 nihil
988 3982 1053 4044 lidei
1072 3982 1256 4068 prulessiene
1271 3993 1320 4046 tua

166 4101 234 4148 em
251 4092 347 4169 petest
362 4082 528 4147 absurdius.
575 4078 636 4164 Qui
650 4082 727 4146 euim
745 4102 819 4144 nnus
838 4102 877 4144 ex
893 4082 1027 4146 omnibns
1045 4083 1118 4164 erit,
1143 4105 1160 4148 a
1179 4106 1236 4169 que
1253 4094 1323 4149 sunt

167 4202 186 4247 e
202 4185 293 4250 nihile
309 4197 414 4250 cuncta
431 4185 592 4270 preducta?
633 4181 714 4250 Fieri
732 4185 801 4249 illud
818 4185 917 4267 utique
936 4206 994 4248 nen
1011 4195 1123 4270 petest3
1147 4206 1242 4271 neque
1259 4197 1322 4251 tute

168 4389 296 4454 Petcutns,
321 4397 365 4442 cut
383 4386 581 4457 dvcprdpqcstuc
597 4402 642 4453 pre
659 4384 730 4456 tete·
798 4386 916 4445 i-udrci
940 4394 999 4441 vitiu
999 4405 1023 4440 m
1040 4395 1073 4441 est
1089 4393 1124 4443 ert
1143 4393 1226 4445 Pace.
1242 4393 1323 4444 edan

169 4427 296 4522 μήσειας,
313 4461 375 4522 quad
390 4463 445 4522 pura·
462 4462 513 4509 ture
531 4461 614 4509 licebit.
764 4410 834 4521 repit.

800 4528 824 4577 e
845 4525 992 4594 γεγέννηται
1006 4529 1057 4580 eud.
1075 4506 1170 4592 illedip

220 4607 310 4665 θοιιιιρ
322 4608 459 4656 flamme-l
472 4608 502 4652 ll
516 4610 1119 4681 &18
