3096 5070
441 256 580 310 raanan
597 256 662 310 ιιι.
673 257 717 310 ιιι
735 257 819 309 ron.
831 259 851 310 ι.
866 256 967 309 susa.
983 256 1105 309 nxxnr.
1295 245 1356 310 tttt

191 377 241 443 ille
261 378 440 464 praedicant.
485 376 594 443 Nullus
611 377 688 441 enim
708 377 764 442 iem
783 377 849 442 illos
867 379 960 463 pudor
980 377 1126 451 retardat,
1160 397 1256 463 neque
1273 400 1355 443 mau-

193 483 261 544 dato
285 482 343 545 ullo
366 482 487 547 codrciti
512 480 728 544 simulationem
754 481 898 565 quendam
924 500 958 542 ac
981 480 1109 564 speciem
1133 482 1354 562 praeseferre

194 593 357 668 eoguntur,
390 604 427 647 ne
443 604 520 647 nova
538 594 567 647 et
584 583 722 647 inusitata
739 584 881 667 quaedam
898 583 1010 666 agitare
1028 579 1195 645 videantur.
1242 580 1302 648 Sed
1320 585 1354 649 il·

193 687 252 757 lem
278 686 343 751 fidei
368 687 541 764 formulam,
575 707 660 769 quam
683 683 814 749 Aeacius
838 705 902 749 curn
928 682 991 746 suis
1015 682 1075 747 illic
1099 684 1265 768 proposuit,
1301 710 1357 753 nne

193 812 258 854 cum
278 810 379 854 eorum
401 787 450 873 qui
468 788 496 851 ei
511 774 626 873 synodo
642 788 841 853 iuterfuerunt
856 785 1072 872 subscriptione
1092 784 1164 849 libet
1183 786 1230 850 bic
1247 789 1358 855 adscri-

194 892 277 957 bere.
324 889 369 955 Ea
394 900 440 954 est
462 888 617 954 eiusmodi.

278 992 337 1078 Qui
362 990 455 1055 variis
480 1011 496 1053 e
523 991 694 1076 provinciis
712 991 928 1077 religiosissimi
954 991 1140 1076 imperatoris
1163 993 1257 1057 nostri
1274 990 1356 1058 Con·
1398 1007 1459 1058 οι.

191 1098 291 1162 stantii
309 1101 446 1164 mundato
461 1095 616 1165 Seleuciae
633 1095 661 1158 iu
681 1092 795 1159 lsauria
812 1093 1005 1159 convenimus
1020 1095 1165 1181 episcopi,
1190 1094 1262 1160 baec
1277 1117 1357 1161 com·
1390 1025 1475 1186 ξῖἔέ,

192 1201 272 1264 muni
295 1222 444 1266 consensu
466 1197 666 1265 decrevimus=
1367 1192 1488 1288 'lli‘lll

1360 1294 1492 1393 allilia

280 1403 426 1470 llesterna
440 1404 506 1484 die,
541 1424 617 1489 quac
635 1412 700 1466 erat
714 1356 758 1466 b.
779 1399 819 1465 D.
840 1399 880 1464 V.
903 1397 970 1465 Cel.
991 1397 1084 1481 0ct.,
1112 1401 1191 1465 omni
1205 1403 1302 1468 studio
1319 1426 1355 1470 ac
1381 1398 1493 1495 gffill·

127 1580 129 1584 ,
194 1507 393 1571 moderatione
417 1508 446 1571 iu
470 1506 498 1571 it
525 1505 710 1570 incubuimus
737 1515 770 1567 ut
791 1524 893 1589 pacem
917 1503 1061 1568 ecciesiae
1084 1505 1283 1586 sanciremus,
1318 1529 1354 1571 ac
1379 1501 1480 1548 ΕΜ

192 1621 374 1674 constantem
396 1620 427 1674 et
443 1610 567 1674 solidam
591 1608 656 1672 fidei
682 1607 815 1691 regulam
833 1605 1098 1686 constitueremus,
1129 1629 1182 1692 pro
1204 1629 1240 1672 eo
1257 1630 1292 1673 ac
1307 1610 1354 1675 dci

159 1761 167 1778 ‚
193 1713 408 1776 amantissimus
432 1712 593 1797 imperator
616 1721 719 1774 noster
738 1706 933 1775 Constantius
957 1709 1058 1788 iussit,
1091 1728 1131 1773 ex
1147 1711 1354 1797 prophetarum

192 1815 336 1893 oraculis3
369 1813 412 1880 sic
431 1825 462 1878 ut
478 1814 548 1877 nibil
566 1823 685 1899 praeter
700 1833 851 1876 sacrarum
867 1811 1016 1874 liturarum
1034 1813 1238 1877 auctoritatem
1258 1815 1288 1877 iu
1305 1836 1354 1878 ec·

191 1916 387 1981 clesiesticam
413 1917 497 1980 fidem
523 1915 742 1979 inveheremus.
790 1910 849 1979 Sed
873 1913 1010 1997 quoniam
1032 1914 1061 1977 in
1084 1916 1199 2000 synodo
1222 1917 1354 1981 nonnulli

192 2018 265 2083 alios
284 2040 302 2082 c
320 2017 429 2082 uostris
446 2017 630 2081 coutumeliis
647 2019 822 2095 allocerunt,
846 2016 912 2079 aliis
930 2015 1077 2079 silentium
1095 2017 1276 2093 indixerunt,
1299 2040 1354 2083 uec

192 2142 267 2206 quae
287 2120 398 2186 vellent
414 2120 511 2203 eloqui
531 2120 732 2203 permiserint,
765 2119 839 2183 elios
854 2118 964 2182 invitos
979 2119 1187 2200 excluserunt,
1221 2132 1281 2185 tum
1300 2141 1353 2186 eos

192 2222 239 2308 qui
265 2222 389 2308 depositi
416 2233 500 2285 erant
527 2222 618 2285 variis
645 2243 662 2285 e
686 2220 846 2305 provinciis
868 2219 1081 2301 adhibuerunt,
1116 2224 1256 2307 quosdam
1279 2245 1353 2289 vero

192 2335 312 2411 praeter
336 2345 479 2388 canonem
498 2345 599 2388 secum
624 2325 826 2402 adduxerunt,
861 2334 893 2387 ut
913 2325 1115 2409 undecumque
1138 2326 1354 2390 turbulentissi-

190 2449 255 2490 mus
270 2438 352 2491 esset
367 2426 416 2490 ille
434 2447 612 2505 consessus,
647 2427 886 2510 quemadmodum
905 2426 1086 2490 clarissimus
1103 2448 1202 2491 comes
1219 2425 1351 2508 Leonas,
1374 2482 1378 2488 .
1486 2459 1489 2465 ·

189 2540 221 2595 et
237 2529 420 2594 clarissimus
443 2529 614 2615 provinciae
638 2530 804 2613 preelectus
824 2526 982 2594 Lauricius
1005 2529 1097 2593 oculis
1114 2530 1176 2593 suis
1196 2529 1350 2595 videruute

189 2653 253 2696 earu
273 2633 311 2695 ob
327 2654 462 2696 caussam
482 2632 575 2716 palam
595 2631 770 2717 prolitemur
790 2632 860 2695 nibil
879 2652 933 2695 nos
951 2630 1174 2716 subterfugere,
1200 2642 1231 2696 et
1245 2632 1352 2718 prima·

190 2734 262 2797 riam
281 2734 359 2798 illam
377 2735 445 2798 ndei
462 2735 626 2815 turmulam,
651 2755 726 2819 quac
742 2733 772 2797 iu
787 2733 993 2799 Antiochense
1009 2733 1155 2799 ecclesiae
1167 2734 1351 2799 dedicatione

189 2835 338 2922 proposita
357 2847 420 2915 est,
443 2836 473 2900 in
491 2837 616 2901 medium
633 2838 778 2922 prolerre.
825 2834 918 2902 Cuius
934 2847 1071 2901 auctores
1087 2847 1185 2922 patres
1201 2837 1241 2900 illi
1257 2836 1352 2901 nostri

190 2940 225 3003 ad
244 2937 387 3002 eiusmodi
411 2940 614 3025 quaestionem
636 2940 853 3027 disceptandam
879 2961 931 3025 per
954 2939 1023 3004 illud
1048 2951 1162 3026 tempus
1186 2949 1351 3005 conventus

189 3040 364 3104 babuerunt.

275 3138 349 3207 Cum
367 3143 509 3209 baetenus
527 3142 682 3210 Homousii
704 3154 734 3208 et
751 3142 943 3208 llcmoeousii
971 3143 1112 3209 vocabula
1136 3144 1291 3229 plerosque
1313 3146 1349 3210 ad

190 3246 362 3311 bodiernnm
383 3258 495 3332 tempus
513 3269 606 3333 usqne
626 3247 841 3333 perturbarint,
877 3257 907 3310 et
924 3268 941 3310 a
958 3247 1106 3311 nonnullis
1130 3247 1286 3312 etiamnum
1304 3248 1349 3312 iu·

187 3348 293 3413 novari
312 3348 388 3414 istud
407 3352 516 3426 lerant,
541 3361 572 3414 ut
591 3351 740 3415 dissimilis
756 3350 830 3436 petri
851 3348 929 3414 dlius
949 3370 1016 3413 esse
1031 3351 1161 3428 dicatur,
1194 3351 1231 3414 ob
1248 3351 1275 3414 id
1291 3356 1350 3414 Ho-

189 3456 305 3526 uomit,
331 3451 386 3517 bue
401 3464 447 3516 est
466 3456 721 3516 Consudstunta'ulrb
738 3474 840 3516 vocem
861 3462 997 3537 tanquam
1014 3473 1031 3516 u
1046 3454 1139 3517 sacris
1156 3452 1250 3517 literis
1266 3473 1351 3538 pere·

188 3552 301 3636 grisam
328 3555 494 3634 redicimus,
524 3562 698 3619 Anomoeurn
723 3576 812 3634 vero,
845 3555 900 3619 boc
918 3567 965 3620 est
980 3559 1139 3630 Drasrinr'le,
1172 3556 1349 3619 condemna·

189 3676 267 3732 mus,
292 3666 322 3718 et
338 3657 511 3742 quicumque
527 3658 669 3722 eiusmodi
685 3657 805 3741 suntab
822 3659 947 3723 ccclesia
966 3659 1080 3722 alienos
1096 3678 1164 3721 esse
1179 3678 1347 3722 censemus.

190 3754 324 3822 Similem
342 3778 414 3821 vero
431 3761 522 3844 patris
540 3781 608 3823 esse
631 3760 721 3823 filium
745 3772 845 3845 aperte
868 3761 1057 3844 prolitemur,
1088 3772 1119 3824 et
1138 3760 1301 3844 apostolum
1318 3761 1347 3825 in

188 3881 225 3923 eo
242 3859 408 3944 sequimur,
440 3860 488 3944 qui
507 3862 543 3924 de
560 3862 621 3924 lulio
640 3861 782 3946 loquens,
808 3866 865 3942 Qui
877 3875 934 3938 est,
959 3863 1072 3948 inquit,
1104 3868 1197 3943 anagn
1214 3867 1262 3926 der⁸
1276 3868 1348 3927 circi·
1363 3873 1442 3932 oet-1,
1454 3874 1488 3923 la

187 3964 288 4024 sr'dr'lrb.
336 3958 524 4027 Conlutemur
539 3973 636 4025 autem
653 3972 683 4024 et
699 3963 844 4028 credimus
861 3965 892 4029 iu
912 3987 999 4029 unum
1022 3966 1125 4044 deum,
1156 3965 1231 4050 patri
1254 3964 1348 4031 omni·

220 4167 246 4217 2.
272 4169 309 4219 ltu
333 4170 386 4218 trbrr'
409 4182 495 4219 omnes.
530 4169 642 4221 Petuntur
662 4169 754 4230 supplet
820 4165 844 4219 3.
863 4165 887 4222 cl
900 4184 950 4233 epo.
984 4159 1132 4238 pipetcatus
1150 4175 1246 4223 uolebat
1280 4176 1347 4226 burt

187 4232 220 4288 τὰ
234 4235 289 4301 τῆς.
323 4238 373 4300 Epo
386 4239 480 4287 matteas
497 4236 624 4302 περὶτῆς.
648 4239 685 4287 ltu
698 4239 752 4290 δια·
785 4237 870 4287 bubrnt
892 4237 922 4290 ci
964 4240 1072 4289 Corncrtt
1091 4242 1182 4290 curto:
1207 4240 1249 4292 ubi
1271 4242 1347 4294 etiarn

188 4301 324 4372 λαμβάνειν
339 4303 397 4369 περί
411 4321 475 4365 τινος
491 4307 616 4356 babuimus
634 4307 697 4355 lacer.
710 4303 753 4366 bl,
786 4304 892 4354 maxime
910 4315 993 4372 patres
1017 4305 1097 4357 nostri
1119 4306 1163 4360 illo
1182 4318 1297 4379 tempore
1313 4311 1347 4364 sd

188 4367 213 4420 4.
229 4370 272 4434 bl,
285 4373 325 4423 53.
343 4371 387 4435 66,
400 4372 438 4423 15.
457 4370 499 4432 73,
512 4373 571 4435 dt,
594 4376 659 4423 ntr'br'.
696 4374 752 4423 Gor-
785 4372 922 4424 subiectam
939 4374 1109 4442 quaestionem
1127 4388 1312 4434 concoroernut.

187 4439 483 4492 „eenamcenam
499 4440 602 4494 firmiter
616 4439 752 4510 distingue·
820 4438 844 4493 d.
864 4438 995 4511 c'pscedduca
1011 4445 1079 4497 codd.
1096 4458 1151 4498 mu.

188 4522 276 4558 ιοιιιιιι.
