3096 5070
385 290 1046 352 arsamiuru.nr.nost.r.nsun.nxx1v.
1230 280 1295 344 ’143

138 431 268 486 creatum
285 434 353 485 esse
371 418 418 484 dei
434 419 541 496 ilium,
576 439 610 480 ao
628 427 758 480 creatum
773 415 907 499 spiritum
926 422 1079 493 sanctum,
1111 432 1145 475 ac
1163 412 1209 475 dei
1228 411 1296 475 suls-

137 517 243 588 stantia
271 522 398 585 alienum
426 520 541 606 publice
570 519 741 603 praedicare
772 539 831 580 nou
861 515 1004 579 dubitent.
1058 512 1136 578 Nem
1161 514 1236 597 quod
1260 513 1296 577 ad

137 624 307 690 Eudoxiom
324 624 439 699 attinet,
464 642 553 705 squn
566 631 697 703 ternpore
714 617 863 703 Georgius
881 617 1082 680 Alexandriae
1098 615 1296 700 turpissimum

137 729 215 792 vitae
233 727 345 791 exitum
362 725 486 788 sortitus
504 733 567 801 est,
591 743 656 785 cum
673 721 831 807 principem
851 719 935 783 facile
952 718 1048 782 locum
1068 715 1213 798 obtinuit,
1238 728 1297 781 tum

137 831 212 917 apud
234 849 288 893 eos
310 847 401 912 penes
422 846 496 910 quos
520 846 663 888 summum
687 823 839 910 imperium
861 831 925 900 est,
955 821 1059 904 gratia⁴
1074 831 1104 884 et
1124 821 1299 883 auctoritate

138 930 250 996 dormit.
295 927 452 993 Eudoxius
478 927 569 1011 igitur
594 947 634 989 ex
656 924 777 1011 llypatii
801 937 832 988 et
855 922 993 987 Eunomii
1015 943 1126 1008 grege,
1159 933 1191 986 nt
1215 925 1299 986 send

139 1046 255 1119 tempus
279 1029 497 1108 accommodet,
530 1029 684 1092 convictus
707 1026 938 1112 praesentimus
967 1025 1182 1109 reprehensus,
1216 1025 1299 1087 Ano·

140 1154 293 1200 mororum
308 1132 445 1215 dogmata
463 1126 662 1209 nihilominus,
687 1130 738 1192 sed
752 1128 865 1192 occulte
882 1148 917 1191 ae
931 1128 1150 1193 dissimulanter
1165 1126 1297 1192 retinnit.

141 1235 221 1301 Tum
238 1255 312 1318 quos
329 1233 367 1296 ob
380 1231 559 1297 ¹altissimam
577 1233 654 1297 illam
673 1231 832 1318 impietatis
849 1231 1021 1315 voraginem
1044 1229 1201 1314 aliquando
1223 1230 1300 1295 rele-

140 1346 301 1423 gaverant,
334 1336 370 1398 ad
392 1335 551 1420 potentiam
574 1335 695 1413 evexit,
727 1331 932 1418 Demophilum
956 1333 1091 1417 inquam,
1125 1330 1298 1419 Hypatium,

142 1437 318 1503 Ennomium
335 1438 414 1502 illius
429 1437 510 1501 aonii
526 1437 704 1523 discipulos,
729 1437 777 1520 qui
794 1455 812 1499 n
829 1433 962 1519 Georgia
978 1433 1184 1498 Alexandrino
1201 1434 1300 1500 dison·

141 1561 198 1606 uns
223 1541 373 1604 ordinatus
393 1541 424 1603 in
442 1538 546 1603 Tauro
570 1539 732 1602 subiectam
753 1534 904 1621 regionem
923 1537 1095 1623 deportatus
1115 1549 1177 1617 est,
1208 1557 1300 1622 aquo

142 1644 363 1707 Anomoeornm
381 1642 466 1726 origo
485 1642 636 1719 msnavit,
669 1641 744 1703 adeo
767 1650 800 1702 ut
821 1659 880 1702 una
904 1639 1019 1723 quidem
1040 1659 1074 1702 ac
1099 1638 1242 1724 singulari
1259 1659 1300 1704 ex

143 1744 260 1823 radice,
293 1746 444 1831 spinarum
468 1743 580 1822 instar,
612 1742 751 1807 haereses
775 1741 843 1804 illae
865 1761 968 1804 omnes
991 1741 1213 1822 festinaverint,
1247 1740 1299 1806 sed

141 1847 235 1912 variis
253 1858 350 1910 mmen
370 1846 482 1925 modis,
515 1854 547 1909 ut
563 1845 594 1908 in
612 1845 762 1929 spinarum
782 1843 871 1906 ramis
886 1863 921 1906 sc
936 1843 1080 1922 surculis,
1113 1844 1229 1908 illorum
1246 1844 1301 1909 im·

143 1950 276 2035 probitas
291 1947 357 2012 aliis
374 1947 434 2010 alio
447 1957 579 2033 tempore
597 1948 727 2010 nefariae
744 1945 876 2009 haeresis
892 1945 1069 2029 excogitatis
1083 1946 1301 2032 interpretatio·

144 2051 247 2130 nibus,
276 2059 307 2113 et
323 2051 353 2113 iu
373 2049 502 2112 deterius
524 2049 706 2134 progressis,
731 2047 862 2112 suumin
881 2047 981 2110 orbem
1001 2058 1145 2112 terrarum
1161 2047 1298 2128 exitium,

144 2174 179 2215 ac
199 2153 279 2215 virus
303 2150 456 2230 effuderit,
488 2152 728 2234 quemadmodum
755 2151 791 2214 de
815 2149 869 2212 hac
890 2139 953 2234 ipss
977 2149 1197 2214 Anomnenrum
1220 2162 1302 2215 secta

143 2256 249 2318 iterum
265 2263 369 2338 postea
386 2253 528 2316 dicemus.
573 2251 663 2317 Nunc
677 2265 773 2316 autem
790 2253 842 2329 iis,
876 2272 950 2335 quae
969 2263 1038 2316 sunt
1052 2252 1193 2317 hacteuus
1210 2253 1299 2332 dicta,

80 2351 92 2378 ⁸
143 2356 292 2433 conteuti,
321 2375 385 2418 cum
409 2352 491 2419 velut
511 2353 669 2418 immanem
686 2356 829 2439 quendam
848 2364 1014 2440 serpentem
1033 2354 1249 2420 extinxerimns
1266 2377 1301 2419 ac

142 2457 413 2544 profligaverimus,
448 2455 526 2521 huno
549 2477 604 2522 nos
630 2456 827 2542 proculcatum
855 2466 1059 2541 mortuumque
1087 2457 1299 2542 relinquamus,
1334 2532 1338 2539 ⁴

142 2571 172 2624 et
187 2561 224 2624 ad
244 2560 303 2624 alia
325 2559 463 2623 conversi
484 2570 600 2623 ceteras
622 2560 829 2644 aggrediamur
849 2558 1006 2639 haereses,
1037 2559 1085 2624 dei
1105 2579 1161 2644 ope
1177 2560 1301 2643 primurn

144 2663 272 2726 omnium
288 2662 444 2739 advocata,
468 2672 501 2726 ut
514 2671 682 2746 susceptum
696 2683 769 2747 opus
785 2663 821 2727 ed
836 2663 949 2728 exitum
964 2661 1299 2748 pomnesropomium.
1316 2708 1320 2715 »
1383 2711 1387 2717 -

299 2901 534 2981 CONTRA
568 2900 1150 2996 PasuursolracntJS,

348 3047 431 3118 quae
458 3029 511 3098 est
534 3022 684 3099 haeresis
708 3022 815 3118 LIV,
839 3025 912 3100 sive
937 3022 1098 3100 LXXIV.

230 3171 279 3234 Ab
301 3171 348 3236 his
373 3171 569 3241 semiarianis
592 3186 623 3241 et
645 3177 682 3240 ab
707 3175 881 3241 orthodoxis
897 3184 1061 3242 monstrum
1080 3176 1241 3262 quoddam,
1272 3190 1304 3244 nt
1335 3184 1396 3253 0⁸1³·
1407 3185 1427 3236 1.

145 3274 188 3337 ita
206 3273 317 3352 dicam,
348 3275 514 3342 lrilormium
535 3279 683 3343 dominum
701 3300 737 3343 ao
761 3279 965 3344 semiferorum
985 3292 1088 3344 eontra
1111 3301 1168 3346 nos
1186 3282 1303 3346 excita·

146 3385 206 3440 tum
226 3387 289 3456 est,
322 3378 485 3443 cuiusmodi
501 3377 687 3461 Centauros,
718 3393 769 3446 ont
785 3379 901 3460 Panas,
925 3393 977 3446 out
993 3380 1118 3448 Sirenas
1139 3383 1301 3448 fabularum

147 3479 232 3542 uobis
254 3480 383 3545 artilices
406 3483 573 3548 ediderunt.
618 3483 679 3549 Alii
696 3485 801 3570 qnippe
819 3485 856 3548 al>
876 3485 988 3550 Ariana
1003 3485 1155 3570 disciplina
1178 3486 1302 3570 proiecti

146 3584 235 3646 lilium
270 3604 327 3646 oon
350 3584 514 3648 absolutam
532 3586 669 3651 videlicet
695 3598 861 3652 creaturam
885 3608 953 3653 esse
976 3588 1134 3665 deliniunt,
1165 3587 1217 3649 sed
1236 3586 1301 3650 sine

147 3694 279 3770 tempore
301 3700 369 3748 esse
392 3687 535 3770 genitum.
581 3687 715 3774 Tempus
736 3703 833 3754 autem
860 3690 931 3754 illud
953 3691 983 3754 in
1005 3711 1060 3755 sua
1080 3688 1219 3774 opinione
1241 3698 1302 3752 ste·

146 3797 234 3851 tuunt
251 3788 325 3871 quod
342 3787 458 3851 acoelo
476 3788 593 3851 condito
612 3789 648 3852 ad
668 3790 838 3854 hodiernum
858 3813 951 3876 usquc
967 3793 1042 3856 diem
1071 3792 1194 3856 elllunit.
1240 3789 1301 3857 Sed
1332 3803 1338 3819 ⁸

147 3889 277 3975 aptiore
295 3890 344 3953 illo
361 3890 525 3967 sententia,
560 3910 644 3973 quam
661 3891 753 3954 Arius
768 3893 917 3972 evomuit,
947 3914 1128 3978 nequaquam
1147 3896 1300 3975 recedunt,

147 3993 239 4058 fuisse
256 3990 391 4056 nimirum
409 4003 523 4076 tempus
540 4013 605 4056 cum
622 3993 749 4055 noudum
767 4006 848 4058 esset
864 3995 951 4060 filius.
996 3993 1092 4060 Porro
1108 4018 1172 4060 nour
1188 4008 1302 4084 tempo·

147 4096 229 4160 ribam
251 4095 386 4159 omuibus
407 4095 586 4158 anteriorem
611 4093 690 4158 illum
707 4115 774 4158 esse
791 4096 915 4176 docent,
941 4121 997 4180 per
1013 4121 1093 4181 quem
1110 4103 1202 4163 omneis
1218 4103 1442 4185 [colorans

147 4211 230 4272 eunt,
262 4208 323 4261 tum
347 4198 383 4262 de
398 4197 502 4280 spiritu
519 4208 625 4261 sancto
642 4197 853 4261 contumeliose
874 4198 1019 4283 garriunt.
1064 4201 1125 4266 Atii
1143 4223 1216 4267 vero
1234 4227 1300 4270 cum

149 4300 184 4362 de
202 4300 261 4363 tilio
285 4310 366 4364 recte
387 4310 418 4363 et
442 4320 481 4364 ex
497 4300 563 4364 lidci
581 4300 742 4366 catholicae
761 4302 943 4387 praescripto
961 4303 1106 4384 sentiant,
1130 4326 1166 4370 ao
1183 4327 1301 4394 semper

150 4482 215 4521 erres
236 4470 293 4536 (ete)
316 4473 397 4523 Pelen.
442 4473 468 4522 ln
492 4473 557 4522 telaria
577 4478 611 4524 or
633 4470 708 4539 cipue
741 4472 828 4524 dicam.
872 4475 954 4525 saeuo.
972 4470 1103 4542 reprimo<
1123 4481 1144 4528 et
1163 4479 1224 4530 elidi
1238 4486 1302 4531 estse

148 4535 207 4590 aaut
243 4541 445 4592 emunitionem
467 4550 594 4602 momtra,
620 4550 648 4590 ut
672 4540 707 4591 ita
740 4537 1128 4610 m,nstnoer.19,s.u36,1.
