3096 5070
291 265 353 331 480
715 277 838 329 οιαστι
855 277 1025 329 εειεττιατι
1111 261 1115 269 “

291 392 389 462 ούσῷν
404 395 567 475 ίνθέσμων,
589 395 646 470 ἐξα
656 393 690 458 δέ
702 396 882 478 βεβηκυιοῖν,
904 392 997 476 μόνον
1011 393 1043 458 δέ
1056 391 1089 459 τό
1104 391 1200 475 ὄνομα
1214 396 1453 478 ἐπικεκλημένοεν

293 502 440 582 Χριστοῦ,
469 493 729 582 περιλειφθήσεται
746 493 819 578 ἡμῖν
834 492 941 582 ηπερλ
959 489 1101 578 ἀληθείας
1117 493 1285 577 ἀπόδειξις,
1306 496 1401 581 αὐτῆς
1420 523 1452 564 τε

289 606 343 684 τῆς
363 607 535 685 περιστερᾶς
555 605 608 682 τῆς
630 595 801 682 μονατάεης
821 594 882 663 ύπό
906 605 960 662 τοῦ
981 602 1115 681 νυμφίου
1138 600 1362 684 ἐπαινουμένης.

258 784 274 837 ’·
379 806 440 869 Καὶ
456 806 487 870 έν
503 811 590 894 σχολῇ
606 800 693 887 ημῷν
707 804 883 889 γενομένων,
906 804 957 868 καλ
975 800 1095 887 σφόδρα
1112 802 1324 870 ἱκετευσάντων
1341 804 1450 884 ιθεόν,

289 907 434 991 σύντομον
451 907 505 989 μέν
518 913 555 997 τῷ
571 910 704 995 ἀεαλογῇ,
727 905 847 987 ἀσφαλῆ
863 904 896 969 δέ
912 911 948 993 τῷ
966 905 1128 990 παραδόσει
1146 909 1197 972 καλ
1213 904 1287 993 ύπέρ
1305 907 1452 990 ἀληθείας

289 1009 451 1095 ἀπολογίαν
476 1011 507 1075 ἐν
524 1015 565 1096 τῷ
579 1009 646 1091 έξῆς
661 1006 868 1090 ποιησόμεθα,
899 1005 955 1073 οάκ
977 1005 1071 1091 ου’της
1088 1005 1212 1094 ύστέρας
1237 1007 1344 1092 οὔσης,
1374 1007 1448 1075 ἀλλά

289 1111 427 1198 πραότης,
457 1113 509 1176 καλ
529 1108 587 1193 ἤδη
604 1111 637 1176 δέ
651 1116 710 1175 τῶν
728 1107 812 1195 ’πρό
833 1116 893 1175 τῷν
914 1112 1055 1195 αίρέσεοον
1072 1112 1105 1175 ἐν
1118 1118 1156 1199 τῇ
1171 1113 1297 1200 ἐνδημίμ
1316 1118 1451 1196 Χριστοῦ

291 1213 431 1281 ἀνωτάτο
454 1210 526 1297 ἡμῖν
544 1209 799 1296 ύπομνησθείσης,
833 1218 912 1277 8νῦν
934 1213 965 1278 δέ
981 1211 1103 1297 πρώτην
1118 1207 1229 1294 οὖσαν,
1257 1216 1309 1279 καί
1329 1220 1451 1304 Χριστῷ

289 1321 480 1400 συνημμένην
501 1313 587 1402 ἀγίαν
610 1314 733 1399 νύμφην
757 1312 816 1380 ἀπό
840 1322 894 1398 τῆς
917 1312 1063 1401 ἐνσάρκου
1083 1312 1175 1382 αὐτοῦ
1188 1321 1367 1401 παρουσίας,
1396 1319 1451 1382 καλ

289 1418 324 1486 τό
338 1427 392 1503 τῆς
416 1417 510 1485 αὐτοῦ
532 1422 714 1503 παρουσίας,
743 1416 809 1500 ἣτις
827 1419 888 1483 ἐστί
905 1416 961 1482 σύν
981 1423 1022 1506 τῷ
1045 1415 1138 1502 Ἀδάμ
1160 1421 1365 1502 πεπλασμένη,
1396 1421 1449 1484 καλ

291 1524 323 1587 ἐν
349 1529 411 1598 τοῖς
436 1519 496 1605 πρό
520 1527 574 1586 τοῦ
598 1517 731 1606 Ἅβραάμ
753 1519 948 1604 πατριάρχαις
971 1522 1191 1606 κεκηρυγμένη,
1225 1523 1277 1586 καλ
1298 1519 1371 1604 μετά
1392 1528 1448 1589 τοῦ

289 1621 421 1710 Ἅβραάμ
449 1625 678 1706 πεπιστευμίνη,
710 1624 761 1687 καλ
790 1622 841 1687 θιά
863 1624 1020 1698 Μωυσέως
1048 1620 1312 1704 ἀποκαλυφθεῖσα,
1342 1625 1394 1688 καλ
1416 1627 1448 1690 ἐν

289 1723 394 1814 Ἡσαίμ
408 1727 669 1811 προφητευομένη,
700 1726 732 1790 ἐν
750 1731 867 1814 Χριστῷ
885 1726 916 1790 δέ
933 1722 1155 1808 ἀναδειχθεῖσα,
1185 1728 1237 1791 καλ
1254 1724 1310 1791 σύν
1328 1733 1448 1817 Χριστῷ

291 1825 475 1914 ύπάργουσα,
498 1830 531 1893 ἐν
545 1825 658 1916 ύστέρῷ
672 1828 704 1892 δέ
717 1824 770 1908 ἀφ’
785 1824 871 1910 ἡμῶν
886 1829 1127 1914 ἐγκοομιαζομένη.
1163 1835 1221 1893 Δεῖ
1230 1827 1286 1914 γάρ
1300 1827 1354 1895 τόν
1368 1828 1447 1915 ἀγον-

291 1930 441 2014 νιζόμενον
455 1936 574 2016 πρῶτον
592 1931 762 1995 ἐνίστασθαι
777 1936 819 2019 τῷ
835 1928 937 2016 ἀγῷνι,
959 1938 1000 2020 τῷ
1017 1956 1048 1996 τε
1058 1928 1180 2019 καμάτμ
1199 1933 1250 1996 καλ
1272 1942 1335 2009 τοῖς
1353 1931 1448 2009 ἀλλοις

289 2042 347 2102 τοῦ
364 2032 481 2120 ἀγῶνος
499 2037 705 2114 παλαίσμασιν,
725 2036 777 2098 ἰ’να
793 2031 915 2119 ὕστερον
929 2031 981 2098 τόν
999 2035 1146 2114 στέφανον
1163 2032 1362 2117 κομισάμενος
1375 2033 1448 2118 μετά

291 2144 347 2205 τοῦ
360 2135 509 2219 στεφάνου
523 2138 555 2201 ἐν
568 2134 736 2222 ἀγαλλιάσει
749 2138 904 2218 διατελοίη,
927 2134 965 2202 ου’
978 2144 1031 2202 τοῦ
1044 2135 1194 2217 στεφάνου
1208 2135 1337 2203 ύστιίτου
1349 2135 1442 2215 ὄντος,

293 2237 364 2306 ἀλλά
380 2240 576 2324 προκειμένου
593 2238 646 2321 μέν
659 2245 713 2320 τῆς
728 2236 838 2321 πύλης,
867 2236 989 2322 ὕστερον
1004 2239 1036 2303 θλ
1050 2241 1208 2323 δεδομένου
1227 2243 1269 2317 είς
1285 2237 1377 2324 γαράν
1390 2240 1439 2302 καλ

294 2346 336 2420 είς
354 2339 522 2428 ἀγαλλίασιν
542 2347 583 2430 τῷ
605 2341 773 2425 κεκμηκότι.
822 2347 921 2406 Ταῦτα
948 2341 980 2406 δέ
1001 2342 1067 2424 περλ
1092 2339 1207 2407 τούτων
1225 2340 1368 2425 εἰρηκότες
1389 2340 1437 2403 ἐπί

290 2443 363 2522 τούς
380 2445 610 2531 προειρημένους
627 2445 850 2529 4παρέλθωμεν
863 2442 980 2529 λόγους,
1002 2445 1094 2520 δεῖξαι
1110 2450 1174 2520 πῶς
1191 2440 1371 2529 ἀγδοήκοντα
1387 2442 1439 2524 μέν

293 2552 347 2615 είσι
363 2550 525 2625 παλλακαλ,
547 2543 570 2623 ξ
588 2546 621 2610 δὲ
635 2549 814 2629 βασίλισσαι,
837 2553 902 2622 πῶς
917 2551 970 2628 μία
985 2541 1006 2628 ἦ
1022 2547 1189 2632 παρθένος,
1207 2544 1259 2610 καί
1275 2540 1368 2630 ἀγνὴ,
1389 2544 1442 2608 καλ

292 2650 395 2735 νύμφη
419 2648 512 2732 ὅμου,
540 2650 592 2713 καλ
615 2646 784 2735 περιστερά,
814 2651 866 2714 καλ
884 2646 997 2731 ἀμνάς,
1028 2646 1113 2724 πόλις
1135 2647 1166 2713 δέ
1184 2643 1253 2734 ἀγλα
1270 2653 1363 2726 θεοῦ,
1391 2647 1444 2711 καλ

292 2760 406 2832 πίστις,
429 2753 481 2818 καλ
499 2752 648 2837 έδραίωμα
663 2759 716 2833 τῆς
730 2748 888 2834 ἀληθείας,
911 2752 961 2816 καλ
979 2751 1071 2836 πέτρα
1086 2748 1206 2837 στερεά,
1238 2748 1284 2832 ἐφ’
1300 2741 1339 2832 ἧς
1354 2750 1445 2815 πύλαι

293 2854 370 2946 ῷδου
387 2855 449 2920 ὀύ
463 2852 695 2938 κατισχύσουσιν.
729 2852 831 2936 ’Όμου
845 2853 900 2939 γάρ
917 2856 948 2919 ἐν
960 2860 1034 2919 πᾶσι
1047 2851 1121 2919 θεόν
1137 2850 1373 2936 ἐπικαλούμενοι,
1394 2852 1445 2916 καί

293 2956 543 3039 ἐπικαλεσάμενοι,
565 2955 704 3039 ἐτύχομεν
719 2962 772 3039 τῆς
786 2959 956 3042 ἐπαγγελίας
969 2963 1121 3043 πληρῶσαι
1134 2954 1189 3038 την
1202 2952 1370 3039 ύπόσχεσιν,
1393 2952 1447 3036 την

291 3059 368 3126 κατὰ
384 3061 524 3146 αίρέσεοον
541 3066 644 3125 πασῶν
661 3084 755 3140 φημι,
787 3050 862 3148 ᾗτινι
884 3061 1038 3148 ἐπαγγελίᾳ
1055 3061 1106 3125 καλ
1127 3055 1196 3144 ἀχρι
1213 3066 1268 3142 τῆς
1282 3065 1340 3123 τῶν
1356 3063 1446 3122 Μασ-

293 3169 440 3229 σαλιανῶν
458 3161 633 3245 ἐφθιίσαμεν
658 3162 803 3247 αίρέσεως.
856 3165 916 3227 Καλ
938 3160 1032 3244 αὐτὴν
1056 3163 1089 3226 δέ
1108 3158 1386 3243 καταπεπατηιιότες
1404 3165 1448 3247 τῷ

297 3262 489 3349 ούποάήματι
511 3270 566 3328 τοῦ
593 3263 778 3349 εὐαγγελίου,
811 3261 907 3349 ὥςπερ
930 3265 1122 3347 χαμαιλέοντα
1144 3264 1315 3343 πολύπουν,
1349 3262 1447 3344 ἀειδῆ,

293 3365 446 3454 ἀμορφον,
468 3369 631 3449 δυςοδμίαν
643 3369 808 3445 πνέουσαν,
831 3367 863 3431 ἐν
879 3373 951 3430 πᾶσι
967 3373 1030 3455 θεῷ
1047 3364 1310 3453 εάχαριστήσωμεν,
1333 3365 1448 3449 πατέρα

293 3472 325 3537 ἐν
337 3473 409 3560 υίῷ,
431 3469 498 3535 υίόν
513 3470 545 3534 ἐν
559 3470 666 3552 πατρλ,
689 3467 744 3533 σύν
758 3465 833 3557 ἀγίςο
848 3467 1009 3551 πνεύματι,
1031 3471 1073 3545 είς
1087 3467 1159 3545 τούς
1175 3470 1286 3544 αίοῑνας
1301 3474 1360 3534 τῷν
1374 3465 1447 3533 αίεύ-

291 3599 370 3654 νων,
394 3569 522 3656 ’Ἀμήν

327 3743 816 3828 6ιν.ΧΙ.-15εωοοελίελεσλς.
883 3746 1450 3826 οοτιοελμλμτεπ,ε’σηυοσιιοοιεπείιιόλ

324 3815 350 3934 ό.
367 3816 481 3934 ἀῗάίῗά
490 3797 821 3944 ἔλλιίλύτύὝιέῧίλῖἪ
883 3815 989 3933 ‘'⁸233‘'ss
996 3807 1352 3964 ὅίόῗολῗώλῖιςωῗόόλί,
1357 3814 1451 3963 “ἐίέι’ξὲ

807 3898 852 3931 aec
1075 3897 1105 3931 ετ
1123 3897 1173 3931 mn
1223 3897 1239 3943 μ

291 3951 427 4018 depravata
442 3949 538 4000 leviter.
565 3950 628 4011 Quid
644 3950 673 3999 σε
686 3950 729 4000 λου
742 3953 790 4000 loeo
803 3956 852 4000 τεο·
884 3953 925 4000 ribi
938 3952 981 4000 τελε
994 3941 1151 4001 επεπσοεα“
1131 3968 1163 4014 ην
1176 3951 1218 4002 νῦν
1234 3946 1272 4003 ίθέ
1284 3937 1437 4014 πρότερ’
1403 3965 1451 4001 ου·

291 4021 403 4070 tuendum
418 4021 448 4070 ιλε
462 4019 568 4081 equidem
578 4020 679 4069 incertus
690 4031 758 4082 εαπς
775 4021 851 4082 mpi-
887 4033 940 4071 σαν
