3096 5070
259 255 320 321 19⁶
680 267 994 319 memnmmun

257 406 305 452 σιν
329 383 422 468 μόνον
444 387 577 464 θεωρίας
600 385 660 450 ίστλ
683 383 716 451 τό
735 383 963 466 έκευποόμενον.
1009 385 1069 449 Καί
1093 380 1135 460 ῶς
1151 386 1204 468 μέν
1218 383 1296 467 πρός
1310 382 1423 469 Ἀρεια-

258 486 332 564 νοῦς
346 485 419 562 τοῦς
435 485 553 552 κτιστόν
573 492 744 568 νομίζοντας
760 486 813 552 τόν
828 486 896 553 υίόν
911 493 966 552 τοῦ
981 493 1059 552 θεοῦ
1077 489 1127 551 καί
1147 486 1180 552 τό
1197 486 1285 572 όγιον
1306 494 1422 570 πνεῦμα

129 618 187 667 μς.
200 607 247 653 m
260 593 377 674 ίσγυσεν
396 586 465 655 άνό
480 586 588 654 τοῦτου
603 588 706 673 λόγος,
731 585 773 665 σός
787 591 838 655 καλ
856 587 980 674 ὕστερον
999 587 1050 654 ὕπ’
1064 586 1161 654 αῦτῶν
1178 596 1236 654 τῶν
1254 586 1422 675 Ἀρειανῶν,

257 695 334 776 φημί
351 693 383 757 δέ
399 698 458 757 τῶν
475 694 544 776 περὶ
560 688 725 771 Εόῦόξιον,
754 695 807 757 καὶ
829 690 1025 773 Μηνόφιλον,
1053 693 1104 757 καί
1127 689 1249 768 ἄλλους,
1279 695 1331 757 καί
1348 689 1423 758 άπο·

257 795 402 872 σῦνακτος
416 792 573 880 γενόμενος
589 793 736 880 διήλεγχεν
754 796 803 860 έπέ
817 801 872 860 τοῦ
888 797 1032 876 βασιλέως
1047 795 1127 874 τότε,
1150 793 1206 874 ὅτι,
1227 791 1355 871 Ὁποίως
1369 794 1423 859 σίν-

256 900 303 964 τολ
321 898 453 981 ίχουσιν,
483 895 540 981 έγῶ
561 899 632 979 έχω,
665 894 705 972 ῶς
725 899 777 961 καλ
800 894 886 962 αότολ
905 896 1026 978 πάντες,
1057 894 1115 961 ἄλλ’
1132 895 1151 962 ό
1171 898 1203 963 έν
1219 898 1283 979 έμοί
1301 893 1421 979 άληθές,

258 997 344 1066 κῦτολ
366 998 579 1084 κρυπτάζουσι,
612 1002 663 1064 καλ
684 996 775 1084 ῦέγῶ
793 1007 943 1082 τηλαυγῶς
968 996 1143 1080 όποφαίνιο,
1174 1002 1248 1067 ’καί
1274 996 1422 1086 όμολογῶ,

257 1095 344 1170 οὗτοι
354 1101 465 1179 πάντες
478 1099 514 1168 τά
533 1100 609 1166 αότά
626 1104 759 1188 λέγουσι,
790 1100 1005 1186 κρυπτάζονταε
1023 1103 1069 1166 δέ·
1102 1109 1179 1167 6τοῦ
1197 1101 1263 1169 τότε
1281 1104 1423 1185 βασιλέως
1510 1099 1513 1110 ²

256 1202 312 1272 σῦκ
327 1206 467 1280 ίναντίας
484 1205 602 1286 έχοντος
617 1203 695 1287 πρός
709 1202 763 1285 τὴν
776 1202 930 1288 Ἀρειανην
945 1208 1202 1290 δραματουργέαν,
1233 1204 1306 1271 ἄλλά
1324 1209 1423 1289 δῆθεν

256 1305 387 1390 εόσεβεῖν
401 1311 577 1389 νομίζοντος.
627 1305 666 1372 Τό
683 1307 737 1388 μέν
755 1303 811 1392 γάρ
827 1311 934 1387 κτίσμα
948 1303 1103 1392 ὁμολογεῖν
1117 1307 1171 1373 τόν
1187 1306 1257 1374 υέόν
1271 1314 1327 1374 τοῦ
1345 1303 1423 1374 θεοῦ

256 1408 494 1494 παραιτούμενος
519 1406 695 1495 ἠγανάκτει,
723 1411 775 1475 καί
802 1412 845 1487 είς
866 1407 1067 1496 ῦπερορισμόν
1091 1411 1259 1491 κατέταξεν,
1291 1406 1333 1486 ῶς
1357 1405 1422 1476 άνιν

257 1513 486 1599 προδεδήλωται.

120 1611 189 1683 ΚΦ·
208 1607 241 1669 ⁸·
343 1613 500 1680 Ἐντεῦθεν
514 1611 588 1696 άρχνὶ
601 1620 655 1695 τῆς
674 1613 814 1695 αίρέσεως
826 1614 990 1699 γεγένηται,
1012 1617 1063 1680 καί
1080 1613 1139 1682 όπό
1154 1622 1208 1698 τῆς
1224 1623 1294 1698 μιᾶς
1306 1612 1423 1681 όκοθέ·

257 1739 332 1794 σειις
346 1719 388 1793 είς
410 1714 521 1798 πολλὴν
547 1723 649 1781 κακῶν
672 1714 771 1798 φοράν
794 1712 902 1802 α’ρθελς
924 1713 1032 1799 όόνῆρ
1057 1717 1111 1801 την
1137 1717 1275 1784 διάνοιαν
1293 1726 1302 1765 ¹
1317 1721 1425 1795 δεινοῖς

256 1821 437 1904 κατέτρωσεν
457 1819 567 1883 ίαυτοῦ
588 1817 643 1900 τήν
657 1817 773 1902 ψυχὴν,
805 1821 856 1884 καὶ
881 1824 965 1884 ’τῶν
980 1816 1060 1906 αὐτῷ
1077 1824 1269 1887 πεισθέντων.
1312 1817 1420 1900 Ἐφαν-

256 1920 405 2004 τιισιάσθη
421 1919 476 2007 γάρ
494 1912 582 1997 οῦτος
598 1920 722 2005 ὕστερον
738 1923 832 1987 εἰπεῖν
845 1920 937 1997 αὐτός
950 1945 980 1985 τε
997 1923 1048 1986 καὶ
1063 1924 1094 1986 οέ
1105 1919 1154 1987 ὑπ’
1172 1923 1266 1988 αῦτοῦ
1283 1933 1419 2006 μεμαθη·

255 2027 389 2107 τετιμένοι
406 2023 469 2103 ότι,
502 2023 623 2103 Οῦτιος,
654 2025 742 2105 φησί,
774 2022 826 2089 τόν
844 2023 920 2089 θεόν
939 2025 1340 2110 έπίσταμαιτηλαυγέστατα,
1368 2028 1420 2093 καλ

254 2135 396 2195 τοσοῦτον
420 2125 513 2192 αῦτόν
536 2129 695 2208 ίπίστοιμοιι
720 2128 771 2190 καὶ
794 2123 879 2204 οίόα,
912 2125 983 2201 ῶςτε
1014 2124 1056 2208 μὴ
1084 2128 1192 2192 είῦέναι
1221 2127 1351 2211 ἐμαυτόν
1380 2125 1421 2207 εἷς

254 2229 329 2297 θεόν
350 2236 482 2313 ιμᾶλλον
498 2233 664 2312 έπίσταμαε.
700 2226 791 2292 ”Ana
806 2229 838 2294 δέ
851 2227 908 2294 ὅσα
923 2230 990 2314 περί
1011 2229 1119 2294 τοῦτου
1136 2225 1321 2312 όκηκόαμεν,
1341 2235 1417 2296 *κσ-

253 2331 321 2410 ode
342 2336 447 2410 δεινῶς
465 2328 483 2398 ό
501 2332 640 2415 διάβολος
666 2328 726 2395 κατ’
752 2329 845 2396 αῦτοῦ
872 2330 1092 2415 έμηχανήσατο,
1126 2332 1226 2416 ψυχάς
1248 2329 1415 2417 &vop-‘m

254 2438 471 2502 ῦελεσσθέντων
487 2432 636 2501 άπολίσαι.
683 2434 743 2498 Καλ
762 2432 818 2518 γάρ
835 2433 892 2500 οῦκ
910 2432 1008 2519 άγεται
1023 2432 1126 2510 αὐτοῖς
1144 2438 1211 2518 περλ
1228 2438 1298 2516 βίου
1316 2430 1416 2514 σεμνό-

253 2560 356 2622 τητος,
388 2535 426 2604 οῦ
444 2540 509 2622 περί
532 2543 688 2620 νηστειῶν,
722 2534 760 2601 οῦ
783 2538 851 2618 περί
871 2536 1057 2619 ένταλμάτων
1079 2543 1172 2614 θεοῦ,
1203 2534 1241 2602 οῦ
1256 2540 1323 2616 περί
1340 2558 1419 2611 τινος

254 2640 356 2725 έτέρου
381 2648 441 2706 τῶν
466 2643 508 2717 είς
531 2637 607 2721 ζωὴν
634 2637 813 2723 σἰνθρῶποις
835 2640 868 2703 έν
890 2646 966 2704 θεοῦ
988 2641 1259 2723 προςτεταγμένων,
1290 2635 1420 2721 ἢμόνον

254 2742 410 2829 πρόχειρος
425 2739 657 2827 ιιότοῖςόλόγος
674 2738 712 2806 δι’
727 2739 794 2816 ένός
809 2740 940 2825 βήματος
953 2740 987 2806 τό
1003 2749 1070 2806 πῶν.
1099 2739 1153 2817 Ὡς
1169 2745 1253 2818 εἴτις
1268 2737 1329 2807 άπό
1348 2736 1420 2822 ’νηός
1519 2783 1520 2786 =

253 2848 364 2931 έίψας,
393 2846 444 2910 καί
467 2843 522 2927 τὴν
538 2851 637 2910 πᾶσαν
653 2841 780 2926 ίκβολὴν
800 2851 855 2908 τοῦ
871 2842 980 2919 παντός
998 2843 1141 2929 ὅφόρτου
1156 2843 1299 2927 ποιήσας,
1329 2840 1419 2909 κατά·

252 2968 307 3037 σχη
325 2947 357 3011 δέ
373 2948 406 3012 έν
423 2972 450 3011 τι
469 2953 528 3011 τῶν
545 2949 577 3012 έν
592 2953 633 3035 τῷ
649 2951 742 3034 πλοίῳ
758 2949 996 3029 έμβεβλημένων,
1027 2945 1158 3032 κεράμου
1173 2949 1204 3011 τί
1218 2972 1311 3028 φημι,
1341 2942 1419 3028 ἥτε·

251 3075 304 3125 νος
322 3049 441 3131 έτέρου,
464 3045 506 3124 ῶς
521 3048 673 3114 ῦόνασθαε
692 3045 730 3114 δι’
747 3049 814 3125 ένός
831 3048 956 3125 σκεύους
973 3049 1027 3115 τόν
1045 3047 1145 3115 πάντα
1162 3049 1273 3114 πόντον
1293 3045 1420 3130 ‘Gumi-

251 3159 379 3230 ξασθαι,
411 3153 459 3216 καί
478 3156 625 3235 σωτηρίαν
639 3153 737 3239 έαυτῶ
753 3157 1029 3237 προςπορίοασθαι,
1063 3155 1224 3232 σφαλέντος
1238 3152 1270 3216 δέ
1286 3158 1342 3217 τοῦ
1359 3175 1419 3217 τοι·

253 3253 363 3331 σῦτου,
385 3255 437 3318 καλ
458 3253 511 3336 οῦγ
530 3251 572 3331 ῶς
588 3251 779 3336 όπελάμβανε
796 3256 864 3340 περλ
883 3261 937 3319 τοῦ
954 3253 1025 3337 μετά
1050 3260 1154 3339 7χεῖρα
1169 3251 1295 3328 σκεόους
1315 3250 1348 3318 τό
1367 3253 1419 3318 πί·

252 3380 307 3442 ρας
330 3351 484 3440 εόρόντος,
517 3353 639 3442 ῦστερον
665 3353 853 3441 όποβρυχίου
876 3356 1047 3443 γεγονότος,
1081 3360 1227 3423 ἐκπεσεῖν.
1240 3362 1294 3438 της
1319 3353 1420 3438 πάσης

250 3461 451 3544 πραγματείας
477 3482 508 3523 τε
525 3460 577 3524 καλ
596 3463 754 3541 σωτηρίας·
786 3459 864 3524 οῦτοι
889 3462 940 3524 καί
964 3451 1053 3536 οὗτος
1075 3456 1093 3524 ό
1113 3456 1239 3537 Ἀέτιος,
1270 3459 1321 3522 καί
1343 3460 1375 3523 οί
1387 3459 1419 3536 ίξ

251 3558 345 3626 σότοῦ
364 3558 530 3643 Ἀνόμοιοι,
561 3563 603 3636 είς
620 3563 711 3641 μέσον
740 3562 880 3644 φέροντες
895 3560 930 3627 τό
948 3560 1039 3646 βητόν
1058 3559 1091 3625 τό
1114 3557 1175 3625 ῦπό
1194 3568 1248 3626 τοῦ
1262 3564 1369 3645 κυρίου
1386 3562 1419 3626 έν

250 3668 293 3750 τῷ
316 3660 472 3751 εόαγγελίιγυ
503 3665 655 3747 είρημένον
681 3662 738 3746 τήν
769 3664 822 3745 μέν
852 3665 930 3741 λέξιν
952 3661 1153 3749 ὑφηγοῦνται,
1184 3662 1239 3746 τὴν
1267 3664 1300 3728 δέ
1327 3660 1419 3746 αὐτῆς

252 3763 380 3847 δύναμιν
403 3763 461 3830 οῦκ
480 3765 585 3848 ὀρθῶς
599 3767 769 3850 κατέχοντες
787 3765 941 3844 σφάλλεται
961 3768 1011 3831 καί
1025 3764 1213 3844 σφάλλονται.
1248 3764 1344 3831 Ὅταν
1359 3763 1418 3852 γάρ

124 3890 181 3938 Μ·
195 3879 241 3925 ⁸¹¹·
255 3866 359 3943 σῦτοῖς
372 3866 538 3952 περιτόχοιέ
552 3893 612 3947 τις,
635 3871 686 3933 καί
700 3869 768 3952 περλ
785 3871 912 3934 έντολῶν
927 3865 1123 3951 ῦπομνήσειε,
1143 3875 1232 3934 τοῦτο
1248 3865 1419 3950 φάσκουσιν

251 3963 293 4047 σός
314 3973 397 4054 ’έφη
413 3968 446 4037 τό
464 3970 571 4054 βητόν,
601 3970 663 4049 ότι,
689 3969 786 4036 Οόῦέν
805 3969 906 4056 έτερόν
923 3973 1002 4036 έστιν
1017 3969 1035 4036 λέ
1052 3979 1131 4052 ζητεῖ
1143 3969 1218 4047 θεός
1233 3968 1302 4056 παρ’
1319 3967 1419 4053 ἡμῶν,

250 4069 576 4158 ἄλλ’ίναγινάσκωμεν
598 4069 690 4138 αῦτόν
709 4071 819 4155 μόνον,
850 4070 892 4150 ῶς
905 4075 956 4138 καί
973 4070 992 4139 ό
1011 4072 1138 4158 Χριστός
1158 4075 1231 4156 έφη,
1263 4075 1353 4155 φησί,
1384 4075 1418 4139 έν

248 4180 291 4262 τῷ
306 4175 399 4259 λέγειν
413 4173 519 4258 αὐτόν,
541 4174 604 4253 Δός
621 4173 736 4255 αότοῖς,
761 4174 870 4259 πάτερ,
903 4177 978 4258 ἔχειν
994 4177 1026 4241 έν
1042 4177 1159 4250 έαοτοῖς
1174 4172 1265 4257 ζωήν·
1288 4174 1364 4258 αῦτη
1384 4177 1419 4241 δέ

249 4278 328 4342 έστιν
343 4272 365 4360 ἦ
379 4275 454 4360 ζωὴ,
474 4281 526 4344 ’ίνα
541 4277 707 4365 γινάσκωσί
721 4299 752 4342 σε
769 4275 821 4343 τόν
838 4274 931 4360 μόνον
948 4275 1094 4360 ιἰληθενόν
1109 4275 1201 4358 θεόν,
1225 4275 1329 4343 καλόν
1345 4273 1417 4343 άπέ·

282 4399 307 4448 5.
325 4397 584 4463 καλρστείοειλουεοοιι
598 4404 728 4464 σριιοιοατιε
745 4399 816 4450 τοῦθ.
885 4400 945 4452 Cn.
964 4402 1054 4451 1v.-
1090 4403 1112 4452 1.
1130 4394 1214 4458 δεινός
1230 4401 1280 4451 οοσ.
1299 4400 1398 4465 θοεσίρ.

248 4479 303 4519 εισι.
332 4470 376 4518 λετ.
394 4469 490 4532 Ma.
526 4470 680 4520 scribendum
702 4470 812 4530 καιρίων
879 4467 904 4520 2
925 4471 991 4521 Libri
1008 4472 1079 4533 υαίςο
1097 4465 1149 4521 τῶν
1170 4460 1254 4520 αῦτῶν
1272 4461 1343 4536 αὐτῷ
1360 4483 1417 4521 πει-

247 4525 402 4602 ῦόμολοηῶ.
846 4535 964 4591 σθέντων.
1012 4537 1167 4589 scribendum
1201 4536 1300 4597 έοτίαιιι
1329 4529 1415 4590 αῦτῶν

281 4601 306 4656 6.
322 4605 435 4655 Ρειαυέιιι
440 4599 626 4668 ρυεοσαεἊλλᾶ
633 4603 678 4658 τοῦ
689 4597 749 4659 τότε
756 4604 812 4658 κτλ.
847 4604 898 4659 τῶν
915 4598 986 4677 αὐτῷ
1006 4602 1168 4659 πεισθέντων.
