3096 5070
440 301 576 353 rinnon
593 301 656 351 ura.
670 301 714 351 nr.
730 299 811 353 rou.
825 301 845 351 r.
864 299 962 351 narn.
978 300 1101 351 nxxvr.
1289 288 1349 353 221

276 421 440 483 xxxvttt.
459 419 493 485 Si
511 420 582 484 nihii
602 441 702 484 eorum
721 441 795 504 quae
813 421 905 484 risum
925 420 1069 503 effugiunt
1084 420 1243 505 semetipso
1259 421 1352 484 sativa

194 523 313 609 quedam
338 523 366 585 vi
389 523 469 608 prius
486 533 547 600 est,
579 532 665 607 atque
694 523 811 586 definita
831 534 952 586 naturae
978 532 1059 585 sorte
1085 524 1270 600 continetur,
1303 522 1351 606 qui

192 625 255 689 tieri
273 635 371 710 potest
394 636 424 688 ut
450 626 599 708 ingenitus
629 627 701 689 deus
726 624 761 689 ab
787 626 865 687 omni
887 624 1042 687 sortitione
1061 624 1135 687 liber
1158 647 1239 688 soarn
1259 625 1351 708 ipsius

191 727 383 792 substantiam
406 729 492 792 modo
512 728 540 790 in
557 729 656 813 genita
674 727 777 792 sobole
803 727 953 791 interioris
976 727 1125 791 cniusdam
1149 748 1183 790 ae
1203 727 1350 791 secundae

190 829 384 909 eonditionis,
413 831 499 893 modo
517 829 547 894 in
564 831 696 913 ingenito
712 828 867 915 primariae
885 850 954 894 esse
978 830 1093 909 videat,
1124 830 1165 892 ita
1187 840 1219 892 ut
1244 829 1351 914 prioris

188 932 317 998 insitae
339 933 513 1017 posterioris
535 934 630 997 ordo?

275 1036 409 1099 XXXIX.
435 1033 467 1099 Si
492 1037 520 1099 in
546 1036 677 1119 ingenita
702 1047 805 1099 natura
825 1045 995 1119 perseverat
1016 1035 1106 1112 deus,
1140 1034 1350 1097 detrahendum

189 1137 247 1202 hoe
267 1136 310 1200 itti
331 1149 396 1216 est,
426 1149 458 1201 ut
472 1139 609 1221 generari
627 1159 660 1201 se
676 1149 762 1222 atque
781 1138 943 1222 ingenitum
961 1158 1027 1202 esse
1045 1147 1216 1220 cognoseat.
1263 1133 1349 1220 Quod

190 1239 216 1304 ei
231 1239 261 1302 id
276 1239 318 1303 itti
336 1240 422 1303 detur
436 1251 466 1303 ut
483 1261 536 1324 per
550 1241 641 1324 geniti
660 1241 841 1325 ingenitique
862 1241 1058 1304 conditionem
1077 1240 1154 1304 itlius
1168 1251 1270 1304 natura
1290 1251 1350 1304 tra·

191 1341 325 1423 domim,
350 1343 541 1407 substantiam
559 1343 623 1427 ipse
638 1364 720 1406 suam
739 1343 868 1428 ignorat,
893 1364 957 1407 oum
974 1343 1010 1407 ab
1024 1355 1162 1428 utraque,
1184 1344 1275 1428 geniti
1291 1343 1349 1408 soi-

192 1442 261 1507 iioet
281 1455 367 1528 atque
390 1445 530 1530 ingeniti,
555 1445 694 1529 qualitate
717 1446 907 1509 distrahatur.

273 1549 335 1610 XL.
360 1544 393 1612 Si
417 1569 489 1611 vero
507 1547 636 1632 genitum
657 1548 834 1612 contuitionis
859 1548 981 1632 ingeniti
1010 1548 1155 1634 partieeps
1179 1559 1241 1628 est,
1274 1559 1305 1612 et
1319 1549 1349 1613 in

194 1647 284 1730 geniti
299 1661 402 1713 natura
419 1661 560 1733 perpetuo
576 1661 686 1729 manet,
712 1672 836 1714 neeesse
854 1662 900 1714 est
917 1661 948 1714 ut
964 1672 996 1715 se
1012 1651 1181 1736 imperfecta
1198 1653 1227 1715 in
1244 1662 1349 1717 nature

194 1751 379 1816 constitutum
407 1773 473 1816 esse
501 1762 677 1837 cognoseat,
710 1765 740 1816 et
764 1753 842 1816 illam
869 1753 989 1838 ingeniti
1012 1755 1245 1818 communionem
1265 1753 1350 1838 igno·

193 1863 249 1917 ret.
293 1853 400 1938 Neque
417 1855 494 1918 enim
514 1856 589 1918 idem
609 1857 645 1919 de
662 1857 760 1941 seipso
776 1867 806 1919 et
822 1854 970 1940 ingenitae
986 1855 1168 1920 substantiae
1186 1867 1216 1920 et
1230 1858 1348 1942 genitae

191 1955 322 2021 notitiam
345 1957 505 2020 informare
523 1967 631 2042 potest.

274 2060 349 2122 xit.
369 2057 403 2123 si
420 2058 542 2144 ingeniti
561 2060 723 2145 proprietas
740 2060 815 2123 ieris
836 2071 893 2139 est,
917 2081 952 2123 ae
971 2060 1080 2124 minimi
1097 2061 1247 2141 iacienda,
1272 2063 1348 2147 quod

190 2162 221 2227 in
240 2162 432 2227 mutationem
450 2161 589 2247 proclivis
606 2162 660 2242 sit,
684 2163 870 2226 immutabitis
885 2162 1050 2227 substantia
1069 2174 1191 2228 naturae
1208 2167 1347 2249 quaedam

190 2266 317 2351 dignitas
341 2275 403 2342 est,
438 2287 503 2327 eum
529 2265 659 2350 ingenita
679 2264 844 2329 substantia
869 2265 998 2329 omnium
1021 2267 1208 2331 confessione
1233 2269 1348 2333 eaussis

190 2367 326 2432 omnibus
348 2367 516 2430 anteeettat.

275 2471 364 2533 xutt.
384 2465 421 2533 Si
441 2468 603 2554 ingenitum
626 2489 759 2534 caussam
779 2471 885 2535 nuliam
903 2471 1017 2556 penitus
1039 2471 1142 2549 habet,
1172 2470 1288 2556 sintque
1303 2474 1348 2537 in·

189 2574 288 2658 genita
310 2573 470 2656 compium,
498 2572 668 2635 immutabili
688 2584 790 2637 natura
817 2574 1004 2638 constabunt.
1049 2572 1156 2658 Neque
1173 2576 1250 2639 euim
1267 2577 1349 2640 velot

189 2675 328 2740 attributa
345 2674 507 2738 eommunis
533 2675 682 2737 cuiusdam
702 2697 737 2739 ee
756 2676 912 2761 pecoliaris
932 2689 1053 2740 naturae
1068 2676 1236 2740 conditione
1258 2679 1347 2764 parti·

191 2798 317 2865 sepeque
340 2778 416 2840 taeta
440 2776 533 2840 altera
555 2777 654 2840 molita
676 2789 741 2857 est,
763 2779 854 2842 altera
878 2780 1030 2865 producta.

273 2881 377 2943 xant.
402 2875 435 2943 Si
456 2879 619 2943 substantia
634 2882 730 2944 omnis
748 2881 876 2966 ingenita
893 2894 955 2961 est,
980 2883 1050 2946 nihil
1067 2904 1133 2947 ase
1148 2882 1275 2948 invioem
1292 2883 1346 2950 heo

192 3000 231 3045 ex
251 2993 334 3068 perte
362 2982 516 3061 different,
557 2984 631 3067 quod
654 2995 756 3047 nerrtra
781 2984 971 3048 dominationi
994 2985 1125 3049 subiecta
1148 2985 1188 3050 sit
1209 2986 1342 3052 alterius.

193 3079 294 3165 Quare
304 3084 420 3169 quinam
438 3085 574 3149 affirmari
588 3096 684 3169 potest
698 3087 913 3166 monterionem,
927 3087 1048 3151 aiteram
1064 3100 1189 3169 mutare,
1209 3110 1273 3153 oum
1289 3071 1350 3154 deo⁸

195 3185 314 3250 minime
335 3187 505 3272 permittant
527 3198 559 3250 nt
581 3209 621 3251 ex
644 3189 722 3252 nodia
744 3188 876 3253 subieetn
899 3189 1062 3254 substantia
1083 3193 1236 3276 prodooat.
1393 3180 1399 3189 ⁶

276 3289 377 3352 xttv.
400 3287 434 3354 Si
452 3290 546 3354 omnis
561 3291 723 3355 substantia
742 3291 871 3375 ingenita
885 3303 948 3370 est,
973 3293 1093 3376 perinde
1110 3305 1139 3358 et
1154 3295 1232 3359 nulia
1248 3297 1346 3360 varia-

192 3390 260 3456 bitis
272 3401 328 3455 est.
372 3388 458 3475 Quod
477 3393 501 3456 si
525 3394 634 3457 variari
652 3404 756 3457 natura
774 3416 831 3457 non
849 3406 962 3480 potest,
996 3418 1085 3481 agere
1108 3418 1142 3460 ae
1158 3398 1216 3483 pati
1235 3399 1269 3462 ad
1287 3400 1346 3463 for·

193 3494 294 3558 tuitnm
312 3495 452 3578 quendam
476 3516 575 3558 oasam
598 3497 752 3560 referenda
775 3507 855 3560 sunt.

274 3598 362 3660 XLV.
387 3596 473 3680 Quod
495 3598 521 3660 si
542 3599 630 3661 multa
656 3600 714 3662 sint
734 3600 865 3684 ingenita
890 3612 920 3664 et
935 3601 1135 3681 invariabiiia‚
1169 3602 1247 3667 nuiio
1264 3615 1345 3668 certo

192 3718 209 3762 a
230 3699 407 3763 seinvicem
429 3721 550 3763 numero
570 3700 784 3784 discrepabunt.
829 3701 937 3788 Neque
959 3704 1036 3767 enim
1059 3707 1265 3789 comprehendi
1292 3730 1346 3770 nu·

190 3820 272 3864 mero
291 3813 430 3885 poterunt
447 3824 519 3887 quae
542 3801 590 3864 vei
608 3801 741 3866 absolute
760 3805 808 3866 vei
825 3805 922 3890 aliqua
940 3827 980 3870 ex
997 3817 1079 3891 parte
1100 3807 1255 3888 differant,
1281 3830 1344 3872 oum

191 3901 357 3968 differentia
375 3904 471 3968 omnis
490 3903 699 3968 determinatae
715 3926 839 3970 caussae
855 3909 885 3971 in
902 3909 1031 3992 ingenita
1050 3919 1152 3972 natura
1168 3910 1249 3974 velut
1262 3911 1346 3975 attri-

189 4002 287 4069 butam
311 4017 421 4070 sortem
444 4006 600 4089 significet.

223 4141 265 4196 at.
283 4134 420 4210 dotordrm
435 4141 507 4206 intre.
821 4139 863 4197 90.
880 4144 959 4199 αἰτίου
976 4149 1030 4198 dedi
1045 4149 1163 4211 afletai.
1197 4150 1264 4200 Libri
1276 4154 1347 4216 oropo

223 4210 265 4262 88.
284 4226 313 4262 τε
330 4210 374 4263 καὶ
391 4213 463 4275 intro.
784 4217 896 4276 praebeat
910 4212 962 4277 dre,
985 4219 1048 4279 qood
1065 4220 1177 4269 Petreius
1199 4222 1290 4270 unsinii
1309 4223 1347 4272 in·

223 4276 264 4329 89.
282 4272 462 4345 ἅποκλτῐρωσίν
480 4294 534 4332 τινα
554 4280 609 4331 dedi
628 4294 658 4331 ee
677 4283 752 4345 iisset
786 4285 860 4333 etusit.
897 4284 1024 4334 Gomortua
1040 4289 1106 4336 uertit
1123 4303 1199 4364 quum
1214 4284 1294 4338 omnia
1309 4287 1347 4338 di·

191 4348 279 4409 Seripti
295 4351 348 4397 tibn‘
363 4353 384 4397 et
399 4349 454 4398 edit.
466 4352 542 4410 peine.
563 4352 676 4410 praebent
692 4346 753 4402 ἀπο·
785 4348 877 4400 stantia
892 4359 985 4400 sortem
1001 4368 1031 4400 ae
1048 4352 1207 4418 partitionem
1223 4353 1347 4423 quandam

190 4411 317 4481 κλήρωμα
332 4414 394 4470 τινὰ.
423 4418 625 4468 remitmittere
641 4413 752 4485 donetq-
786 4417 903 4470 osteodet
931 4436 1030 4470 eanssae
1052 4419 1190 4475 disiunctae
1219 4416 1347 4492 ingenitae

190 4498 269 4613 m
283 4483 308 4535 ri
323 4480 394 4549 τινὰ,
418 4486 460 4535 sed
477 4477 683 4551 ἄποκληρῶματά
698 4503 753 4540 τινα
785 4497 897 4540 naturae.
