3096 5070
401 286 537 340 rinnau
555 285 618 337 ura.
635 287 680 338 nr.
697 285 778 339 ron.
794 285 814 336 1.
832 284 932 336 nura.
946 282 1078 338 ιω·
1248 265 1307 334 ter

161 377 250 487 tinet}
282 407 319 470 de
336 428 393 492 quo
411 405 609 471 testinnonium
629 405 698 470 iilud
719 403 856 490 protulits
886 407 996 466 Parrha
1012 403 1314 466 nostrone-enotares
1351 408 1430 518 ¹'a‚⁰i.“

160 525 202 583 ert
221 515 371 585 Cdrr'stnsp
407 508 486 572 iiiurn
511 510 694 584 intueamur,
727 507 810 571 euius
826 507 882 570 ista
900 526 961 569 vox
980 515 1043 581 est,
1077 515 1239 568 utrumnam
1263 522 1313 567 oe·

160 612 281 678 lebrarit
297 612 371 696 ipse.
418 608 464 673 De
481 630 517 672 eo
536 630 608 673 vero
624 609 669 674 aie
685 610 824 694 seriptum
841 620 904 671 esta
935 609 1099 670 Fertr'nodot
1113 619 1147 669 ut
1158 608 1456 670 austremonius

161 722 341 781 Pentecosten
363 715 553 792 lerosolpmt'e.
601 709 731 795 qunarn
756 731 828 776 vero
846 707 1045 774 Pentecosten
1069 705 1179 772 Paulus
1196 719 1311 792 ageret,

159 814 348 884 nisiPuscha
365 815 446 900 prius
463 813 604 877 obtinent
649 809 723 896 Quis
740 822 786 876 est
801 813 912 898 uspiam
931 822 1075 875 terrarum
1092 811 1140 895 qui
1155 832 1213 872 nou
1230 810 1260 873 in
1277 830 1314 874 eo

160 920 344 994 consentiet,
377 925 528 1001 quartem,
558 926 711 980 sentamve
741 915 840 978 teriam
864 912 979 978 solenni
1001 913 1031 976 in
1056 912 1181 976 eooleeia
1205 911 1315 976 ieiunio

160 1021 384 1088 oonsacrntarut
429 1015 514 1102 Quod
539 1017 564 1081 si
584 1038 624 1080 ex
642 1017 840 1102 apostoloram
860 1014 1069 1080 constitutione
1087 1014 1246 1100 repetenda
1261 1034 1314 1078 no·

161 1125 206 1188 bis
223 1121 384 1188 auotoritas
400 1130 461 1197 est,
482 1140 535 1182 eur
551 1119 608 1182 iliis
624 1129 745 1202 quartae
768 1129 930 1203 sextaeque
946 1119 1038 1182 dariae
1054 1117 1192 1181 ieiunium
1211 1136 1314 1202 perpe-

161 1236 210 1292 tua
235 1226 300 1308 iege
321 1221 469 1298 sancitur,
502 1231 626 1304 excepta
646 1218 844 1285 Pentecoste?
889 1217 952 1285 Cor
968 1241 1024 1285 sex
1040 1218 1195 1284 Pasoiratis
1212 1218 1316 1283 diebrn

162 1327 233 1395 nihil
248 1323 419 1410 onninopad
437 1323 532 1387 eibum
552 1334 668 1408 praeter
686 1344 807 1409 panem,
836 1323 928 1388 saleru
945 1334 975 1388 et
992 1344 1095 1408 aquam
1120 1323 1314 1387 adhibendum

162 1428 319 1495 definiunt?
362 1423 525 1510 Quemnam
548 1446 621 1489 vero
637 1426 780 1490 eeiebruri
800 1425 895 1503 diern,
918 1436 949 1491 et
971 1427 999 1489 in
1015 1426 1207 1490 iittnsrentem
1222 1425 1316 1490 donui-

162 1531 256 1596 nioasu
279 1529 424 1593 dimittere
448 1525 647 1612 praeripiant,
677 1527 786 1593 nenini
813 1547 881 1592 esse
905 1539 1002 1614 potest
1029 1528 1197 1592 obseurunr.
1254 1525 1317 1593 lan

163 1652 234 1697 vero
261 1630 318 1696 otri
342 1630 457 1694 tandein
478 1629 594 1695 iliorum
613 1629 769 1714 peritiores
789 1632 878 1695 sunt?
921 1630 970 1694 An
985 1651 1087 1695 errore
1107 1631 1247 1716 deeeptus
1264 1630 1317 1694 ite*

47 1769 54 1782 ·
161 1734 295 1812 munnio,
325 1732 374 1817 qui
394 1754 472 1797 nune
498 1733 615 1796 tandem
638 1732 776 1811 emersit,
808 1744 839 1796 et
864 1732 957 1796 adhue
975 1732 1061 1796 hodie
1079 1742 1231 1818 superstes
1252 1732 1317 1796 eett

162 1838 210 1902 tn
234 1835 369 1919 quiante
392 1854 447 1898 nos
462 1845 554 1900 testes
573 1832 756 1913 extiterunt,
786 1835 892 1919 quique
916 1845 984 1898 aute
1011 1856 1065 1899 nos
1083 1834 1205 1898 eaodem
1226 1833 1317 1898 tradi·
1376 1842 1378 1847 '

163 1939 271 2002 tionem
290 1936 320 1999 in
337 1936 463 2000 erotesis
479 1945 654 2014 tenuerunt,
677 1957 763 2020 poan
783 1946 818 2000 et.
826 1937 881 2021 ipsi
899 1958 916 1999 n
934 1937 1104 2020 perentibus
1117 1937 1178 2000 suis
1194 1958 1318 2023 eeoepe·

162 2052 246 2119 rant,
277 2050 307 2103 et
322 2041 450 2122 ipsorum
468 2047 605 2122 parentes
622 2059 639 2101 a
658 2039 818 2102 maioribus
837 2039 900 2103 suis
917 2038 1097 2117 didicerant,
1129 2038 1317 2123 quemadmo-

162 2146 228 2208 dum
244 2142 383 2218 eeeieeia‚
407 2161 491 2223 quam
508 2160 524 2200 a
540 2139 671 2224 patribus
687 2141 750 2205 suis
765 2141 879 2227 eeeepit
895 2151 1004 2205 reatem
1022 2162 1057 2203 ao
1070 2141 1217 2205 sineerarn
1230 2141 1317 2205 fidens

161 2267 226 2310 eum
251 2242 456 2309 traditionibus
481 2243 517 2305 ad
543 2242 620 2305 huno
648 2243 728 2306 diesi
748 2241 909 2307 observet?
951 2240 1096 2307 Facessat
1124 2241 1214 2327 igitur
1242 2244 1317 2308 istra

160 2347 239 2411 iliius
262 2347 298 2410 de
314 2343 461 2408 Pesehnta
482 2343 642 2409 sententia.
687 2341 773 2427 Quod
797 2343 822 2409 si
840 2346 876 2410 de
893 2355 995 2430 qnurtu
1013 2355 1138 2409 sextano
1163 2345 1237 2408 teria
1253 2345 1316 2410 nui*

160 2451 216 2514 isin
234 2449 354 2512 omnino
380 2447 409 2510 in
427 2447 636 2512 onustitutiona
655 2467 708 2511 aua
725 2447 903 2512 mentionem
920 2447 1044 2532 apostoli
1063 2447 1220 2526 iecissent,
1251 2447 1317 2512 ediis
1433 2492 1437 2501 ,

162 2563 259 2615 tamen
277 2549 457 2635 argumentis
474 2549 580 2613 licebat
596 2550 649 2613 uti.
695 2545 876 2633 Quamquam
894 2570 928 2612 ea
943 2550 979 2612 de
997 2570 1030 2614 re
1047 2559 1093 2614 est
1107 2549 1144 2613 nb
1157 2548 1215 2612 iliis
1230 2570 1317 2615 aoru-

160 2653 309 2719 ratissimo
324 2652 482 2737 seriptum,
513 2650 599 2736 idque
618 2651 761 2736 ipsuneb
779 2652 903 2716 eeclesia
920 2662 1088 2738 surreptum
1106 2651 1251 2716 oomnnni
1270 2663 1317 2715 est
1356 2701 1375 2723 .,
1459 2704 1463 2711 .

161 2755 358 2819 eonsensione
382 2755 542 2830 firmatum,
573 2763 728 2836 autequam
746 2754 856 2818 Atrius
872 2754 1030 2818 ottuseun
1046 2752 1186 2818 Adrianis
1201 2753 1317 2817 exinte-

162 2867 218 2920 ret.
255 2852 312 2939 Quoi
330 2855 399 2919 nitri
414 2867 574 2941 propterea·
586 2855 692 2919 merito
707 2855 736 2918 id
752 2855 878 2920 nominis
894 2856 1017 2942 adeptus
1032 2855 1158 2920 videtur.
1193 2856 1326 2921 atrion>

162 2958 265 3043 quippe
277 2957 409 3043 spiritum
434 2978 473 3023 ex
493 2957 659 3044 impuritate
674 2969 855 3036 naetuaest,
886 2958 923 3024 de
937 2959 988 3022 iiio
1002 2959 1149 3023 atriorum
1170 2958 1317 3043 equitiae

161 3060 312 3145 spirituum
329 3081 438 3144 grege,
461 3061 509 3145 qui
526 3062 555 3124 in
572 3061 635 3142 ipso
650 3059 794 3123 adversus
809 3061 963 3125 eoriesiem
979 3059 1156 3125 donioilinm
1172 3060 1315 3144 posuerit.

246 3157 333 3243 Quod
350 3182 422 3227 nero
439 3173 552 3246 spectat
568 3163 603 3225 ad
621 3161 707 3227 ritum
726 3162 806 3226 iilum
821 3184 879 3246 qno
901 3171 1080 3226 mortuorum
1104 3163 1221 3227 nomine
1249 3184 1316 3249 pro·
1333 3180 1456 3249 capvtr.

161 3262 350 3341 nuntientur,
374 3264 440 3348 quid
458 3285 495 3328 eo
514 3285 580 3329 esse
597 3275 693 3349 potest
711 3263 831 3328 utilius?
860 3265 927 3348 quid
945 3266 1151 3350 opportunius,
1177 3276 1226 3329 aut
1243 3286 1317 3330 vero

161 3364 353 3429 admiratione
375 3366 512 3449 digniori
544 3356 649 3451 nempe
673 3366 776 3450 utqui
801 3367 908 3431 adsunt
932 3368 1096 3432 certissime
1119 3368 1173 3432 sibi
1197 3387 1317 3451 persue-

162 3468 249 3530 deeut
270 3478 401 3531 mortuos
423 3467 543 3546 vivere,
569 3488 625 3532 neo
643 3468 672 3530 in
690 3468 809 3532 nibilum
833 3470 969 3533 reductos
993 3490 1078 3548 essa,
1110 3470 1162 3534 sed
1186 3470 1316 3533 existere

161 3569 273 3647 adhue,
307 3579 393 3652 atque
419 3571 492 3656 apud
516 3571 662 3635 domiuurn
684 3570 803 3635 vivere:
839 3583 899 3634 tum
922 3583 957 3634 nt
977 3570 1230 3655 religiosissimum
1248 3569 1317 3634 iliud

161 3671 266 3754 dogna
289 3671 489 3755 praedicetur,
521 3694 579 3755 quo
597 3672 646 3755 qni
672 3693 724 3758 pro
748 3672 886 3737 tratribus
910 3684 1082 3757 precantur,
1115 3671 1189 3736 bene
1205 3673 1241 3734 de
1259 3672 1317 3736 iliis

161 3793 282 3859 sperare
300 3783 432 3851 constat,
463 3775 546 3857 quasi
571 3793 695 3857 peregre
715 3775 866 3856 protentis.
912 3770 1052 3838 Ceterum
1072 3794 1146 3858 quae
1168 3796 1221 3859 pro
1239 3795 1318 3841 rnor-

162 3874 220 3939 tnis
245 3873 451 3958 oonoipiuntur
477 3894 581 3961 preoes
602 3873 639 3935 iis
667 3874 752 3937 utiles
772 3886 862 3951 sunt,
895 3877 1010 3942 tametsi
1040 3898 1098 3941 non
1128 3897 1230 3941 omnes
1256 3877 1317 3942 oui-

160 3999 212 4063 pas
229 3977 415 4060 extinguant.
462 3975 572 4039 Verum
590 3995 628 4038 ex
647 3994 683 4037 eo
699 3987 819 4059 prosunt
834 3980 910 4059 quod
929 3980 1116 4064 pierumque,
1141 3979 1207 4042 dnm
1222 3979 1316 4046 addus

160 4080 189 4142 in
206 4090 284 4142 terre
301 4078 451 4163 degimus,
475 4088 579 4165 sponte
596 4088 646 4140 aut
662 4076 746 4140 inriti
764 4076 938 4159 titubemus,
973 4090 1006 4143 ut
1021 4080 1048 4143 id
1065 4081 1141 4163 quod
1158 4077 1336 4165 perfectius*

123 4196 126 4201 “
160 4180 412 4265 estsignitioetur.
456 4179 535 4245 Nam
551 4191 581 4242 et
596 4180 738 4244 iustorum
760 4180 871 4265 pariter
886 4191 916 4243 et
935 4192 1120 4267 peecatorum
1137 4182 1314 4250 mentidneur

162 4281 301 4362 iacintus,
325 4293 508 4366 peccatorum
528 4283 661 4367 quidem,
693 4291 724 4345 ut
740 4283 776 4345 iis
795 4304 810 4345 a
830 4282 947 4346 domino
967 4283 1195 4352 misericordiam
1213 4286 1315 4374 imple·

193 4413 219 4502 2ss
244 4455 307 4503 citet
333 4455 391 4504 tiore
413 4458 487 4504 uerbo
509 4457 648 4506 teodertus
672 4456 723 4506 Sin.
790 4454 815 4505 ³.
835 4452 955 4520 γενομένη
973 4456 1024 4506 eod.
1042 4457 1138 4524 ttttrdip.

161 4519 261 4582 Quom.
276 4536 302 4585 p.
314 4521 372 4573 200.
392 4525 465 4574 Grets.
785 4524 810 4574 4,
828 4524 937 4574 Fortasse
954 4517 1027 4592 ἅπερ.
