3096 5070
159 945 267 1003 mm
515 929 598 987 τοι
616 929 683 988 mv
699 927 847 987 Αιιοιε
867 927 1041 987 ιιΑνεοΣ
1062 927 1203 988 Ηττον

624 1083 665 1168 Ε
682 1082 728 1167 Π
744 1082 763 1167 Ι
777 1080 813 1168 Φ
829 1083 864 1167 Α
879 1083 926 1168 N
942 1081 961 1166 Ι
980 1080 1023 1169 Ο
1042 1076 1083 1166 Τ

493 1291 1222 1361 ΑΝΑΚΕΦΑΛΑΙΩΣΙΣ.

360 1671 537 1757 Ἐιιειδιξπερ
554 1674 691 1755 μέλλομεν
713 1671 785 1756 ύμῖν
807 1671 843 1738 τύ
866 1698 897 1738 τε
922 1671 1055 1757 ύνύματα
1075 1681 1134 1740 τῶν
1153 1675 1294 1759 αἱρέσεων
1315 1677 1444 1757 δηλοῦν,

280 1771 335 1851 τύς
351 1799 381 1839 τε
404 1773 472 1860 παρ’
491 1773 593 1851 αύτοῖς
609 1773 769 1858 ἀθεμίτους
792 1775 912 1860 πράξεις
935 1775 1166 1856 ύνακαλύπτειν,
1189 1775 1285 1863 ῶςπερ
1303 1775 1369 1853 ἱυύς
1388 1779 1444 1842 καί

281 1874 442 1961 δηλητηρια
459 1876 544 1957 ὄντα,
567 1877 622 1942 σύν
636 1877 737 1955 αύτοῖς
753 1880 785 1944 δέ
802 1877 863 1961 ἅμα
878 1880 929 1943 καί
945 1878 1116 1956 αἰντιδύτονς
1132 1879 1314 1964 ἱφαρμύσαι,
1338 1877 1442 1962 ύλεξη-

282 1987 402 2066 τηρίους
415 1981 467 2063 μέν
485 1987 545 2045 τῶν
561 1982 759 2066 δεδηγμένον,
783 1980 1077 2066 προκαταληπτικούς
1094 1983 1127 2047 δὲ
1140 1989 1200 2047 τῶν
1215 1980 1379 2065 μελλόντων
1398 1985 1442 2058 εἱς

282 2092 369 2151 τοῦτο
385 2087 550 2166 ἐμπίπτειν,
574 2082 729 2168 Πινάριον
749 2083 822 2169 ιγύρ
840 2111 877 2164 τι,
893 2082 987 2170 ἤγουν
1002 2083 1142 2168 κιβῶτιον
1157 2083 1288 2169 ίατρικδν
1303 2093 1362 2150 τῶν
1380 2096 1439 2167 θη-

283 2185 447 2272 ριοδήκτων
462 2184 685 2270 ἱρμηνεύσομεν,
709 2185 755 2251 δτι
766 2189 820 2271 πίρ
837 2188 897 2251 ἱστί
911 2214 938 2251 τι
955 2191 1070 2269 βιβλίον
1086 2184 1136 2251 διύ
1155 2194 1243 2271 τριῶν
1258 2189 1436 2273 συγγραφὲν,

282 2292 350 2373 ἱχον
363 2291 486 2376 αἱρέσεις
499 2287 693 2374 ὀγδοήκοντα,
715 2292 824 2364 αἵτινες
838 2292 879 2364 εἱς
894 2293 1011 2373 θηρίων
1027 2287 1048 2371 ἢ
1061 2291 1191 2374 ἑρπετῶν
1203 2288 1357 2375 αίνίγμαιύ
1368 2291 1430 2352 είσι.

283 2396 353 2457 Μία
367 2393 398 2457 δὲ
412 2389 484 2474 μετὰ
499 2389 553 2466 τύς
565 2388 748 2477 ὀγδοήκοντα
762 2389 782 2474 ἡ
795 2399 848 2474 τῆς
865 2387 1008 2474 ύληθείας
1021 2391 1108 2475 βύσις
1124 2391 1185 2474 ἅμα
1198 2395 1249 2458 καί
1264 2393 1429 2457 διδασκαλία

286 2493 454 2578 ’σωτήριος
469 2499 667 2579 πραγματεία,
689 2496 738 2558 καί
760 2501 892 2580 Χριστοῦ
910 2493 1013 2577 νύμφη
1029 2492 1098 2580 ύγία
1118 2497 1268 2577 ἐκκλησία,
1289 2484 1361 2559 ούσα
1380 2491 1431 2574 μέν

283 2595 332 2663 ἄπ’
348 2600 467 2678 αἰῶνος,
498 2596 547 2661 διύ
567 2597 599 2661 δέ
614 2605 668 2679 τῆς
682 2595 829 2682 ένσύρκου
848 2603 980 2682 Χριστοῦ
997 2603 1161 2681 παρουσίας
1175 2595 1252 2662 κατῶ
1266 2595 1320 2679 την
1338 2597 1435 2660 διαδο-

282 2699 337 2784 χὴν
350 2706 404 2765 τοῦ
427 2697 536 2783 χρόνον
563 2701 673 2780 8μίσον
689 2707 748 2765 τῶν
773 2701 993 2784 προειρημένων
1015 2701 1154 2785 αἱρέσεων
1176 2697 1439 2779 ύποκαλνφθεῖσα,

282 2805 334 2869 καί
345 2799 397 2884 ύφ’
408 2800 492 2885 ἡμῶν
504 2805 535 2867 ίν
548 2799 738 2884 ὑπομνήμασι
749 2800 799 2866 διδ
811 2810 865 2868 τοῦ
877 2801 1065 2887 κηρύγματος
1077 2810 1131 2867 τοῦ
1143 2807 1271 2886 Χριστοῦ
1283 2808 1440 2882 ταχθεῖσα,

38 2908 40 2915 “
161 2933 213 2980 μς.
226 2921 271 2967 ιιι.
282 2907 333 2972 καί
349 2904 438 2969 πάλιν
454 2902 524 2988 μεττὶ
546 2904 643 2980 πιέσας
658 2902 710 2980 τῶς
725 2912 784 2970 τῶν
805 2906 943 2989 αἱρέσεων
961 2904 1074 2970 τούτων
1094 2907 1272 2988 μοχθηρίας,
1302 2898 1345 2977 ῶς
1365 2898 1440 2968 α’να-

282 3006 385 3091 φυγὴν
400 3014 461 3072 τῶν
484 3005 536 3072 τδν
554 3006 688 3088 κάματον
711 3014 772 3071 τῶν
797 3009 937 3092 αἱρέσεων
952 3006 1002 3071 διδ
1017 3014 1070 3090 τῆς
1088 3003 1280 3093 α’ναγνῶσεως
1302 3004 1439 3070 διελθόν-

282 3136 356 3189 των,
387 3106 440 3191 ύφ’
461 3106 569 3192 4η’μῶν
594 3106 654 3191 μετ’
675 3111 817 3192 ἐπιτομῆς
842 3109 1002 3195 τοῦλόγου
1024 3108 1097 3175 κατύ
1117 3108 1171 3192 τήν
1185 3116 1244 3174 τῶν
1266 3107 1439 3173 ύποστύλων

282 3216 474 3278 διδασκαλίαν
488 3218 593 3292 σαφῶς
611 3211 860 3297 5ύποιγγελθεῖσα.
905 3218 919 3257 ⁶
934 3218 1134 3296 Παρακαλεῖιε
1149 3213 1181 3279 δὲ
1196 3210 1303 3287 πύντες
1318 3212 1349 3276 οἱ
1364 3216 1439 3290 ’φι-

282 3314 414 3390 λοκύλως
433 3312 666 3399 ἐντυγχάνοντες,
696 3321 737 3401 τῷ
761 3339 791 3379 τε
814 3319 962 3404 προοιμίῳ
985 3317 1115 3391 καλιαῖς
1137 3317 1288 3397 μετέπειτα
1302 3314 1439 3396 αἱρέσεσι,

283 3420 334 3484 ιιαὶ
348 3424 385 3507 τῇ
398 3413 474 3500 ύπδρ
488 3423 541 3497 τῆς
554 3415 697 3497 ἀληθείας
709 3413 849 3505 ύμολογίμ
864 3442 894 3482 τε
908 3420 957 3483 καί
975 3421 1147 3506 διδασκαλίᾳ
1161 3425 1214 3501 τῆς
1231 3415 1372 3500 ύληθείας
1387 3417 1441 3481 καί

283 3523 376 3586 πίστει
398 3527 451 3602 τῆς
471 3517 557 3605 ύγίας
578 3527 742 3602 καθολικῆς
764 3522 926 3602 ἐκκλησίας.

370 4033 430 4096 Καὶ
444 4032 503 4097 ἔστι
521 4028 579 4095 δτύ
592 4032 624 4097 έν
638 4037 675 4120 τῇ
690 4029 772 4122 πύση
786 4034 967 4119 πραγματείᾳ
980 4028 1031 4096 διύ
1042 4036 1102 4095 τῶν
1113 4029 1334 4116 προειρημένων
1348 4035 1445 4112 τριῶν

319 4209 341 4258 1.
358 4202 407 4271 γὰρ
420 4209 513 4256 uncinis
527 4208 620 4256 ιἰιιλαιιλ
637 4207 759 4257 Ριλσνλαι.
877 4214 963 4255 sancta
983 4203 1092 4255 ecclesia.

315 4274 339 4325 2
367 4276 434 4324 λἰιίο
457 4290 520 4340 quae
546 4290 606 4324 vero
630 4284 688 4341 post
714 4273 840 4341 octoginta
907 4273 930 4324 3.
949 4272 1025 4340 μέσον
1046 4276 1156 4336 tampsi
1171 4287 1201 4322 ετ
1217 4274 1290 4335 Epist.
1308 4273 1341 4320 αδ
1360 4273 1445 4337 Aeac„

282 4343 398 4394 luerem
431 4351 557 4391 enarratas
587 4341 697 4409 sequitur
725 4340 839 4391 εαὶασετίι
873 4355 945 4405 φασιν
961 4345 1014 4393 αι’δι
1029 4344 1090 4392 etde
1105 4345 1193 4392 οεὶτιίσ.
1230 4342 1294 4391 Libri
1307 4341 1378 4402 ααλμο
1393 4339 1444 4407 μί-

282 4419 402 4461 λιεολελιιι
423 4419 540 4478 tanquam
563 4410 673 4459 veritatis
702 4409 844 4459 firmamen-
878 4426 927 4474 μσς.

282 4489 336 4530 tum
351 4477 423 4529 simul
442 4489 467 4529 et
486 4476 616 4540 doctrina,
645 4476 736 4528 Christi
752 4495 844 4546 sponsa
