3096 5070
404 301 541 355 rassan
560 300 676 352 caeru.
696 299 778 353 rou.
791 300 811 352 t.
827 298 926 351 ussa.
938 297 1021 350 cxx
1254 285 1296 352 tt

221 419 362 489 Ceterum
393 423 468 487 idem
495 422 542 484 illa
564 441 661 485 senex
683 419 796 484 Aradios
819 418 849 482 in
880 414 1031 502 Scythiam
1057 418 1094 482 ab
1116 420 1294 506 imperatore

138 525 285 610 relegatus
303 536 366 604 est,
397 526 472 611 qund
496 523 620 609 populos
643 524 749 607 passim
773 521 809 584 ab
833 520 977 583 eeclesiae
1000 520 1141 604 obsequie
1163 524 1296 587 retrahe·

138 640 201 706 ret,
236 651 301 693 cum
325 649 361 692 eo
384 626 503 692 rrousiue
526 626 562 689 ab
592 625 737 710 episcopis
760 634 842 688 esset
868 626 903 684 ad
933 621 1140 706 imperatorem
1168 627 1294 691 delatus.

140 729 272 817 Cumque
298 733 327 795 iu
352 752 387 794 ea
408 728 532 810 regione
552 738 723 791 versaretur
739 729 822 810 (qunt
841 735 936 787 atatem
955 726 1041 787 antris
1062 725 1165 788 ibidem
1186 729 1297 793 vixerit

138 847 219 898 certo
237 852 415 898 asseverare
439 852 497 893 nou
516 836 705 914 possumus),
738 828 768 892 in
791 827 931 890 interiora
951 825 1108 892 Gotthirae
1127 842 1295 913 penetrans,

137 937 280 1002 barbaros
300 935 407 998 multus
426 929 612 997 Christianae
629 931 780 1015 religionis
798 929 994 993 rudimentis
986 929 1124 993 tristituit.
1171 929 1220 994 Ex
1240 954 1297 1016 qno

137 1038 318 1104 monasteria
341 1036 371 1098 in
390 1033 508 1099 Gotthia
530 1033 670 1097 uorrraulla
692 1042 951 1118 propagaremur,
984 1031 1135 1117 inquibus
1158 1034 1333 1169 studim:

137 1141 256 1206 vivendi
279 1139 372 1217 ratio,
404 1148 434 1200 et
459 1136 627 1220 virginitas,
659 1136 885 1221 arctissimeque
907 1135 1058 1219 disciplina
1084 1135 1193 1199 floruit.
1442 1204 1457 1225 -.

137 1244 215 1307 enim
236 1241 382 1304 homiuum
402 1239 458 1303 iste
481 1249 584 1303 coetus
600 1239 678 1302 ritae
697 1240 812 1302 ratione
831 1249 860 1302 et
885 1238 1018 1301 instituto
1034 1259 1098 1302 cunr
1125 1222 1331 1329 primisatl
1481 1226 1499 1253 ’
1516 1258 1544 1319 .⁴.

138 1343 275 1407 mirabili
320 1340 440 1426 Atque
432 1363 461 1404 ru
479 1341 592 1405 illorum
613 1342 800 1405 monasteriis
819 1341 889 1404 nihil
906 1361 965 1403 rann
981 1340 1163 1426 praeclarum
1185 1351 1214 1404 et
1230 1340 1296 1407 ext-¹
1385 1414 1391 1423 ,

138 1447 226 1510 mium
246 1456 301 1520 est,
325 1467 349 1508 sr
343 1445 559 1529 praefractam
579 1445 657 1507 illam
678 1444 890 1507 ceratumacium
910 1443 1042 1527 excipias
1065 1464 1119 1527 qua
1142 1443 1218 1506 etin
1238 1434 1340 1513 Π-

137 1549 236 1613 schate
255 1548 458 1611 celebrandos
475 1569 621 1611 carnerunt
613 1545 851 1609 eorrsrretudine
870 1547 1041 1624 discedunt·
1066 1556 1096 1609 et
1111 1547 1180 1609 illud
1196 1547 1232 1610 tle
1247 1528 1377 1623 teis

135 1651 209 1734 iosap,
201 1652 260 1713 ine
282 1650 405 1736 simplici
429 1652 553 1734 quadam
577 1649 691 1712 ratione
715 1649 965 1733 interpretandum
989 1659 1100 1734 putant

218 1751 278 1818 Sed
293 1752 362 1815 illud
378 1752 498 1836 reliquis
513 1752 648 1814 omnihus
664 1751 700 1814 ad
714 1751 865 1813 horrorem
882 1763 911 1815 et
926 1752 1109 1814 atrocitatem
1125 1751 1219 1814 maius
1234 1762 1292 1832 est,
1308 1775 1429 1846 0.va,
1473 1790 1478 1801 =

133 1857 209 1941 quod
233 1877 299 1917 cum
324 1857 441 1917 tremine
462 1865 635 1939 precantur,
669 1853 785 1916 tametsi
810 1851 941 1917 honestis
959 1864 1046 1937 atque
1064 1854 1187 1937 integris
1205 1858 1295 1919 mori·

133 1959 188 2022 bus
208 1976 276 2019 esse
292 1957 445 2032 videatur,
479 1978 573 2040 neque
596 1955 748 2041 quicquam
773 1953 876 2018 habeat
892 1958 967 2040 qued
984 1956 1024 2019 illi
1048 1956 1204 2033 obiiciant,
1234 1980 1293 2022 rrou

134 2059 240 2143 stupri,
265 2080 323 2121 non
339 2057 486 2134 adulterii,
506 2081 563 2122 nnn
583 2060 726 2123 avaritiae
743 2057 853 2122 crimen
872 2059 972 2136 utum,
993 2060 1049 2123 nisi
1065 2062 1119 2123 hoc
1135 2061 1291 2142 darrrtaxat,

133 2163 210 2248 quod
232 2159 376 2223 ecciesiae
394 2162 596 2224 communione
612 2163 791 2224 corstinetur.
838 2159 894 2223 Est
912 2161 966 2224 hee
982 2184 1067 2242 rere,
1092 2163 1132 2225 uti
1149 2161 1289 2242 diximus,

133 2265 330 2339 horrendum,
356 2259 592 2326 Christianorum
613 2274 793 2327 cornmutare
813 2285 938 2341 nomeu,
963 2265 1010 2347 qui
1031 2265 1060 2328 iu
1078 2275 1179 2328 saneta
1196 2266 1293 2329 eccle·

133 2368 177 2430 sia
196 2377 374 2443 censentur,
400 2385 473 2450 quae
491 2366 554 2429 sola
574 2362 685 2430 Christi
706 2377 736 2430 et
753 2363 989 2430 Christianorum
1007 2367 1201 2451 appellatione
1221 2386 1304 2431 cun:

1323 982 1503 1077 ulit,

1485 1104 1493 1127 r

135 2480 213 2532 teuta
236 2467 410 2532 adscititium
437 2488 523 2531 omne
546 2490 651 2533 rromeu
673 2468 801 2554 respuit,
834 2490 886 2554 pro
906 2468 975 2548 illo,
1006 2467 1141 2552 inquam,
1174 2471 1292 2536 nomine

134 2572 288 2636 dudiauos
306 2571 463 2656 appellari,
488 2571 632 2634 coitiones
648 2571 726 2634 inter
742 2592 775 2634 se
796 2573 909 2651 lacere,
933 2593 968 2635 ao
984 2583 1128 2636 tesseram
1147 2574 1219 2635 meri
1241 2573 1293 2636 ho·

135 2675 221 2737 minis
241 2674 359 2738 rrnmiue
377 2672 546 2759 inscriptam
564 2674 697 2757 exigere.
744 2672 844 2753 llaec,
875 2675 1004 2759 inquam,
1032 2673 1150 2738 minime
1171 2677 1291 2738 lerenda

136 2787 221 2857 susat,
247 2778 379 2860 quamvis
402 2777 509 2861 alioqui
528 2776 736 2860 integerrimus
753 2777 791 2841 sit
811 2777 957 2841 homiuum
978 2778 1027 2841 ille
1047 2788 1223 2855 conventos,
1247 2789 1291 2842 at-

135 2900 190 2962 que
213 2880 292 2942 omui
307 2900 341 2942 se
358 2879 502 2965 probitate
520 2880 688 2964 iustitiaque
704 2881 845 2943 venditet.
891 2877 964 2944 Post
980 2881 1057 2945 illius
1075 2902 1148 2945 vero
1165 2892 1287 2944 mortem

133 2981 167 3043 ad
182 2981 306 3045 eundem
324 2982 403 3044 illum
421 2991 535 3045 coetum
552 2982 714 3045 adhaesere
728 2982 891 3066 cumplures
908 2982 1050 3068 episcopi,
1079 2984 1131 3048 sed
1157 2984 1289 3069 inprimis

133 3080 262 3149 Uranius
285 3083 314 3146 iu
332 3081 559 3168 Mesopotamia
606 3082 685 3167 Quin
710 3084 798 3148 etiam
821 3105 861 3148 ex
883 3085 944 3170 ipsa
963 3084 1084 3150 Gotthia
1105 3087 1160 3150 sibi
1178 3087 1289 3172 aliquot

131 3185 284 3266 adiunxit,
317 3197 346 3249 et
368 3188 522 3273 episcopos
545 3186 707 3251 constit-nit.
754 3184 878 3251 Praeter
895 3209 969 3271 quos
991 3189 1079 3253 etiem
1100 3185 1239 3254 Silvanus
1257 3200 1289 3254 et

131 3290 178 3354 alii
203 3287 319 3373 quidam
341 3291 521 3368 extiteruulp
545 3290 682 3374 equibus
698 3288 829 3353 nonnulli
846 3290 952 3353 mortui
970 3303 1050 3371 sunt,
1075 3303 1105 3355 et
1120 3293 1199 3356 iuter
1211 3293 1286 3357 alios

131 3391 277 3472 Uranius,
309 3392 356 3477 qui
380 3412 415 3455 se
438 3392 468 3456 in
494 3392 541 3456 illa
565 3393 648 3456 turba
667 3412 737 3478 prae
760 3392 868 3456 ceteris
893 3394 1046 3458 efferebat.
1093 3393 1203 3460 Verum
1221 3407 1288 3481 post

131 3491 233 3558 Uranii
263 3517 298 3559 ac
320 3492 444 3581 Sylrani
473 3494 502 3558 in
526 3492 647 3559 Gotthia
677 3494 806 3581 episcopi
836 3506 978 3576 mortem,
1009 3497 1156 3583 plerisque
1184 3499 1221 3561 ab
1251 3517 1287 3562 ea

135 3594 259 3658 lectione
274 3597 448 3678 abstractis,
480 3599 516 3661 ad
536 3619 644 3683 paucos
664 3598 786 3662 istorum
808 3614 971 3663 corruentes
988 3600 1124 3664 redactus
1148 3609 1211 3678 est,
1243 3609 1288 3663 at·

132 3715 189 3779 que
214 3696 243 3757 ia
265 3693 420 3778 Chalcide,
452 3721 527 3784 quae
550 3703 584 3764 ad
610 3700 796 3764 Antiochiam
821 3702 877 3765 sita
901 3713 965 3782 est,
998 3713 1028 3767 et
1048 3704 1082 3765 ad
1105 3700 1286 3786 Euphratem

131 3797 273 3861 resedit„
299 3797 376 3862 Nam
396 3822 413 3864 e
433 3800 555 3866 Getthia
583 3803 713 3887 plerique
740 3804 814 3889 pulsi
839 3816 925 3886 sunt,
957 3826 1014 3868 una
1034 3826 1099 3868 euna
1123 3804 1188 3868 aliis
1206 3826 1286 3869 cern-

132 3899 278 3963 munionis
301 3913 420 3965 nostrae
438 3899 633 3984 Christianis3
665 3926 729 3968 eum
753 3906 789 3969 ab
810 3928 881 3993 rege
905 3909 1028 3993 quedam
1055 3906 1156 3990 gentili
1180 3905 1285 3992 ingens

131 4013 212 4066 esset
239 4024 273 4065 ac
296 4001 457 4066 vehemens
479 4005 623 4067 concitata
653 4008 836 4089 persecutio,
869 4032 953 4095 quana
979 4008 1176 4073 Romanorum
1201 4032 1285 4096 prae-

129 4106 230 4170 sertim
255 4104 323 4169 odio
347 4115 564 4182 commoverat,
598 4108 672 4192 quod
700 4105 851 4174 Romarros
877 4115 1069 4197 irruperateres
1099 4109 1284 4180 Christianos

130 4228 198 4272 esse
215 4208 348 4287 videret3
380 4209 456 4272 uude
475 4205 673 4274 Christianum
693 4231 780 4274 omne
799 4232 904 4278 nomen
927 4214 1006 4278 illinc
1023 4216 1213 4281 exterminari
1232 4241 1285 4282 vo·

129 4309 192 4373 luit.
238 4307 349 4375 Verum
368 4311 454 4375 radix
471 4311 631 4398 sapientiae
646 4325 695 4378 aut
713 4313 779 4377 utet
797 4325 880 4378 satus
897 4338 955 4380 non
976 4318 1082 4383 delicit
1127 4319 1168 4384 Et
1184 4343 1284 4406 quam·

128 4497 175 4532 aun
128 4475 477 4618 ιερὸςαῖπεὶιιὶσῖηχρῐίειῊ
448 4500 477 4536 ου
497 4485 560 4544 arrh,
586 4491 627 4535 out
642 4485 687 4539 sect
720 4503 744 4553 γ
761 4503 784 4539 τ
800 4482 883 4553 Xer-⁹
865 4505 901 4543 eo
899 4483 1023 4545 ’datiana
1036 4484 1283 4560 masidam&

203 4576 312 4591 ·····
369 4548 500 4616 immunde,
515 4546 688 4610 nucerinen
722 4554 802 4611 helnae
818 4558 872 4612 κτλ,
