3066 5078
271 276 334 341 394
689 290 811 342 οιαοτι
829 288 998 340 τοιεειιινιι

133 423 201 492 Κεφ.
210 423 252 479 λε’.
358 410 419 473 Καί
442 406 498 494 γδρ
522 414 564 496 τῷ
589 407 642 490 μέν
664 404 726 473 ὄντι
749 413 810 480 πᾶς
825 404 971 489 θεοσεβὴς
995 403 1033 471 οῦ
1050 405 1126 470 κατὰ
1143 404 1196 472 τόν
1216 414 1290 472 νοῦν
1308 406 1364 474 τόν
1380 405 1436 476 όν·

268 507 426 595 θραόπινον
449 509 645 589 πολιτεύεται,
675 507 748 573 ἄλλοί
770 506 848 573 κατοὶ
865 505 917 572 τόν
934 514 987 573 τοῦ
1007 514 1154 593 Χριστοῦ,
1176 507 1230 574 τόν
1246 507 1307 576 ῦπό
1331 518 1433 598 ῑΧρι-

269 619 341 677 στοῦ
358 611 561 697 πληρούμενον
582 619 618 702 τῇ
638 613 768 690 συνέσει,
798 610 850 676 τόν
873 608 951 676 κατοί
967 608 1021 676 τόν
1037 609 1169 696 Χριστόν
1188 611 1377 696 λογιζόμενον
1399 617 1434 682 έν

269 713 458 805 δικαιοσύνῃ,
491 712 543 779 τόν
567 716 599 779 έν
627 720 746 802 Χριστῷ
773 714 1020 795 πεπολιτευμένον
1045 720 1082 802 τῇ
1107 711 1263 802 όμολογίηι,
1300 714 1353 782 τόν
1378 716 1434 783 διό

273 816 401 901 Χριστόν
422 815 587 897 σωζόμενον
609 818 640 881 ἐν
662 823 699 904 τῇ
721 818 939 903 δικαιοττραγίμ.
986 807 1083 892 Οδτος
1107 814 1187 900 ’γάρ
1214 819 1293 882 ἔστιν
1317 815 1434 897 όνοῦς

273 924 403 1003 Χριστοῦ
419 917 437 984 ό
454 922 486 984 έν
501 916 572 1001 ἡμῖν
588 918 753 999 δυνάμενος
773 915 846 982 είναι
869 919 918 981 καί
938 920 971 983 ἒν
989 916 1071 1006 τόπῳ
1094 927 1265 1008 περιεντικῷ
1279 919 1332 985 τόν
1352 927 1434 1007 Χρυ-

270 1019 338 1087 στδν
360 1020 401 1103 μη
421 1022 558 1103 κατέχειν.
608 1020 710 1102 Πόντη
735 1019 790 1106 γόρ
816 1022 893 1085 ἐστιν
915 1016 1046 1104 όπατηρ
1071 1023 1121 1084 καὶ
1143 1017 1162 1086 ό
1181 1020 1247 1098 υίός
1269 1025 1320 1087 καί
1341 1022 1434 1109 ἅγιον

269 1131 395 1206 πνεῦμα,
417 1125 470 1188 καί
487 1126 518 1188 ἐν
530 1120 602 1205 ἡμῖν
616 1119 739 1206 ὑπάρχει
756 1130 970 1203 πνευματικῶς,
993 1121 1045 1187 ἔδυ
1059 1122 1153 1187 αὐτοῦ
1164 1121 1241 1200 ῦξιοι
1255 1123 1431 1209 γενόμεθα·

269 1224 307 1293 οῦ
322 1251 400 1301 τινος
413 1228 510 1290 τόπου
526 1230 739 1310 περικλείοντος
753 1223 844 1289 αὐτόν
859 1226 909 1289 καί
924 1223 976 1289 τόν
993 1221 1086 1288 αῦτοῦ
1101 1226 1214 1310 πατίρα
1226 1228 1277 1291 καί
1290 1225 1325 1293 τό
1340 1226 1432 1314 ἅγιον

269 1327 363 1393 αιἰτοῦ
379 1335 513 1410 πνεῦμα,
541 1335 578 1416 τῇ
607 1328 662 1392 ὅδὲ
678 1325 803 1407 δυνάμει
824 1335 877 1409 τῆς
893 1325 986 1392 αὐτοῦ
1001 1324 1144 1409 θεότητος
1161 1330 1193 1393 έν
1211 1326 1303 1394 όπασι
1322 1330 1432 1415 τυγχό-

270 1457 330 1497 νον
346 1432 420 1508 ἐστὶ,
452 1432 503 1494 καί
523 1426 631 1514 ἀμιγὴς
658 1427 780 1495 πάντων
804 1430 879 1508 ἔστί,
910 1428 959 1494 διδ
977 1427 1032 1511 τήν
1053 1429 1147 1495 αιἰτοῦ
1166 1429 1431 1516 ιἰσυγκοινόνητόν

269 1557 301 1597 τε
323 1534 374 1597 καί
398 1530 575 1616 όσῦγκριτου
599 1531 704 1597 οὐσίαν
727 1533 779 1596 καί
807 1528 958 1616 οίκραιφνῆ
981 1534 1030 1597 καί
1056 1530 1263 1614 ἀκατάληπτον
1287 1534 1429 1618 θεότητα.

260 1634 356 1700 Ὅταν
369 1641 386 1680 ⁴
398 1634 429 1698 δέ
445 1637 513 1723 εῖπη
530 1631 548 1699 ό
564 1633 744 1712 νἰπόστολος,
773 1629 872 1715 Ἡμεῖς
889 1635 920 1699 δὲ
934 1640 1009 1699 νοῦν
1029 1641 1159 1715 Χριστοῦ
1177 1637 1295 1717 ἔχομεν,
1318 1634 1380 1723 δι’ρα
1397 1663 1430 1724 γι

268 1742 296 1802 τί
311 1736 507 1823 λογισόμεθα,
542 1733 614 1819 Εἶχε
630 1735 683 1802 τόν
699 1739 776 1801 ῖδιον
793 1735 1004 1820 όνθρόπινονς
1040 1736 1085 1800 Ἢ
1101 1744 1155 1801 τοῦ
1179 1743 1312 1823 Χριστοῦ
1335 1742 1429 1822 έμφο-

269 1838 415 1925 ροόμενος
435 1846 510 1904 νοῦν
527 1837 580 1903 τόν
595 1840 647 1921 μὲν
665 1842 742 1904 ίδιον
758 1838 950 1919 όιπεβιίλλετο,
983 1846 1057 1904 νοῦν
1074 1840 1105 1903 δὲ
1124 1845 1256 1922 Χριστοῦ
1271 1838 1347 1925 είχεν
1363 1840 1431 1909 ἄντί

268 1949 323 2007 τοῦ
338 1944 430 2019 ἰδίους
478 1939 523 2005 Οῦ
536 1939 662 2018 πάντας.
706 1939 1028 2026 Συνομολογήσειεγόρ
1042 1943 1164 2018 ἕκαστος
1177 1949 1239 2008 τοῦν
1253 1939 1429 2010 οίκουόντων

269 2043 315 2111 ότι
329 2043 383 2109 τόν
398 2044 450 2127 μίν
465 2047 543 2109 ῖδιον
558 2039 630 2126 εἶχε,
663 2051 718 2107 τοῦ
736 2067 766 2107 τε
787 2049 920 2125 Χριστοῦ
938 2046 1122 2127 ένεφορεῖτο,
1152 2052 1207 2110 τοῦ
1223 2044 1426 2129 κοσμήσαντος

269 2145 361 2212 αῦτόν
375 2146 450 2211 κατὰ
466 2144 519 2228 τὴν
533 2147 708 2227 θεοσέβειαν
723 2147 775 2211 καί
791 2153 898 2231 γνοῦσιν
916 2147 967 2210 καί
981 2152 1058 2211 θεοῦ
1073 2151 1224 2213 πολιτείαν
1236 2147 1420 2232 ίπονριίνιον.

267 2252 310 2315 El
325 2255 426 2315 τοίνυν
442 2246 494 2314 τόν
510 2251 589 2312 ίδιον
606 2250 679 2331 έχων
694 2256 768 2313 νοῦν
787 2254 921 2333 Χριστοῦ
933 2250 1101 2332 ἐνεφορεῖτο
1125 2256 1209 2331 νοῦν,
1227 2247 1306 2333 ὁε’ίρα
1316 2272 1351 2332 γε
1365 2249 1414 2311 καί

271 2350 401 2437 Χριστός
419 2349 511 2425 αιἰτδς
527 2346 646 2436 όλόγος
662 2358 734 2426 νοῦς
752 2343 804 2432 ἦν
828 2353 857 2415 εί
868 2376 901 2436 γε
923 2350 1018 2426 οῦτοις
1036 2353 1107 2415 6δεῖ
1117 2352 1223 2438 λέγειν,
1242 2346 1342 2430 ἐπειδή
1356 2368 1414 2413 τισι

267 2462 354 2521 τοῦτο
372 2456 496 2531 7ίδοξε,
518 2459 591 2518 νοῦν
608 2461 706 2518 καλεῖν
720 2452 804 2518 θεόν.
844 2452 922 2538 Ἐγοῖ
942 2453 974 2518 δὲ
989 2452 1040 2518 τόν
1056 2460 1132 2518 νοῦν
1147 2451 1196 2519 τόν
1206 2448 1346 2534 ἡμέτερον
1359 2449 1418 2533 οῦχ

266 2554 428 2623 ῦπόστασιν
445 2552 591 2640 ἡγοῦμαι,
625 2555 697 2619 οῦδί
713 2581 756 2630 τις
775 2563 834 2620 τοῖν
849 2559 922 2620 νίῦν
940 2562 994 2637 τῆς
1013 2558 1180 2638 ἐκκλησίας,
1200 2549 1254 2622 ε’λί
1272 2550 1421 2638 ίνίργιιόιν

266 2685 331 2726 τινα
348 2663 381 2725 ἐκ
395 2665 472 2724 θεοῦ
490 2661 522 2724 ἐν
541 2655 612 2741 ημῖν
628 2659 788 2740 δεδομένην
806 2660 857 2723 καί
872 2650 973 2723 οὖσαν.
1022 2655 1080 2723 Τόν
1096 2659 1129 2722 δέ
1149 2653 1278 2743 Χριστόν
1295 2652 1425 2721 όπόστα-

267 2784 314 2828 σιν
328 2764 417 2848 λέγω,
448 2759 489 2837 οἷς
502 2762 552 2825 καί
570 2759 678 2835 πόντες
694 2762 795 2826 πιστοί
814 2758 1004 2845 ὁμολογοῦσι,
1037 2762 1088 2824 καί
1104 2759 1179 2826 θεόν
1195 2758 1347 2845 όμολογῶ,
1375 2760 1426 2824 καί

268 2864 340 2932 όντα
353 2864 459 2949 κόριον
474 2866 506 2929 έκ
525 2860 637 2946 πατρός
653 2864 876 2948 γεγεννημένον,
905 2864 1012 2928 τέλειον
1028 2865 1061 2928 έκ
1082 2867 1209 2942 τελείου,
1239 2863 1288 2928 καί
1309 2868 1376 2942 φοῦς
1394 2862 1427 2926 ἐκ

267 2965 383 3049 φωτός,
415 2967 466 3030 καί
488 2963 563 3029 θεόν
585 2967 618 3030 έκ
635 2972 720 3030 θεοῦ.
759 2962 835 3029 Ἀλλ’
853 2963 936 3046 ὅμως
956 2963 1031 3029 κατδ
1053 2963 1105 3030 τόν
1126 2962 1226 3030 αότοῦν
1244 2963 1334 3050 λόγον
1349 2961 1367 3030 ό
1385 2962 1429 3029 όν

268 3072 300 3135 ἐν
317 3070 434 3157 θέαυτρῦ
454 3075 542 3145 νοῦς,
576 3067 673 3151 ὥςπερ
700 3063 718 3131 ό
738 3066 821 3152 όγιος
845 3063 1009 3143 όιτόστολος
1030 3066 1165 3132 διδόσκει
1185 3069 1254 3152 περὶ
1271 3063 1366 3132 αότοῦ
1381 3064 1428 3132 ὅτι

265 3167 365 3253 Ἡμεῖς
382 3170 414 3233 δέ
432 3177 506 3234 νοῦν
526 3176 657 3252 Χριστοῦ
672 3171 791 3251 ἔχομεν,
822 3165 897 3250 είχεν
911 3168 1018 3247 αὐτός,
1050 3170 1101 3234 καί
1123 3172 1155 3234 οί
1175 3166 1227 3233 ὑπ’
1243 3168 1340 3234 αὐτοῦ
1354 3195 1429 3251 μαρ-

126 3306 179 3353 m.
192 3294 250 3341 lm.
270 3271 466 3359 τνροόμευοι,
494 3269 547 3337 τόν
575 3275 652 3336 ῖδιον
681 3270 786 3336 ἑαυτόν
814 3278 895 3336 νοῦν.
941 3275 1002 3336 Καί
1030 3271 1120 3336 πόλιν
1148 3274 1344 3357 ἐνεφοροῦντο
1372 3277 1428 3336 τοῦ

271 3382 402 3460 Χριστοῦ
421 3382 489 3453 νοῦ,
522 3373 619 3450 οὕτως
643 3375 810 3456 δυναμένης
834 3381 886 3455 τῆς
904 3373 1021 3457 χόριτος
1044 3373 1141 3439 αὐτοῦ
1164 3375 1195 3439 ἐν
1221 3376 1364 3450 οἑαυτοῖς
1383 3397 1428 3438 τε·

266 3483 428 3543 λειοῦσθαι.

131 3913 251 3982 χωρ,
345 3884 423 3970 ’Ἆρα
445 3878 500 3952 οῦν
522 3883 612 3951 οῦδὲν
628 3890 731 3951 διοίσει
746 3881 807 3950 οίπό
829 3890 882 3949 τοῦ
903 3882 1100 3969 κατόντικρυς
1115 3881 1302 3968 όμοιιόματος
1319 3881 1355 3949 τδ
1375 3887 1432 3951 καὶ

267 3991 315 4054 ίπί
336 3996 468 4073 Χριστοῦ
489 3997 576 4054 τοῦτο
598 3986 776 4070 λαμβάνειν,
808 3986 853 4052 ότι
872 3985 1000 4072 Χριστός
1023 3986 1066 4052 οῦν
1087 3989 1119 4052 έν
1141 3989 1235 4075 ἑαυτοῦ
1253 3984 1343 4064 θεός,
1380 3991 1436 4052 ιεί

267 4095 317 4157 καί
334 4101 443 4175 μετεῖχε
458 4099 514 4157 νοῦ
530 4087 743 4177 α’νθρωπίνου,
775 4085 816 4163 οἱς
830 4090 882 4153 καί
898 4086 1007 4172 σαρκός
1022 4091 1137 4173 μετέσχε
1151 4091 1202 4156 καί
1218 4093 1353 4171 αἳματος,
1375 4092 1432 4156 καί

304 4264 362 4316 cn.
373 4267 487 4316 XXXV.
508 4296 538 4305 —
566 4265 645 4319 1.τοῦ
655 4264 767 4330 Χριστοῦ
777 4265 828 4316 σοῦ.
863 4258 886 4316 δ’
905 4262 964 4350 είιτχ
981 4266 1018 4313 ed.
1035 4267 1118 4315 Ρειου.

267 4335 362 4399 amaia.
896 4333 920 4382 ὁ.
939 4350 989 4398 αρα
1007 4333 1075 4382 codd.
1094 4347 1150 4382 οισι.

300 4402 324 4452 Ὶ.
344 4398 463 4467 πάρεστιν
480 4405 531 4454 cod.
549 4404 647 4464 κλοιοῖς.
893 4398 917 4451 6.
939 4403 981 4454 δεῖ
996 4402 1079 4462 scripsi
1092 4414 1137 4462 μτο
1153 4397 1205 4466 δή,
1222 4401 1285 4463 quod
1299 4404 1373 4464 υαλρο
1387 4416 1432 4454 ια-

301 4470 325 4520 3.
344 4468 435 4522 δέοντι
452 4474 520 4521 habet
536 4471 586 4521 οοδ.
604 4472 701 4532 nmio.
861 4473 895 4518 ίοί
913 4473 937 4519 ιἰι
957 4472 1030 4519 libris.
1065 4471 1145 4518 Etiam
1159 4472 1290 4528 Carnarius
1305 4473 1376 4521 verm
1391 4469 1431 4519 si-

300 4535 323 4590 4.
342 4535 371 4592 δὲ
395 4539 453 4608 εἴπῃ
475 4539 543 4591 codd.
564 4553 618 4590 νισι.
644 4542 665 4587 τί
690 4539 726 4587 αῖ.
750 4541 827 4601 μήτε.
862 4535 961 4606 quidem
978 4536 1014 4587 sic
1031 4536 1115 4589 dicere
1133 4546 1242 4605 oportet
