3096 5070
189 267 250 331 146
609 276 918 330 οιιισιιεειεειιιιιι

184 398 266 480 εἴπερ
288 395 367 460 ολκεῖ
383 394 416 461 ἐν
437 389 518 476 ήμῖν.
567 390 680 459 ¹⁴'Au'
698 391 788 470 αύτός
802 392 909 459 θανεῖν
924 390 996 470 όδός
1011 398 1088 477 ζωῆς
1104 390 1181 479 ύπέρ
1196 390 1282 478 ήμῶν
1296 398 1346 482 γό-

185 521 289 583 γονεν,
318 499 367 561 ἵνα
382 499 414 562 οί
434 503 539 574 ζῶντες
552 496 656 578 μηκίτι
670 496 786 571 ἑαυτοῖς
802 503 904 574 ζῶσιν,
934 493 1005 561 ἄλλό
1021 503 1062 585 τρῖ
1079 493 1154 580 ύπλρ
1170 494 1255 579 ήμῶν
1269 495 1343 564 δπο·

183 598 311 665 θανόντι
329 600 381 664 καί
399 604 433 645 ¹⁵
443 595 615 676 δναστόντι,
638 600 722 686 αἰτίην
739 605 829 680 ζωῆς,
852 605 906 664 τοῦ
919 596 977 681 πρό
995 606 1111 664 πολλῶν
1128 605 1237 684 γενεῶν
1249 598 1346 685 όρκου

184 702 344 784 μνησθείς,
366 698 442 767 κατοῖ
457 698 510 767 τόν
527 702 641 783 Δαβίδ,
668 707 702 746 ¹⁶
714 696 749 765 ‘0
765 700 839 776 θεός
853 692 892 783 ήν
907 702 938 765 ἐν
955 706 1091 788 Χριστῷ,
1113 700 1227 783 κόσμον
1239 708 1345 767 καταλ·

183 804 301 869 λύσσαν
324 804 434 891 ῖαυτγῖ,
465 801 507 885 μή
530 802 717 888 λογιζόμενος
743 800 846 879 αύτοῖς
866 800 902 867 τοῖ
924 802 1147 886 παραπτώματα
1161 800 1275 869 αύτῶν·
1297 800 1348 869 δτι

185 908 218 972 ἐν
234 903 317 992 αῦτγῖ
332 903 475 987 εῦδόκησε
489 910 550 969 πᾶν
567 902 600 970 τό
617 904 762 991 πλήρωμα
775 912 965 987 κατοικῆσαι,
995 906 1046 970 καί
1062 902 1101 969 δι’
1117 904 1212 971 αῦτοῦ
1229 902 1346 972 ύποπεε-

184 1006 320 1085 ταλλόξαι
340 1005 376 1072 τιῖ
391 1005 487 1071 πάντα
509 1009 552 1082 είς
574 1004 681 1085 αότόν,
712 1007 939 1092 εἰρηνοποιήσας
962 1006 1013 1072 διδ
1027 1013 1081 1073 τοῦ
1101 1010 1227 1090 αῖματος
1247 1012 1348 1075 Πτοῦ

184 1115 322 1194 σταυροῦ.
371 1110 607 1194 ΙΙ’Παραγέγονε
631 1112 732 1174 τοίνυν
753 1112 795 1185 είς
812 1112 983 1191 οἰκονομίαν
1003 1116 1057 1174 τοῦ
1074 1109 1269 1193 πληρώματος
1282 1116 1349 1177 τῶν

183 1218 307 1296 καιρῶν,
330 1208 436 1287 καθοδς
448 1208 620 1296 ἐπήγγελται
635 1207 779 1295 Ἀβραοῖμ,
801 1214 852 1277 καλ
867 1219 982 1287 λοιποῖς
997 1208 1101 1296 όγίοις,
1120 1210 1347 1292 ῶνακεφαλαιεῖ-

184 1324 295 1379 σασθαι
312 1310 349 1377 τό
363 1311 459 1378 πάντα
476 1314 509 1378 ἐν
527 1312 626 1402 αύτρῖ,
659 1311 697 1378 τό
718 1319 789 1378 Η’τε
808 1317 841 1379 ἐν
853 1322 916 1389 τοῖς
934 1313 1089 1398 οῦρανοῖς,
1112 1316 1163 1379 καί
1177 1311 1214 1378 τό
1226 1316 1276 1380 ἐπὶ
1291 1320 1349 1399 τῆς

185 1424 248 1502 γῆς.
292 1412 452 1490 Διόστασις
473 1415 505 1480 δέ
525 1407 565 1497 ήν
581 1417 633 1481 καῖ
648 1418 788 1499 ἐγθραέν
803 1423 839 1505 τῇ
857 1415 951 1505 ῦνοχή
969 1423 1023 1481 τοῦ
1038 1422 1123 1481 θεοῦ.
1165 1413 1347 1499 Ἀποτατήλ·

183 1522 249 1596 λαξε
264 1518 296 1583 δλ
313 1520 345 1583 ἐν
360 1523 401 1606 τῷ
419 1516 531 1599 σῶματι
549 1524 603 1601 τῆς
618 1515 728 1603 σαρκός
743 1516 851 1595 αύτοῦ,
881 1515 918 1583 δι’
934 1515 1028 1583 αύτοῦ
1048 1516 1176 1601 ποιήσας
1191 1516 1228 1583 τοί
1244 1515 1348 1601 όμφό-

184 1646 253 1705 τερα
268 1621 310 1707 ἐν.
347 1610 441 1684 Ἦλθε
457 1617 512 1705 γδρ
529 1616 550 1702 ή
567 1618 668 1705 εἰρήνη
683 1617 785 1702 ήμῶν,
817 1622 868 1684 καί
883 1619 917 1686 τό
938 1619 1106 1702 μεσότοιχον
1127 1627 1181 1686 τοῦ
1202 1628 1348 1706 φραγμοῦ

183 1722 290 1802 λύσας,
319 1720 372 1804 τήν
387 1723 514 1806 ἔχθραν,
544 1724 577 1787 ἐν
593 1729 630 1812 τῇ
647 1725 736 1807 σαρκλ
752 1719 862 1801 αύτοῦ,
892 1719 944 1787 τόν
966 1721 1058 1804 νόμον
1082 1730 1143 1787 τῶν
1163 1725 1288 1789 ἐντολῶν
1308 1725 1348 1789 όν

185 1824 311 1911 δόγμασι
334 1822 535 1908 καταργήσας,
564 1826 615 1888 ἵνα
634 1822 706 1901 τούς
723 1825 780 1889 δύο
795 1828 880 1914 κτίση
899 1826 979 1889 ’λέν
995 1826 1090 1913 ἐαυτοῦ
1111 1827 1154 1900 είς
1168 1826 1219 1890 ba
1237 1823 1347 1891 καινόν

187 1925 361 2012 ῦνθραπον.
411 1922 496 1991 Ελναι
515 1932 546 1972 ²¹
559 1926 592 1991 δέ
605 1924 641 1991 τοῖ
656 1929 732 2009 ἐθνη
746 1926 887 2008 σύσσυμα
903 1930 954 1991 καλ
967 1929 1133 2009 συμμέτοχα
1148 1930 1200 1991 καλ
1214 1934 1343 2011 συγκλη-

184 2028 300 2114 ρονόμα
321 2036 374 2111 τής
394 2031 577 2114 ἐπαγγελίας,
609 2030 757 2095 ἐκέλευσεν
781 2028 890 2107 είπῶν,
921 2036 1013 2093 Δεῦτε
1039 2028 1160 2115 ητορός
1178 2053 1214 2112 με
1233 2027 1346 2108 πάντες

62 2164 113 2210 μς.
126 2150 172 2196 α.
186 2135 218 2197 οῖ
231 2137 392 2207 κοπιῶντες
407 2131 458 2195 καί
479 2132 720 2216 πεφορτισμένοι,
750 2128 832 2216 κόγῶ
855 2129 1017 2195 οἰναπαύσιυ
1042 2128 1131 2212 ύμοῖς.
1179 2136 1289 2198 Τοίνυν
1308 2134 1343 2199 ἐν

185 2225 209 2322 ᾧ
228 2232 284 2319 ἐγῶ
302 2230 452 2316 ήσθένουν
468 2231 518 2298 διό
531 2240 584 2315 τῆς
601 2232 727 2317 σαρκός,
749 2231 896 2315 οῖπεστόλη
912 2259 963 2315 μοι
982 2229 1000 2297 ό
1015 2231 1112 2318 σωτήρ
1127 2235 1159 2297 ἐν
1176 2230 1337 2317 όμοιιόμτε

184 2333 298 2420 σαρκός
321 2332 464 2419 όμαρτίας
487 2338 660 2416 οἰκονομίαν
683 2334 822 2417 τοιαύτην
839 2342 976 2421 πληρῶν,
1006 2338 1057 2399 ἵνα
1073 2359 1109 2417 με
1126 2338 1258 2411 δουλείας
1271 2336 1330 2413 ἐξα·

183 2436 313 2527 γοροὶση,
341 2440 391 2502 λ’να
415 2462 451 2520 με
472 2445 609 2522 φθορᾶς,
642 2441 693 2503 ἵνα
707 2462 743 2519 με
761 2437 906 2502 θανότου.
951 2438 1013 2501 Καί
1029 2437 1142 2522 ἐγίνετό
1157 2464 1210 2519 μοι
1226 2442 1338 2505 διεστο-

183 2537 270 2622 σύνη,
291 2540 343 2605 καῖ
358 2536 513 2624 όγιασμός,
536 2543 587 2604 καλ
606 2537 818 2625 όπολότροοσις.
862 2538 1045 2621 Δικαιοσύνη
1061 2540 1128 2621 μέν,
1151 2539 1201 2606 διό
1217 2544 1342 2617 πίστεις

183 2639 276 2707 αύτοῦ
293 2649 330 2689 ²⁸
342 2638 487 2725 όμαρτίαν
501 2640 606 2720 λύσας,
636 2624 779 2728 ἇγίασμός
796 2638 883 2705 ¹⁴6ss
901 2640 1010 2717 ύδατος
1034 2643 1085 2705 καί
1106 2641 1274 2726 πνεύματος
1289 2644 1342 2711 καλ

78 2780 88 2799 ο
183 2747 215 2811 ἐν
231 2742 340 2829 ῥήματι
356 2739 449 2809 αύτοῦ
468 2742 679 2828 ἐλευθερῶσας,
702 2741 904 2827 όπολύτροοσις
919 2745 965 2825 δέ,
987 2743 1021 2809 τό
1038 2740 1111 2825 αἷμα
1125 2743 1219 2811 αύτοῦ
1234 2744 1344 2831 λύτρον

183 2846 282 2929 δμνοῦ
300 2842 435 2928 ύληθοῦς
460 2842 535 2931 ύπέρ
554 2848 628 2927 ἐμοῦ
647 2844 754 2911 ἑαυτόν
777 2843 943 2931 παραδούς,
974 2845 1143 2931 ίλαστήριον
1163 2844 1344 2933 καθύρσεις

183 2946 310 3030 κόσμου,
330 2954 512 3033 καταλλαγῆς
529 2944 670 3014 όπόνταν
687 2954 724 2993 ²⁵
735 2945 867 3033 ούρανοῦ
882 2951 933 3013 καί
948 2955 1013 3033 γῆς,
1035 2947 1198 3035 μυστήριον
1213 2946 1248 3014 τό
1264 2946 1345 3015 διτό·

182 3074 302 3134 κρυφον
317 3047 377 3133 πρό
393 3056 453 3114 τῶν
469 3048 586 3115 αλόνων
600 3051 649 3114 καί
665 3038 774 3135 γενεῶν
789 3056 909 3134 πληρῶν
925 3058 1043 3132 καιροῖς
1060 3060 1122 3127 τοῖς
1141 3051 1344 3137 20διοιρισμέ-

183 3176 256 3226 νοις.
297 3147 332 3216 ‘0
353 3149 446 3228 αῦτός
471 3156 709 3234 μετασχηματίσει
730 3150 764 3217 τό
781 3159 865 3234 σῶμα
879 3160 932 3234 τῆς
950 3152 1153 3229 ταπεινώσεως
1168 3150 1270 3235 ήμῶν,
1298 3154 1346 3229 είς

184 3252 218 3319 τό
241 3253 380 3338 γενέσθαι
399 3253 579 3337 σύμμορφον
599 3260 652 3336 τῆς
673 3253 763 3337 δόξης
793 3251 901 3331 αύτοῦ,
931 3253 1006 3319 κατοῖ
1033 3254 1087 3338 τήν
1114 3257 1261 3341 ἐνέργειαν
1283 3260 1345 3321 τοῦ

184 3353 335 3423 δύνασθαι
351 3356 402 3419 καί
418 3352 562 3434 ύποτόξαι
581 3352 662 3444 αύτρῖ
679 3354 715 3420 τό
731 3354 842 3420 πάντα·
872 3354 918 3422 ότι
936 3358 968 3421 ἐν
987 3353 1068 3446 αύτρῖ
1082 3366 1215 3423 κατοικεῖ
1228 3363 1292 3423 πᾶν
1307 3354 1344 3423 τό

183 3456 328 3544 πλήρωμα
346 3464 399 3539 τῆς
419 3455 564 3540 θεότητος
583 3465 765 3539 σιοματικῶς.

50 3684 117 3755 ¹⁸9·
131 3681 164 3753 γ,
276 3660 316 3729 Τό
333 3666 447 3747 δογεῖον
463 3666 566 3728 τοίνυν
580 3669 635 3745 τῆς
652 3667 776 3743 σοφίας,
797 3665 848 3729 καλ
862 3670 915 3746 τῆς
930 3662 1073 3747 θεότητος
1086 3659 1104 3730 ό
1119 3660 1249 3748 Χριστός
1268 3668 1281 3709 ¹
1294 3687 1345 3747 με·

184 3763 325 3843 σιτεύοτν,
353 3767 404 3830 καλ
420 3762 628 3831 καταλλύσσοιν
648 3762 684 3832 τοῖ
706 3764 803 3831 πάντα
823 3772 905 3855 ’θεῷ
919 3769 951 3831 ἐν
970 3766 1068 3855 αύτῷ,
1098 3765 1140 3851 μή
1156 3764 1346 3851 λογιζόμενος

186 3863 346 3953 εἱμαρτίαν,
378 3866 543 3954 εἰπόιιρυφα
559 3867 707 3952 μυστήρια
724 3875 860 3953 πληρῶν,
892 3873 986 3934 πίστει
1007 3868 1159 3952 διαθήκης
1180 3865 1273 3935 αύτοῦ
1288 3895 1347 3955 της

185 3971 458 4054 προεπηγγελμένης
473 3967 533 4035 ύπό
555 3976 609 4035 τοῦ
627 3968 736 4052 νόμου,
763 3973 813 4036 καί
832 3978 889 4036 τῶν
905 3978 1084 4055 προφητῶν,
1115 3969 1182 4046 υίός
1194 3976 1347 4055 θεοῦιιη-

187 4068 383 4155 ρυσσόμενος,
411 4069 478 4148 υῖός
504 4074 602 4155 Δαβλδ
622 4072 786 4159 λεγόμενος.
820 4071 932 4155 Ἀμφῶ
952 4072 1026 4159 γῦρ,
1055 4072 1129 4150 θεός
1148 4075 1201 4139 καλ
1221 4070 1347 4159 ῦνθριε·

187 4195 260 4250 πος,
290 4176 408 4255 μεσίτης
424 4181 503 4240 θεοῦ
518 4176 568 4240 καλ
587 4171 773 4260 όνθρῶποον,
805 4173 950 4259 όληθινός
964 4173 1049 4252 οίιιος
1066 4183 1157 4256 θεοῦ,
1185 4176 1347 4260 ῖερότευμιι

222 4305 262 4360 14.
280 4305 358 4370 αῦτδε
372 4308 421 4379 γὰρ
437 4310 520 4366 Βοιῶν
536 4318 618 4367 Amr.
816 4317 853 4365 ίδ.
869 4315 1020 4383 παρεγίνετο
1037 4320 1119 4367 λπαοτ.

223 4379 261 4429 ίῦ.
278 4377 405 4446 ἐγερθέντι
419 4384 502 4432 Amor.
814 4382 853 4434 19.
871 4401 898 4436 τε
915 4400 960 4435 σοι
978 4389 1062 4436 λτιαοτ.

223 4442 261 4495 16.
280 4450 409 4498 Articulum
425 4464 473 4499 ιιοπ
488 4453 594 4512 σρποιοιλ
609 4452 692 4501 Amr.
811 4452 853 4502 λθ.
871 4451 896 4504 ἐν
913 4451 995 4520 ἐαυτῷ
1013 4468 1060 4503 που
1076 4456 1182 4516 οςιιοεείί
1198 4455 1284 4505 Amr.

225 4512 261 4565 17.
278 4511 358 4584 ἐντῷ
376 4516 478 4584 σταυρῷ
495 4521 578 4567 λιιιοτ.
812 4519 852 4571 21.
870 4536 899 4571 τε
916 4523 984 4571 habet
1001 4525 1085 4571 λοαοτ.
