3096 5070
724 741 792 821 Ill.

451 966 717 1070 INDEX
768 981 1068 1070 RERUM.

386 1177 494 1234 (suriest
512 1183 626 1222 sernum
644 1174 805 1222 slorteicssr
822 1184 929 1221 rsorrss
948 1183 1014 1219 sorr.
1032 1167 1140 1233 rsrsv.)

814 1373 968 1444 quorundum
993 1372 1025 1423 ‹lo
1045 1370 1136 1423 Adsmi
1155 1373 1302 1425 creatione
1321 1391 1366 1426 re-

452 1464 480 1513 A.
814 1462 895 1510 intutu
914 1457 1000 1527 opinio
1017 1456 1077 1508 ibid.

183 1545 299 1600 Abmomi
317 1545 428 1597 excelsos
445 1544 524 1613 quelis
541 1543 618 1595 luerit
635 1548 694 1596 408.
783 1544 869 1596 Adumi
887 1560 975 1594 nomeu
998 1541 1128 1594 hominem
1144 1543 1285 1612 significet
1302 1544 1365 1597 ibid.

182 1631 289 1683 Abrusm
302 1630 411 1698 oequulis
427 1629 493 1681 Nino
511 1647 541 1680 uc
556 1629 745 1681 semiramidis.
783 1629 868 1681 Adumi
888 1647 949 1679 usur
970 1646 999 1679 ex
1017 1628 1128 1679 eiusdem
1147 1646 1269 1698 corpore
1288 1642 1315 1682 et
1332 1648 1364 1682 es

184 1715 299 1768 Abrsumi
318 1714 417 1765 vocatio
433 1717 457 1764 0.
814 1714 902 1765 eodem
913 1713 1000 1764 uillstu
1010 1712 1097 1764 similis
1109 1712 1131 1763 ei
1144 1727 1292 1781 procreet·
1301 1716 1361 1766 ibid.

184 1800 319 1852 Abruomus
339 1799 484 1850 ludaeorum
503 1816 593 1867 percus
611 1804 651 1850 l'l.
783 1799 888 1850 Adumus
905 1817 949 1849 cur
966 1816 980 1848 e
997 1796 1046 1849 deo
1063 1797 1164 1849 eiectus
1184 1799 1238 1851 tuit
1257 1801 1293 1852 de
1313 1818 1359 1870 ps-

183 1885 300 1937 Abessmi
318 1895 377 1936 octo
396 1884 467 1935 liberi
485 1887 508 1937 0.
815 1884 897 1936 rudiso
916 1888 974 1935 sto.

183 1970 341 2022 Abmumitee
358 1987 373 2021 s
391 1969 534 2021 Putrisrche
557 1969 664 2022 Abessm
685 1969 746 2022 dicti
783 1969 869 2021 Adsmi
886 1969 1037 2038 procreatio,
1053 1967 1140 2030 liberi,
1160 1978 1237 2019 setus
1252 1980 1279 2021 et
1291 1987 1354 2022 mors

217 2055 355 2106 circumcisi
377 2058 400 2105 8.
815 2059 873 2107 040.

183 2139 342 2192 Abrnsmime
360 2152 385 2191 et
406 2139 517 2191 lsscidse'
541 2138 602 2192 dicti
628 2139 680 2191 ueri
705 2139 745 2191 dei
782 2138 1097 2207 Adsmusnequeludseus,
1113 2140 1345 2208 nequeidololstm,

218 2226 326 2276 cultores
345 2228 367 2275 0.
813 2225 866 2285 sed,
886 2236 913 2275 ut
930 2223 1053 2292 prophete
1059 2261 1068 2285 ,
1088 2224 1221 2278 ostholioe
1237 2225 1284 2276 iide
1297 2226 1339 2275 in·

184 2310 320 2362 Abrssmus
336 2309 497 2378 nortsgesimo
510 2326 577 2361 unuo
593 2310 682 2361 setotis
700 2309 746 2362 cir·
815 2311 888 2362 butus
905 2314 929 2360 6.

218 2397 355 2457 cumoisus,
382 2397 480 2447 lsuscsss
506 2395 558 2446 eius
575 2394 638 2446 filius
656 2405 747 2448 octsvo
783 2395 869 2448 Adsmi
886 2396 957 2447 liberi
974 2413 1029 2447 cum
1042 2395 1179 2448 sororibus
1193 2392 1332 2447 msuinoois

217 2480 355 2532 nutivitstis
374 2480 415 2532 die
435 2484 475 2532 17.
815 2492 990 2532 contruxerunt
1007 2484 1065 2532 287.

184 2565 343 2617 Abrotonum
378 2566 449 2633 lugat
476 2583 572 2617 ueneno
604 2578 748 2635 serpentum
783 2566 870 2618 Adsmi
886 2566 1042 2634 sepulchrum
1059 2569 1131 2626 804,
1150 2575 1178 2618 et
1192 2568 1240 2617 sus
1256 2561 1339 2627 (Adii

217 2654 276 2702 428.
783 2652 972 2704 Adamianorum
1002 2651 1111 2702 haeresis
1146 2651 1276 2719 trigesim
1302 2665 1342 2699 se·

185 2736 289 2788 Aeacius
313 2747 339 2788 et
364 2735 453 2787 Paulus
478 2735 590 2805 collegae
615 2737 747 2806 Epiphanii
817 2738 896 2789 cunda
912 2749 968 2806 post
985 2736 1221 2799 Christianismum,
1240 2736 1345 2786 sirene·

217 2820 242 2872 in
261 2821 347 2873 ollicio
365 2820 514 2873 sucerdotsli
528 2827 552 2875 3.
816 2823 874 2873 dine
891 2823 1091 2892 quinquagesima
1108 2821 1225 2873 secunde
1241 2825 1297 2872 458
1314 2848 1347 2859 -

183 2907 268 2958 Acecii
286 2918 312 2957 et
329 2916 482 2957 secutorum
500 2907 551 2957 eius
569 2907 625 2957 fidei
644 2907 746 2977 proles-
815 2908 898 2976 tuipse
913 2917 1087 2976 comparantur
1100 2906 1164 2958 ibid.
1181 2935 1219 2947 -
1248 2904 1348 2957 ridicula

216 2991 255 3043 sio
270 2990 386 3042 simulate
401 2996 459 3045 871.
477 3021 510 3030 -
543 2993 604 3043 item
620 2992 668 3043 aliu
690 2992 747 3043 fidei
815 3010 901 3045 eorum
925 2993 1033 3044 haeresis
1053 2992 1113 3043 ibid.
1133 3021 1165 3031 —
1203 2992 1268 3044 ritus
1285 3007 1346 3060 qus·

219 3076 344 3145 professio
373 3076 398 3126 in
416 3076 580 3129 conciliabulo
598 3077 765 3185 Seleucieusip
814 3077 850 3128 les
875 3078 925 3130 sint
946 3083 1003 3129 459.
1029 3107 1060 3117 -
1103 3077 1147 3128 ubi
1173 3075 1349 3129 conventiculo

216 3161 302 3214 habitu
319 3165 421 3211 872-
438 3163 464 3212 in
478 3179 528 3231 quo
545 3180 593 3213 vox
612 3162 746 3224 homuncii,
813 3162 922 3214 habeunt
945 3163 1004 3214 ibid.
1033 3191 1062 3202 ··
1104 3162 1165 3212 nudi
1192 3161 1350 3213 ceremoniss

216 3246 243 3298 id
258 3257 296 3297 est
310 3247 527 3301 consubstantialis
539 3247 747 3300 subletum-
815 3259 840 3299 et
857 3249 976 3317 mysterin
999 3264 1042 3299 sua
1060 3257 1204 3316 peragunt,
1230 3258 1285 3298 tam
1304 3248 1368 3298 viri¹

218 3342 279 3401 quot
303 3342 329 3381 et
355 3332 397 3401 qui
421 3331 533 3401 episcopi
556 3333 613 3384 huic
639 3334 746 3386 concilio
814 3351 888 3402 quam
920 3334 1027 3386 irminae
1059 3331 1120 3384 ibid.
1144 3360 1180 3372 -
1215 3333 1353 3384 eccleciam

216 3416 406 3484 subscripserint
431 3421 487 3467 874.
507 3447 537 3456 -
584 3418 746 3486 expositionis
813 3437 882 3470 suum
893 3429 985 3471 vocant
998 3417 1140 3472 Paradisum
1152 3417 1215 3469 ibid.
1228 3446 1263 3458 -
1289 3436 1353 3488 que·

217 3513 244 3553 et
273 3501 436 3569 professionis
467 3501 536 3552 istius
560 3502 649 3554 collide
682 3505 746 3556 ratio
813 3503 844 3554 lis
872 3504 1000 3555 Pumdisus
1031 3503 1173 3566 terrestris,
1212 3513 1239 3553 et
1268 3504 1354 3555 victus

217 3591 274 3638 878.
293 3614 326 3626 -
361 3585 745 3642 diuisiotrilurissectseArir·
816 3590 903 3641 Adumi
920 3600 946 3640 et
963 3591 1030 3640 Evae
1046 3588 1106 3639 ibid

216 3689 304 3724 norum
318 3670 380 3721 ibid.
783 3675 960 3743 Aegyptiomm
977 3673 1112 3743 primordia
1130 3676 1155 3724 8.

183 3759 247 3811 Actu
266 3755 336 3807 Pilati
354 3759 414 3807 tuo.
781 3761 960 3828 Aegyptiorum
984 3760 1046 3811 ritus
1070 3777 1143 3828 quum
1168 3758 1223 3810 sint
1248 3759 1358 3814 ridiculi

183 3841 273 3892 Adurni
289 3851 352 3909 quot
370 3840 464 3892 luerint
481 3841 551 3893 liberi
570 3847 627 3896 787.
814 3850 889 3897 1008.
908 3875 941 3886 -
976 3863 1038 3914 quse
1050 3844 1118 3914 opud
1134 3862 1178 3896 eos
1192 3862 1268 3896 sacru
1284 3846 1357 3899 ller-

184 3926 271 3978 Adsmi
288 3937 357 3976 aetus
376 3937 438 3994 quot
455 3944 574 3979 sonorum
592 3929 640 3981 luit
651 3937 676 3984 4.
813 3932 922 4000 pooratis
939 3932 998 3982 ibid.

182 4011 271 4064 Adumi
288 4010 360 4062 liberi
377 4021 403 4061 et
427 4023 532 4080 nepotes
550 4013 601 4064 eius
618 4033 650 4066 ex
666 4016 744 4070 Setho
781 4017 969 4085 Aequinoctium
987 4027 1024 4066 est
1040 4016 1098 4066 soni
1115 4014 1216 4066 initium
1235 4019 1301 4071 814.

216 4096 276 4147 ibid.
779 4101 845 4152 Aerii
872 4102 979 4153 haeresis
1005 4100 1210 4170 quinquagesima
1240 4104 1359 4172 septime

183 4181 291 4234 Adumus
314 4180 456 4250 designetur
483 4200 529 4251 per
551 4183 678 4261 hominem
695 4186 744 4237 de-
811 4187 864 4237 sive
900 4187 987 4238 ordine
1023 4187 1207 4255 septuagesima
1240 4191 1359 4258 septime

215 4267 376 4319 scendentem
392 4268 424 4320 ab
438 4267 592 4320 Hierusalem
609 4269 634 4321 in
647 4271 742 4324 iericho
811 4276 868 4322 004.
888 4302 921 4312 -
955 4273 1068 4324 haereses
1086 4272 1152 4323 unde
1169 4283 1249 4323 natae
1267 4279 1332 4330 000.

217 4355 274 4403 394.
779 4357 843 4407 Aerii
859 4357 964 4409 historia
989 4357 1049 4408 ibid.
1066 4386 1100 4398 -
1134 4360 1282 4412 monachus
1298 4383 1360 4419 com

182 4435 271 4487 Adurni
295 4438 390 4490 crestio
416 4437 448 4490 de
472 4449 538 4493 tenu
561 4444 586 4492 4.
605 4468 638 4482 -
672 4451 742 4493 vetus
811 4444 942 4496 Eustatlsio
968 4443 1017 4495 luit
1046 4441 1106 4494 ibid
1131 4471 1164 4518 5-
1212 4450 1361 4521 presbyter
