3096 5070
386 276 522 330 nassau
542 248 911 331 monumentorum
926 275 1048 327 uxxrn
1100 344 1102 349 p
1234 263 1294 327 tob

136 392 184 462 itta
200 396 309 477 verba,
340 400 470 460 Formam
490 402 740 480 serutarer'pr‘enr,
772 409 801 459 et
821 401 851 459 r‘u
867 390 1079 459 rrmttr'tudr'neur
1097 398 1295 480 dunhamste-

139 514 223 576 etue,
249 520 368 564 carnem
384 500 466 564 iilum
483 521 499 563 e
515 499 630 583 virgine
647 500 809 586 sumpsisse
825 499 987 564 declarant.
1033 494 1233 581 Quamobrem
1247 497 1296 562 itta

137 604 199 689 ipsa
217 624 304 682 οπο,
328 625 414 687 quam
434 603 480 667 dei
499 601 577 666 fidius
594 601 705 681 induit,
729 603 831 666 eadem
852 611 899 665 est
917 621 982 663 cum
1011 609 1176 663 ceterorum
1203 599 1297 664 bomi-

137 727 204 771 num
223 726 331 787 cerue;
362 705 398 769 ad
417 704 564 768 homiuum
584 723 656 767 vero
675 704 895 768 similitudinem
920 721 987 765 esse
1004 701 1127 779 dieitur,
1159 700 1296 786 quoniam

138 831 196 874 nou
214 808 293 873 uirili
309 818 375 873 satu
389 826 427 871 oo
444 805 600 870 concubitu
618 805 765 870 homiuum
784 826 867 871 more
883 814 1043 892 prognatus
1060 814 1118 869 est.
1163 801 1233 867 Nou
1249 822 1299 867 se·

137 933 190 977 cus
205 911 348 988 arditius,
380 930 446 973 cum
464 908 585 992 spiritus
604 907 661 987 sit,
686 919 714 972 et
732 908 984 994 spiritusepatro
1002 906 1040 970 sit
1058 907 1194 990 genitus,
1227 925 1300 990 qua·
1370 892 1372 896 Α

138 1025 224 1078 tenus
249 1013 369 1097 spiritus
393 1032 410 1074 a
432 1011 536 1097 spiritu
558 1011 682 1097 prodiit,
706 1010 783 1074 idem
806 1021 853 1074 est
872 1031 939 1074 cum
960 1009 1027 1089 itte,
1059 1008 1136 1072 sicut
1152 1020 1298 1093 quatenus

138 1137 208 1180 earo
233 1135 273 1178 ex
297 1134 386 1176 carue
409 1115 503 1178 tactus
526 1124 588 1190 est,
623 1110 739 1176 Mariae
757 1112 911 1190 videlicet,
945 1112 1022 1175 idem
1045 1120 1092 1174 est
1108 1131 1174 1176 eum
1193 1131 1297 1184 carne,

137 1216 233 1282 Porro
259 1228 403 1301 quatenus
427 1215 491 1279 siue
515 1215 675 1301 profluvio,
707 1215 845 1300 passione
870 1235 905 1277 aa
931 1212 1078 1276 divisione
1096 1213 1153 1277 utta
1176 1234 1195 1278 a
1215 1221 1298 1298 patre

139 1319 256 1404 genitus
280 1328 342 1397 est,
374 1318 464 1404 patris
480 1317 663 1395 estsimilis,
694 1338 750 1381 nec
769 1317 845 1380 idem
863 1338 928 1380 cum
945 1336 1000 1394 eo,
1034 1316 1078 1379 sic
1103 1314 1225 1381 attilius
1249 1335 1298 1379 ssa

140 1422 265 1485 cundum
283 1440 419 1499 earnem,
449 1442 485 1482 ac
501 1424 711 1483 similitudinem
728 1423 868 1482 bominum
880 1421 978 1502 jactor
996 1430 1055 1494 est,
1090 1438 1146 1482 nec
1160 1430 1206 1483 est
1220 1418 1297 1483 iden

140 1523 259 1588 omnino
282 1543 347 1587 oum
371 1522 500 1587 homine.
798 1596 800 1600 p
1051 1517 1052 1521 ’

225 1624 318 1711 igitur
343 1625 373 1689 iu
396 1625 520 1712 epistola
547 1625 582 1688 ad
605 1622 809 1711 Philippenses
830 1624 891 1696 ,boo
921 1624 970 1688 itte
998 1644 1053 1687 nos
1075 1623 1191 1701 docuit,
1223 1643 1296 1708 qno-
1321 1617 1409 1740 xcffiq

141 1730 226 1793 modo
242 1729 291 1793 diii
309 1728 476 1814 hypostasis
495 1728 586 1814 patris
602 1726 753 1813 hypostasi
771 1728 810 1791 sit
828 1726 949 1806 simiiis3
973 1725 1095 1813 spiritus
1115 1726 1193 1790 euim
1211 1746 1226 1789 e
1248 1746 1299 1811 pu-
1409 1721 1417 1737 ⁶

140 1843 185 1895 tre
208 1832 403 1917 progreditur.
449 1827 551 1914 Quare
575 1829 601 1893 si
624 1828 745 1914 spiritus
770 1829 920 1892 notionem
935 1829 1126 1907 consideres,
1159 1829 1234 1891 idem
1253 1837 1300 1891 est

140 1954 206 1998 cum
233 1944 327 2018 patre.
371 1929 499 1996 Perinde
524 1953 559 1996 ae
583 1931 681 1996 carnis
704 1932 783 1995 ilium
812 1931 893 1994 notio
909 1931 985 1994 idem
1003 1952 1069 1994 eum
1092 1931 1209 1995 bomine
1228 1951 1300 1994 eon·

141 2034 247 2100 stituit.
291 2031 363 2098 Nou
380 2034 457 2097 idem
474 2055 546 2099 vero
566 2045 623 2112 ast,
640 2036 700 2097 sed
718 2034 822 2098 similis
839 2035 994 2114 duntaxat,
1018 2045 1162 2118 quatenus
1179 2031 1299 2117 spiritus

141 2138 208 2218 itte,
233 2137 280 2221 qui
298 2137 375 2200 titius
394 2147 457 2214 est,
483 2157 541 2199 uou
557 2146 603 2199 est
619 2147 712 2222 pater.
759 2134 800 2200 Et
816 2136 865 2200 illa
886 2157 972 2213 caro,
997 2157 1081 2220 quem
1100 2136 1157 2200 sibi
1176 2135 1299 2200 verbum

140 2239 291 2317 adiunxit,
324 2259 383 2301 uon
403 2259 420 2301 e
442 2238 520 2302 viridi
540 2248 605 2302 satu
625 2259 660 2301 ae
676 2239 827 2325 voluptate
843 2238 1057 2325 proficiscitur,
1089 2239 1141 2302 sed
1157 2259 1195 2301 eo
1213 2238 1300 2301 modo

140 2340 242 2426 quiin
267 2341 424 2425 cvangelio
454 2340 588 2404 traditur.
642 2339 697 2404 rtis
722 2342 810 2427 igitur
833 2341 987 2418 omuibus,
1018 2350 1050 2405 ut
1076 2352 1162 2404 autea
1192 2341 1298 2404 dictum

140 2454 198 2522 est,
228 2444 469 2528 quemadmodum
495 2443 591 2522 tilius,
623 2455 767 2528 quatenus
790 2455 835 2508 cst
857 2467 891 2507 ac
912 2443 1048 2508 subsistit
1063 2443 1144 2528 ipse,
1175 2442 1250 2525 patri
1266 2441 1297 2506 in

141 2546 275 2609 omnihus
293 2545 332 2609 sit
347 2545 467 2624 similis,
498 2545 577 2608 iilius
594 2567 648 2609 uos
663 2547 792 2609 edocuit.
838 2544 1089 2631 Quemadmodum
1108 2566 1180 2609 vero
1196 2545 1301 2608 rotun·

142 2659 201 2711 tate
219 2661 248 2711 et
265 2649 382 2713 achone
400 2646 597 2733 operibusque
613 2649 652 2712 sit
668 2648 790 2728 sinitis,
822 2670 860 2712 cx
878 2649 1002 2735 epistota
1024 2649 1059 2711 ad
1080 2646 1233 2711 Romanos
1258 2645 1301 2709 di·

142 2749 277 2827 dicimus,
301 2750 349 2813 uhi
368 2750 416 2813 itte
433 2749 520 2829 dixit,
544 2755 578 2812 Iu
592 2755 776 2814 rriude’tudrire
793 2757 890 2815 carnes
901 2757 1016 2834 ροοοοὶί
1028 2754 1223 2813 condemnauit
1232 2771 1300 2831 pee-
1313 2762 1440 2819 mat.

142 2863 234 2914 cutum
252 2857 394 2914 income.
440 2850 518 2916 Nam
537 2853 584 2916 itta
604 2874 691 2930 οπο,
716 2875 801 2938 quam
821 2854 866 2919 dei
885 2855 960 2918 fitius
977 2853 1087 2931 induit,
1113 2852 1180 2916 dicet
1199 2852 1300 2916 eadem

142 2963 304 3018 essetcum
322 2974 411 3018 earne
431 2955 562 3040 peccati,
596 2966 626 3018 et
644 2956 747 3018 eodem
767 2956 907 3020 modoad
930 2959 1054 3037 damam,
1086 2955 1182 3036 sitim,
1212 2965 1301 3039 atque

142 3077 295 3135 somnum,
327 3078 385 3141 quo
409 3055 521 3142 reliquo
541 3078 610 3121 οπο
626 3059 721 3121 omnis
738 3059 954 3144 impelleretur,
988 3057 1032 3122 his
1050 3069 1147 3121 umen
1166 3056 1302 3121 omnihus

142 3178 325 3242 nequaquam
341 3160 376 3222 ad
394 3172 515 3245 peccata
532 3160 746 3224 concitabatur.
792 3158 953 3246 Propterea
976 3160 1050 3225 dixit
1065 3161 1236 3247 apostotus,
1266 3164 1301 3222 Iu
1313 3170 1454 3228 tructas

140 3263 436 3324 arinih'tudrireecrur'r
450 3268 575 3344 menti,
611 3263 687 3347 quod
707 3264 809 3327 eodem
829 3285 894 3327 cum
915 3264 966 3328 itto
993 3265 1114 3342 reoidit,
1147 3267 1302 3343 Quaecun-

140 3389 194 3446 que
207 3370 279 3443 πίοι
291 3375 377 3446 puter
387 3368 477 3446 fucit,
511 3369 581 3428 baec
596 3378 625 3427 et
632 3369 720 3446 filius
736 3369 869 3427 srmrb'ter
876 3368 966 3449 sucat.
1012 3364 1090 3430 Nam
1109 3377 1212 3451 pater,
1235 3386 1300 3428 cum

142 3468 181 3529 sit
196 3467 336 3552 spiritns,
367 3477 503 3551 tauquam
526 3467 679 3553 principati
697 3469 783 3532 modo
799 3469 885 3546 iacit,
917 3469 993 3533 iilius
1016 3490 1089 3532 uero
1112 3468 1160 3554 qui
1185 3478 1215 3531 et
1238 3467 1301 3552 ipse

144 3567 264 3651 spiritus
282 3580 347 3647 est,
379 3590 437 3632 non
457 3569 607 3655 principati
628 3571 732 3650 modo,
763 3571 845 3634 velut
863 3582 963 3657 pater,
996 3573 1047 3636 sed
1066 3571 1203 3635 similiter
1219 3568 1300 3632 facit.

143 3666 290 3753 Quocirca
306 3671 331 3733 si
348 3691 466 3735 earnem
483 3674 628 3756 utrimque
644 3683 773 3757 spectes,
788 3673 864 3736 idem
883 3685 929 3738 est
947 3696 1012 3737 cum
1033 3671 1199 3739 hominihus
1216 3667 1303 3735 Chri·

141 3781 222 3849 stus,
259 3772 499 3855 quemadmodum
516 3773 540 3837 si
565 3773 698 3857 spiritum
721 3774 868 3860 utrimque
890 3787 1024 3861 spectes,
1063 3775 1138 3838 idem
1167 3783 1301 3837 osteum

142 3885 237 3959 patre.
284 3871 346 3937 lam
372 3884 516 3957 quatenus
539 3875 948 3959 sioesemiuegeuitusest,
985 3876 1216 3954 nonidcmest,
1250 3874 1301 3939 sed

142 3976 266 4055 simitis3
301 3976 422 4061 perinde
441 3985 530 4059 atque
547 3985 690 4059 quatenus
706 3979 771 4040 sine
794 3978 937 4063 profluvio
952 3979 1011 4044 utto
1030 3999 1064 4041 ac
1079 3978 1215 4064 passione
1234 3999 1302 4064 pro·

143 4079 234 4145 cessit
253 4079 347 4156 titius,
379 4079 532 4143 nunidem
551 4088 613 4156 est,
644 4078 834 4142 sedsimilis:
866 4092 1011 4165 quatenus
1031 4101 1103 4144 vero
1123 4085 1304 4144 insimilitu-

142 4187 207 4244 dr'ue
221 4195 265 4244 est
279 4187 375 4245 cumb
386 4187 509 4265 peceati,
535 4202 594 4245 non
612 4181 688 4244 idem
706 4191 752 4244 est
769 4203 834 4244 cum
852 4183 950 4246 earnis
969 4183 1224 4263 commotionibus,
1248 4184 1301 4248 sed

143 4284 257 4350 similis.
302 4281 373 4348 Non
392 4286 477 4350 aliter
496 4296 584 4371 atque
599 4284 681 4349 'idem
698 4284 748 4370 qui
764 4285 969 4350 commotionis
990 4285 1067 4350 iliius
1083 4286 1301 4351 similitudinem

141 4458 217 4518 punc.
252 4453 317 4510 autb
335 4458 372 4508 ed.
388 4459 471 4510 Petam
737 4449 830 4509 rudrdu
846 4459 939 4508 uuetntr
952 4460 1043 4508 uetoutt
1056 4459 1176 4512 mutue.

176 4525 201 4576 b.
220 4526 294 4577 Verte
311 4523 356 4579 καὶ
378 4522 443 4581 subd
469 4553 512 4566 ·-
538 4523 583 4579 act
604 4524 704 4596 meipsa
771 4522 795 4578 6.
816 4526 889 4595 t'utpo
906 4519 989 4597 ὥςπερ
1007 4513 1058 4584 otiu.
