<?xml version="1.0" encoding="UTF-8"?>
<!DOCTYPE html PUBLIC "-//W3C//DTD XHTML 1.0 Transitional//EN"
    "http://www.w3.org/TR/xhtml1/DTD/xhtml1-transitional.dtd">
<html xmlns="http://www.w3.org/1999/xhtml" xml:lang="en" lang="en">
 <head>
  <title>
</title>
<meta http-equiv="Content-Type" content="text/html;charset=utf-8" />
  <meta name='ocr-system' content='tesseract 3.04.00' />
  <meta name='ocr-capabilities' content='ocr_page ocr_carea ocr_par ocr_line ocrx_word'/>
</head>
<body>
  <div class='ocr_page' id='page_1' title='image "./corporishaerese00unkngoog/corporishaerese00unkngoog_0383.png"; bbox 0 0 3096 5070; ppageno 0'>
   <div class='ocr_carea' id='block_1_1' title="bbox 271 237 1007 302">
    <p class='ocr_par' dir='ltr' id='par_1_1' title="bbox 271 237 1007 302">
     <span class='ocr_line' id='line_1_1' title="bbox 271 237 1007 302; baseline -0.003 -2"><span class='ocrx_word' id='word_1_1' title='bbox 271 237 333 302; x_wconf 84' lang='grc'><strong><em>376</em></strong></span> <span class='ocrx_word' id='word_1_2' title='bbox 696 247 1007 302; x_wconf 79' lang='grc' dir='ltr'><strong><em>ειειετιτειεειιιιιι</em></strong></span> 
     </span>
    </p>
   </div>
   <div class='ocr_carea' id='block_1_2' title="bbox 132 361 1441 3016">
    <p class='ocr_par' dir='ltr' id='par_1_2' title="bbox 132 361 1441 3016">
     <span class='ocr_line' id='line_1_2' title="bbox 270 361 1436 453; baseline 0.001 -21"><span class='ocrx_word' id='word_1_3' title='bbox 270 364 353 433; x_wconf 85' lang='grc' dir='ltr'><strong><em>κάτα.</em></strong></span> <span class='ocrx_word' id='word_1_4' title='bbox 394 362 545 441; x_wconf 79' lang='grc' dir='ltr'><strong><em>Ώςαάτως</em></strong></span> <span class='ocrx_word' id='word_1_5' title='bbox 562 366 619 431; x_wconf 88' lang='grc' dir='ltr'><strong><em>οῦκ</em></strong></span> <span class='ocrx_word' id='word_1_6' title='bbox 635 361 715 448; x_wconf 76' lang='grc' dir='ltr'><strong><em>εἶχον</em></strong></span> <span class='ocrx_word' id='word_1_7' title='bbox 732 361 899 432; x_wconf 88' lang='grc' dir='ltr'><strong><em>άποδοῦναι</em></strong></span> <span class='ocrx_word' id='word_1_8' title='bbox 913 364 1007 451; x_wconf 88' lang='grc' dir='ltr'><strong><em>λόγον.</em></strong></span> <span class='ocrx_word' id='word_1_9' title='bbox 1053 367 1114 430; x_wconf 80' lang='grc' dir='ltr'><strong><em>Καί</em></strong></span> <span class='ocrx_word' id='word_1_10' title='bbox 1131 363 1225 448; x_wconf 88' lang='grc' dir='ltr'><strong><em>πολλή</em></strong></span> <span class='ocrx_word' id='word_1_11' title='bbox 1239 362 1311 448; x_wconf 83' lang='grc' dir='ltr'><strong><em>ήμῖν</em></strong></span> <span class='ocrx_word' id='word_1_12' title='bbox 1327 368 1436 453; x_wconf 83' lang='grc' dir='ltr'><strong><em>γέγονε</em></strong></span> 
     </span>
     <span class='ocr_line' id='line_1_3' title="bbox 271 465 1434 553; baseline 0.002 -19"><span class='ocrx_word' id='word_1_13' title='bbox 271 468 335 535; x_wconf 88' lang='grc' dir='ltr'><strong><em>τότε</em></strong></span> <span class='ocrx_word' id='word_1_14' title='bbox 350 466 468 553; x_wconf 89' lang='grc' dir='ltr'><strong><em>λυπηρά</em></strong></span> <span class='ocrx_word' id='word_1_15' title='bbox 488 465 509 550; x_wconf 90' lang='grc' dir='ltr'><strong><em>ή</em></strong></span> <span class='ocrx_word' id='word_1_16' title='bbox 526 472 578 550; x_wconf 86' lang='grc' dir='ltr'><strong><em>τής</em></strong></span> <span class='ocrx_word' id='word_1_17' title='bbox 593 475 669 551; x_wconf 80' lang='grc' dir='ltr'><strong><em>ζωῆς</em></strong></span> <span class='ocrx_word' id='word_1_18' title='bbox 691 468 880 548; x_wconf 89' lang='grc' dir='ltr'><strong><em>κατάστασις,</em></strong></span> <span class='ocrx_word' id='word_1_19' title='bbox 910 466 956 534; x_wconf 75' lang='grc' dir='ltr'><strong><em>ὅτι</em></strong></span> <span class='ocrx_word' id='word_1_20' title='bbox 971 470 1078 543; x_wconf 88' lang='grc' dir='ltr'><strong><em>ἐντοῖς</em></strong></span> <span class='ocrx_word' id='word_1_21' title='bbox 1099 470 1324 553; x_wconf 74' lang='grc' dir='ltr'><em>προειρημένοις</em></span> <span class='ocrx_word' id='word_1_22' title='bbox 1345 469 1434 536; x_wconf 86' lang='grc' dir='ltr'><strong><em>άδελ-</em></strong></span> 
     </span>
     <span class='ocr_line' id='line_1_4' title="bbox 272 569 1441 672; baseline 0.001 -34"><span class='ocrx_word' id='word_1_23' title='bbox 272 581 343 654; x_wconf 90' lang='grc' dir='ltr'><strong><em>φοῐς</em></strong></span> <span class='ocrx_word' id='word_1_24' title='bbox 357 573 408 636; x_wconf 81' lang='grc' dir='ltr'><strong><em>καλ</em></strong></span> <span class='ocrx_word' id='word_1_25' title='bbox 425 573 589 646; x_wconf 75' lang='grc' dir='ltr'><strong><em>ἐπαινετοῖς</em></strong></span> <span class='ocrx_word' id='word_1_26' title='bbox 612 571 782 654; x_wconf 71' lang='grc' dir='ltr'><em>ἐβλήθησαν</em></span> <span class='ocrx_word' id='word_1_27' title='bbox 799 569 900 648; x_wconf 82' lang='grc' dir='ltr'><strong><em>άπλῦς</em></strong></span> <span class='ocrx_word' id='word_1_28' title='bbox 917 575 1106 652; x_wconf 78' lang='grc' dir='ltr'><strong><em>φιλονεικίαι,</em></strong></span> <span class='ocrx_word' id='word_1_29' title='bbox 1136 573 1186 634; x_wconf 82' lang='grc' dir='ltr'><strong><em>ἵνα</em></strong></span> <span class='ocrx_word' id='word_1_30' title='bbox 1207 571 1373 649; x_wconf 77' lang='grc' dir='ltr'><strong><em>διαστάσεις</em></strong></span> <span class='ocrx_word' id='word_1_31' title='bbox 1397 575 1441 672; x_wconf 53' lang='grc' dir='ltr'><strong><em>ἐν.</em></strong></span> 
     </span>
     <span class='ocr_line' id='line_1_5' title="bbox 271 671 1434 761; baseline 0.003 -23"><span class='ocrx_word' id='word_1_32' title='bbox 271 671 343 758; x_wconf 88' lang='grc' dir='ltr'><strong><em>ήμῖν</em></strong></span> <span class='ocrx_word' id='word_1_33' title='bbox 359 671 485 739; x_wconf 86' lang='grc' dir='ltr'><strong><em>πάντοτε</em></strong></span> <span class='ocrx_word' id='word_1_34' title='bbox 504 671 522 738; x_wconf 83' lang='grc' dir='ltr'><strong><em>ό</em></strong></span> <span class='ocrx_word' id='word_1_35' title='bbox 537 677 748 759; x_wconf 85' lang='grc' dir='ltr'><strong><em>προειρημένος</em></strong></span> <span class='ocrx_word' id='word_1_36' title='bbox 768 681 827 740; x_wconf 83' lang='grc' dir='ltr'><strong><em>τῶν</em></strong></span> <span class='ocrx_word' id='word_1_37' title='bbox 844 672 1019 759; x_wconf 84' lang='grc' dir='ltr'><strong><em>άνθράπων</em></strong></span> <span class='ocrx_word' id='word_1_38' title='bbox 1036 675 1175 756; x_wconf 86' lang='grc' dir='ltr'><strong><em>πολέμιος</em></strong></span> <span class='ocrx_word' id='word_1_39' title='bbox 1191 671 1332 757; x_wconf 79' lang='grc' dir='ltr'><strong><em>διάβολος</em></strong></span> <span class='ocrx_word' id='word_1_40' title='bbox 1353 678 1434 761; x_wconf 82' lang='grc' dir='ltr'><strong><em>ἐξερ-</em></strong></span> 
     </span>
     <span class='ocr_line' id='line_1_6' title="bbox 132 773 1434 864; baseline -0.002 -18"><span class='ocrx_word' id='word_1_41' title='bbox 132 774 405 864; x_wconf 67' lang='lat' dir='ltr'><strong><em>pug.lole,ya&#39;⁶v1tm.</em></strong></span> <span class='ocrx_word' id='word_1_42' title='bbox 453 773 552 858; x_wconf 89' lang='grc' dir='ltr'><strong><em>Πολλή</em></strong></span> <span class='ocrx_word' id='word_1_43' title='bbox 572 779 605 842; x_wconf 82' lang='grc' dir='ltr'><strong><em>δέ</em></strong></span> <span class='ocrx_word' id='word_1_44' title='bbox 623 780 683 843; x_wconf 87' lang='grc' dir='ltr'><strong><em>ἐστι</em></strong></span> <span class='ocrx_word' id='word_1_45' title='bbox 705 786 759 860; x_wconf 80' lang='grc' dir='ltr'><strong><em>τῆς</em></strong></span> <span class='ocrx_word' id='word_1_46' title='bbox 782 775 921 860; x_wconf 78' lang='grc' dir='ltr'><strong><em>τοιαύτης</em></strong></span> <span class='ocrx_word' id='word_1_47' title='bbox 945 779 1059 855; x_wconf 90' lang='grc' dir='ltr'><strong><em>αίτίας,</em></strong></span> <span class='ocrx_word' id='word_1_48' title='bbox 1090 776 1230 856; x_wconf 86' lang='grc' dir='ltr'><strong><em>άδελφοί,</em></strong></span> <span class='ocrx_word' id='word_1_49' title='bbox 1262 775 1282 860; x_wconf 86' lang='grc' dir='ltr'><strong><em>ή</em></strong></span> <span class='ocrx_word' id='word_1_50' title='bbox 1305 775 1368 842; x_wconf 83' lang='grc' dir='ltr'><strong><em>κατ’</em></strong></span> <span class='ocrx_word' id='word_1_51' title='bbox 1385 780 1434 843; x_wconf 84' lang='grc' dir='ltr'><strong><em>ἐν-</em></strong></span> 
     </span>
     <span class='ocr_line' id='line_1_7' title="bbox 270 876 1434 967; baseline 0.002 -22"><span class='ocrx_word' id='word_1_52' title='bbox 270 905 356 945; x_wconf 90' lang='grc' dir='ltr'><strong><em>νοιαν</em></strong></span> <span class='ocrx_word' id='word_1_53' title='bbox 379 877 483 962; x_wconf 79' lang='grc' dir='ltr'><strong><em>βλάβη.</em></strong></span> <span class='ocrx_word' id='word_1_54' title='bbox 528 883 571 944; x_wconf 73' lang='lat' dir='ltr'><strong><em>Et</em></strong></span> <span class='ocrx_word' id='word_1_55' title='bbox 587 881 644 963; x_wconf 82' lang='grc' dir='ltr'><strong><em>μέν</em></strong></span> <span class='ocrx_word' id='word_1_56' title='bbox 663 879 719 967; x_wconf 88' lang='grc' dir='ltr'><strong><em>γάρ</em></strong></span> <span class='ocrx_word' id='word_1_57' title='bbox 743 883 773 958; x_wconf 82' lang='grc' dir='ltr'><strong><em>ἐξ</em></strong></span> <span class='ocrx_word' id='word_1_58' title='bbox 792 878 887 964; x_wconf 80' lang='grc' dir='ltr'><strong><em>άρχής</em></strong></span> <span class='ocrx_word' id='word_1_59' title='bbox 908 881 976 964; x_wconf 77' lang='grc' dir='ltr'><strong><em>περὶ</em></strong></span> <span class='ocrx_word' id='word_1_60' title='bbox 991 876 1100 944; x_wconf 90' lang='grc' dir='ltr'><strong><em>τούτου</em></strong></span> <span class='ocrx_word' id='word_1_61' title='bbox 1117 878 1174 944; x_wconf 88' lang='grc' dir='ltr'><strong><em>οῦκ</em></strong></span> <span class='ocrx_word' id='word_1_62' title='bbox 1192 878 1318 963; x_wconf 90' lang='grc' dir='ltr'><strong><em>ἐκινήθη</em></strong></span> <span class='ocrx_word' id='word_1_63' title='bbox 1332 878 1434 966; x_wconf 90' lang='grc' dir='ltr'><strong><em>λόγος,</em></strong></span> 
     </span>
     <span class='ocr_line' id='line_1_8' title="bbox 270 975 1432 1069; baseline 0.001 -22"><span class='ocrx_word' id='word_1_64' title='bbox 270 979 473 1049; x_wconf 68' lang='grc' dir='ltr'><strong><em>ἁπλούστατον</em></strong></span> <span class='ocrx_word' id='word_1_65' title='bbox 495 975 542 1065; x_wconf 87' lang='grc' dir='ltr'><strong><em>ήν.</em></strong></span> <span class='ocrx_word' id='word_1_66' title='bbox 591 988 625 1048; x_wconf 88' lang='grc' dir='ltr'><strong><em>Τί</em></strong></span> <span class='ocrx_word' id='word_1_67' title='bbox 645 981 702 1069; x_wconf 88' lang='grc' dir='ltr'><strong><em>γάρ</em></strong></span> <span class='ocrx_word' id='word_1_68' title='bbox 724 990 812 1049; x_wconf 86' lang='grc' dir='ltr'><strong><em>τοῦτο</em></strong></span> <span class='ocrx_word' id='word_1_69' title='bbox 834 980 887 1049; x_wconf 82' lang='grc' dir='ltr'><strong><em>τόν</em></strong></span> <span class='ocrx_word' id='word_1_70' title='bbox 911 981 1024 1064; x_wconf 83' lang='grc' dir='ltr'><strong><em>κόσμον</em></strong></span> <span class='ocrx_word' id='word_1_71' title='bbox 1045 979 1139 1064; x_wconf 80' lang='grc' dir='ltr'><strong><em>ῦνησε</em></strong></span> <span class='ocrx_word' id='word_1_72' title='bbox 1157 980 1188 1048; x_wconf 84' lang='grc' dir='ltr'><strong><em>τῦ</em></strong></span> <span class='ocrx_word' id='word_1_73' title='bbox 1209 983 1432 1065; x_wconf 87' lang='grc' dir='ltr'><strong><em>καινοτόμημα,</em></strong></span> 
     </span>
     <span class='ocr_line' id='line_1_9' title="bbox 269 1082 1434 1169; baseline 0.001 -19"><span class='ocrx_word' id='word_1_74' title='bbox 269 1083 291 1168; x_wconf 80' lang='grc' dir='ltr'><strong><em>ή</em></strong></span> <span class='ocrx_word' id='word_1_75' title='bbox 304 1082 358 1167; x_wconf 90' lang='grc' dir='ltr'><strong><em>τήν</em></strong></span> <span class='ocrx_word' id='word_1_76' title='bbox 372 1088 526 1167; x_wconf 76' lang='grc' dir='ltr'><strong><em>ἐκκλησίαν</em></strong></span> <span class='ocrx_word' id='word_1_77' title='bbox 542 1085 706 1169; x_wconf 75' lang='grc' dir='ltr'><strong><em>εῦφέλησενς</em></strong></span> <span class='ocrx_word' id='word_1_78' title='bbox 738 1085 837 1169; x_wconf 80' lang='grc' dir='ltr'><strong><em>ήοῦχῖ</em></strong></span> <span class='ocrx_word' id='word_1_79' title='bbox 854 1091 965 1168; x_wconf 81' lang='grc' dir='ltr'><strong><em>μᾶλλον</em></strong></span> <span class='ocrx_word' id='word_1_80' title='bbox 982 1088 1110 1166; x_wconf 85' lang='grc' dir='ltr'><strong><em>έβλαψε,</em></strong></span> <span class='ocrx_word' id='word_1_81' title='bbox 1139 1094 1226 1166; x_wconf 91' lang='grc' dir='ltr'><strong><em>μῖσος</em></strong></span> <span class='ocrx_word' id='word_1_82' title='bbox 1249 1087 1299 1150; x_wconf 79' lang='grc' dir='ltr'><strong><em>καὶ</em></strong></span> <span class='ocrx_word' id='word_1_83' title='bbox 1324 1085 1434 1152; x_wconf 77' lang='grc' dir='ltr'><strong><em>στάσιν</em></strong></span> 
     </span>
     <span class='ocr_line' id='line_1_10' title="bbox 270 1184 1433 1275; baseline 0.001 -22"><span class='ocrx_word' id='word_1_84' title='bbox 270 1186 484 1274; x_wconf 71' lang='grc' dir='ltr'><strong><em>ἐργασάμενονς</em></strong></span> <span class='ocrx_word' id='word_1_85' title='bbox 527 1184 646 1271; x_wconf 78' lang='grc' dir='ltr'><strong><em>Ἐπειδή</em></strong></span> <span class='ocrx_word' id='word_1_86' title='bbox 661 1190 692 1254; x_wconf 84' lang='grc' dir='ltr'><strong><em>δέ</em></strong></span> <span class='ocrx_word' id='word_1_87' title='bbox 707 1186 726 1254; x_wconf 85' lang='grc' dir='ltr'><strong><em>δ</em></strong></span> <span class='ocrx_word' id='word_1_88' title='bbox 740 1188 828 1275; x_wconf 84' lang='grc' dir='ltr'><strong><em>λόγος</em></strong></span> <span class='ocrx_word' id='word_1_89' title='bbox 850 1186 1041 1274; x_wconf 79' lang='grc' dir='ltr'><strong><em>προεβλήθη,</em></strong></span> <span class='ocrx_word' id='word_1_90' title='bbox 1072 1185 1202 1272; x_wconf 79' lang='grc' dir='ltr'><strong><em>φοβερός</em></strong></span> <span class='ocrx_word' id='word_1_91' title='bbox 1225 1190 1358 1273; x_wconf 87' lang='grc' dir='ltr'><strong><em>γέγονεν·</em></strong></span> <span class='ocrx_word' id='word_1_92' title='bbox 1390 1188 1433 1254; x_wconf 91' lang='grc' dir='ltr'><strong><em>οῦ</em></strong></span> 
     </span>
     <span class='ocr_line' id='line_1_11' title="bbox 269 1288 1434 1378; baseline 0.001 -22"><span class='ocrx_word' id='word_1_93' title='bbox 269 1289 326 1378; x_wconf 85' lang='grc' dir='ltr'><strong><em>γάρ</em></strong></span> <span class='ocrx_word' id='word_1_94' title='bbox 344 1295 385 1367; x_wconf 84' lang='grc' dir='ltr'><strong><em>είς</em></strong></span> <span class='ocrx_word' id='word_1_95' title='bbox 400 1290 433 1357; x_wconf 82' lang='grc' dir='ltr'><strong><em>τό</em></strong></span> <span class='ocrx_word' id='word_1_96' title='bbox 450 1299 586 1376; x_wconf 85' lang='grc' dir='ltr'><strong><em>κρεῖσσον</em></strong></span> <span class='ocrx_word' id='word_1_97' title='bbox 604 1299 657 1372; x_wconf 84' lang='grc' dir='ltr'><strong><em>τῆς</em></strong></span> <span class='ocrx_word' id='word_1_98' title='bbox 670 1288 754 1374; x_wconf 81' lang='grc' dir='ltr'><strong><em>ήμῶν</em></strong></span> <span class='ocrx_word' id='word_1_99' title='bbox 770 1296 923 1377; x_wconf 82' lang='grc' dir='ltr'><strong><em>σωτηρίας.</em></strong></span> <span class='ocrx_word' id='word_1_100' title='bbox 959 1289 1102 1376; x_wconf 79' lang='grc' dir='ltr'><strong><em>’Ἀρνησις</em></strong></span> <span class='ocrx_word' id='word_1_101' title='bbox 1124 1289 1180 1375; x_wconf 88' lang='grc' dir='ltr'><strong><em>γάρ</em></strong></span> <span class='ocrx_word' id='word_1_102' title='bbox 1197 1292 1290 1369; x_wconf 87' lang='grc' dir='ltr'><strong><em>ἐστιν,</em></strong></span> <span class='ocrx_word' id='word_1_103' title='bbox 1321 1289 1358 1355; x_wconf 89' lang='grc' dir='ltr'><strong><em>οῦ</em></strong></span> <span class='ocrx_word' id='word_1_104' title='bbox 1375 1291 1434 1373; x_wconf 85' lang='grc' dir='ltr'><strong><em>μό-</em></strong></span> 
     </span>
     <span class='ocr_line' id='line_1_12' title="bbox 269 1389 1431 1484; baseline 0 -26"><span class='ocrx_word' id='word_1_105' title='bbox 269 1419 323 1459; x_wconf 89' lang='grc' dir='ltr'><strong><em>νον</em></strong></span> <span class='ocrx_word' id='word_1_106' title='bbox 350 1396 381 1459; x_wconf 86' lang='grc' dir='ltr'><strong><em>ἐν</em></strong></span> <span class='ocrx_word' id='word_1_107' title='bbox 405 1392 500 1483; x_wconf 79' lang='grc' dir='ltr'><strong><em>τούτῳ</em></strong></span> <span class='ocrx_word' id='word_1_108' title='bbox 525 1400 566 1482; x_wconf 76' lang='grc' dir='ltr'><strong><em>τῷ</em></strong></span> <span class='ocrx_word' id='word_1_109' title='bbox 590 1396 671 1476; x_wconf 87' lang='grc' dir='ltr'><strong><em>μέρει</em></strong></span> <span class='ocrx_word' id='word_1_110' title='bbox 696 1400 736 1481; x_wconf 78' lang='grc' dir='ltr'><strong><em>τῷ</em></strong></span> <span class='ocrx_word' id='word_1_111' title='bbox 751 1391 794 1477; x_wconf 87' lang='grc' dir='ltr'><strong><em>μή</em></strong></span> <span class='ocrx_word' id='word_1_112' title='bbox 809 1392 1018 1479; x_wconf 75' lang='grc' dir='ltr'><strong><em>ὁμολογοῦντι,</em></strong></span> <span class='ocrx_word' id='word_1_113' title='bbox 1049 1389 1120 1457; x_wconf 87' lang='grc' dir='ltr'><strong><em>άλλά</em></strong></span> <span class='ocrx_word' id='word_1_114' title='bbox 1140 1394 1188 1457; x_wconf 85' lang='grc' dir='ltr'><strong><em>καλ</em></strong></span> <span class='ocrx_word' id='word_1_115' title='bbox 1205 1394 1237 1457; x_wconf 89' lang='grc' dir='ltr'><strong><em>ἐν</em></strong></span> <span class='ocrx_word' id='word_1_116' title='bbox 1253 1392 1431 1484; x_wconf 76' lang='grc' dir='ltr'><strong><em>βραχυτάτῳ</em></strong></span> 
     </span>
     <span class='ocr_line' id='line_1_13' title="bbox 269 1492 1432 1589; baseline 0 -29"><span class='ocrx_word' id='word_1_117' title='bbox 269 1499 339 1560; x_wconf 88' lang='grc' dir='ltr'><strong><em>τινί·</em></strong></span> <span class='ocrx_word' id='word_1_118' title='bbox 363 1496 400 1561; x_wconf 88' lang='grc' dir='ltr'><strong><em>οῦ</em></strong></span> <span class='ocrx_word' id='word_1_119' title='bbox 416 1495 471 1582; x_wconf 85' lang='grc' dir='ltr'><strong><em>χρή</em></strong></span> <span class='ocrx_word' id='word_1_120' title='bbox 485 1494 541 1581; x_wconf 90' lang='grc' dir='ltr'><strong><em>γάρ</em></strong></span> <span class='ocrx_word' id='word_1_121' title='bbox 559 1497 631 1562; x_wconf 87' lang='grc' dir='ltr'><strong><em>οῦδέ</em></strong></span> <span class='ocrx_word' id='word_1_122' title='bbox 646 1496 704 1589; x_wconf 78' lang='grc' dir='ltr'><strong><em>κάυ</em></strong></span> <span class='ocrx_word' id='word_1_123' title='bbox 720 1500 751 1563; x_wconf 86' lang='grc' dir='ltr'><strong><em>ἐν</em></strong></span> <span class='ocrx_word' id='word_1_124' title='bbox 767 1504 807 1584; x_wconf 78' lang='grc' dir='ltr'><strong><em>τῷ</em></strong></span> <span class='ocrx_word' id='word_1_125' title='bbox 824 1495 941 1580; x_wconf 83' lang='grc' dir='ltr'><strong><em>τυχόντι</em></strong></span> <span class='ocrx_word' id='word_1_126' title='bbox 963 1497 1194 1580; x_wconf 84' lang='grc' dir='ltr'><strong><em>παρεξέρχεσθαι</em></strong></span> <span class='ocrx_word' id='word_1_127' title='bbox 1213 1502 1265 1577; x_wconf 79' lang='grc' dir='ltr'><strong><em>τῆς</em></strong></span> <span class='ocrx_word' id='word_1_128' title='bbox 1282 1492 1356 1560; x_wconf 79' lang='grc' dir='ltr'><strong><em>ὁδοῦ</em></strong></span> <span class='ocrx_word' id='word_1_129' title='bbox 1375 1503 1432 1579; x_wconf 83' lang='grc' dir='ltr'><strong><em>τῆς</em></strong></span> 
     </span>
     <span class='ocr_line' id='line_1_14' title="bbox 270 1595 1431 1682; baseline 0.002 -19"><span class='ocrx_word' id='word_1_130' title='bbox 270 1599 422 1682; x_wconf 78' lang='grc' dir='ltr'><strong><em>άληθείας.</em></strong></span> <span class='ocrx_word' id='word_1_131' title='bbox 466 1602 607 1681; x_wconf 83' lang='grc' dir='ltr'><strong><em>Λέξωμευ</em></strong></span> <span class='ocrx_word' id='word_1_132' title='bbox 623 1604 724 1665; x_wconf 88' lang='grc' dir='ltr'><strong><em>τοίνυν</em></strong></span> <span class='ocrx_word' id='word_1_133' title='bbox 740 1602 792 1665; x_wconf 82' lang='grc' dir='ltr'><strong><em>καί</em></strong></span> <span class='ocrx_word' id='word_1_134' title='bbox 808 1597 884 1664; x_wconf 85' lang='grc' dir='ltr'><strong><em>κατά</em></strong></span> <span class='ocrx_word' id='word_1_135' title='bbox 901 1598 1009 1680; x_wconf 80' lang='grc' dir='ltr'><strong><em>ταύτης</em></strong></span> <span class='ocrx_word' id='word_1_136' title='bbox 1031 1606 1084 1680; x_wconf 83' lang='grc' dir='ltr'><strong><em>τῆς</em></strong></span> <span class='ocrx_word' id='word_1_137' title='bbox 1102 1595 1292 1675; x_wconf 69' lang='grc' dir='ltr'><strong><em>ὑποθέσεως,</em></strong></span> <span class='ocrx_word' id='word_1_138' title='bbox 1323 1598 1431 1681; x_wconf 81' lang='grc' dir='ltr'><strong><em>βουλό-</em></strong></span> 
     </span>
     <span class='ocr_line' id='line_1_15' title="bbox 270 1698 1431 1786; baseline 0.002 -20"><span class='ocrx_word' id='word_1_139' title='bbox 270 1725 353 1785; x_wconf 90' lang='grc' dir='ltr'><strong><em>μενοι</em></strong></span> <span class='ocrx_word' id='word_1_140' title='bbox 372 1700 413 1784; x_wconf 84' lang='grc' dir='ltr'><strong><em>μή</em></strong></span> <span class='ocrx_word' id='word_1_141' title='bbox 430 1704 485 1779; x_wconf 82' lang='grc' dir='ltr'><strong><em>έξω</em></strong></span> <span class='ocrx_word' id='word_1_142' title='bbox 502 1710 555 1786; x_wconf 79' lang='grc' dir='ltr'><strong><em>τῆς</em></strong></span> <span class='ocrx_word' id='word_1_143' title='bbox 571 1705 684 1767; x_wconf 77' lang='grc' dir='ltr'><strong><em>ἑαυτῶν</em></strong></span> <span class='ocrx_word' id='word_1_144' title='bbox 700 1710 776 1784; x_wconf 77' lang='grc' dir='ltr'><strong><em>ζωῆς</em></strong></span> <span class='ocrx_word' id='word_1_145' title='bbox 791 1706 922 1783; x_wconf 82' lang='grc' dir='ltr'><strong><em>βαίνειν,</em></strong></span> <span class='ocrx_word' id='word_1_146' title='bbox 952 1701 1026 1784; x_wconf 83' lang='grc' dir='ltr'><strong><em>μηδέ</em></strong></span> <span class='ocrx_word' id='word_1_147' title='bbox 1039 1698 1091 1765; x_wconf 86' lang='grc' dir='ltr'><strong><em>τόν</em></strong></span> <span class='ocrx_word' id='word_1_148' title='bbox 1107 1699 1222 1766; x_wconf 87' lang='grc' dir='ltr'><strong><em>κανόνα</em></strong></span> <span class='ocrx_word' id='word_1_149' title='bbox 1243 1701 1431 1784; x_wconf 88' lang='grc' dir='ltr'><strong><em>καταλιμπά-</em></strong></span> 
     </span>
     <span class='ocr_line' id='line_1_16' title="bbox 269 1801 1431 1889; baseline 0.002 -19"><span class='ocrx_word' id='word_1_150' title='bbox 269 1829 332 1870; x_wconf 85' lang='grc' dir='ltr'><strong><em>νειν</em></strong></span> <span class='ocrx_word' id='word_1_151' title='bbox 356 1811 410 1886; x_wconf 81' lang='grc' dir='ltr'><strong><em>τῆς</em></strong></span> <span class='ocrx_word' id='word_1_152' title='bbox 426 1802 512 1889; x_wconf 86' lang='grc' dir='ltr'><strong><em>άγίας</em></strong></span> <span class='ocrx_word' id='word_1_153' title='bbox 535 1811 612 1869; x_wconf 83' lang='grc' dir='ltr'><strong><em>θεοῦ</em></strong></span> <span class='ocrx_word' id='word_1_154' title='bbox 636 1806 789 1886; x_wconf 76' lang='grc' dir='ltr'><strong><em>ἐκκλησίας</em></strong></span> <span class='ocrx_word' id='word_1_155' title='bbox 811 1806 862 1868; x_wconf 80' lang='grc' dir='ltr'><strong><em>καί</em></strong></span> <span class='ocrx_word' id='word_1_156' title='bbox 884 1801 1048 1889; x_wconf 78' lang='grc' dir='ltr'><strong><em>ὁμολογίας.</em></strong></span> <span class='ocrx_word' id='word_1_157' title='bbox 1095 1802 1204 1868; x_wconf 84' lang='grc' dir='ltr'><strong><em>Οῦδενλ</em></strong></span> <span class='ocrx_word' id='word_1_158' title='bbox 1226 1801 1283 1889; x_wconf 90' lang='grc' dir='ltr'><strong><em>γάρ</em></strong></span> <span class='ocrx_word' id='word_1_159' title='bbox 1307 1803 1431 1872; x_wconf 84' lang='grc' dir='ltr'><strong><em>πάποτε</em></strong></span> 
     </span>
     <span class='ocr_line' id='line_1_17' title="bbox 268 1904 1429 1996; baseline 0.002 -25"><span class='ocrx_word' id='word_1_160' title='bbox 268 1913 328 1972; x_wconf 84' lang='grc' dir='ltr'><strong><em>τοῖν</em></strong></span> <span class='ocrx_word' id='word_1_161' title='bbox 342 1913 477 1972; x_wconf 82' lang='grc' dir='ltr'><strong><em>παλαιάν</em></strong></span> <span class='ocrx_word' id='word_1_162' title='bbox 492 1913 577 1972; x_wconf 89' lang='grc' dir='ltr'><strong><em>τοῦτο</em></strong></span> <span class='ocrx_word' id='word_1_163' title='bbox 594 1910 721 1991; x_wconf 79' lang='grc' dir='ltr'><strong><em>είρηται,</em></strong></span> <span class='ocrx_word' id='word_1_164' title='bbox 745 1905 811 1972; x_wconf 80' lang='grc' dir='ltr'><strong><em>οὔτε</em></strong></span> <span class='ocrx_word' id='word_1_165' title='bbox 826 1905 984 1996; x_wconf 78' lang='grc' dir='ltr'><strong><em>προφήτῃ,</em></strong></span> <span class='ocrx_word' id='word_1_166' title='bbox 1007 1904 1074 1972; x_wconf 84' lang='grc' dir='ltr'><strong><em>οῦτε</em></strong></span> <span class='ocrx_word' id='word_1_167' title='bbox 1090 1904 1261 1994; x_wconf 83' lang='grc' dir='ltr'><strong><em>άποστόλρν,</em></strong></span> <span class='ocrx_word' id='word_1_168' title='bbox 1293 1904 1360 1973; x_wconf 88' lang='grc' dir='ltr'><strong><em>οῦτε</em></strong></span> <span class='ocrx_word' id='word_1_169' title='bbox 1379 1908 1429 1973; x_wconf 87' lang='grc' dir='ltr'><strong><em>εῦ-</em></strong></span> 
     </span>
     <span class='ocr_line' id='line_1_18' title="bbox 269 2005 1429 2098; baseline 0.001 -25"><span class='ocrx_word' id='word_1_170' title='bbox 269 2015 437 2098; x_wconf 78' lang='grc' dir='ltr'><strong><em>αγγελιστή,</em></strong></span> <span class='ocrx_word' id='word_1_171' title='bbox 459 2007 497 2076; x_wconf 85' lang='grc' dir='ltr'><strong><em>οῦ</em></strong></span> <span class='ocrx_word' id='word_1_172' title='bbox 511 2036 568 2075; x_wconf 87' lang='grc' dir='ltr'><strong><em>τινι</em></strong></span> <span class='ocrx_word' id='word_1_173' title='bbox 585 2017 644 2074; x_wconf 81' lang='grc' dir='ltr'><strong><em>τοῖν</em></strong></span> <span class='ocrx_word' id='word_1_174' title='bbox 658 2012 815 2095; x_wconf 78' lang='grc' dir='ltr'><strong><em>ἐξηγητῶν,</em></strong></span> <span class='ocrx_word' id='word_1_175' title='bbox 838 2012 894 2085; x_wconf 76' lang='grc' dir='ltr'><strong><em>ἕως</em></strong></span> <span class='ocrx_word' id='word_1_176' title='bbox 908 2010 1022 2075; x_wconf 86' lang='grc' dir='ltr'><strong><em>τούτων</em></strong></span> <span class='ocrx_word' id='word_1_177' title='bbox 1036 2016 1097 2074; x_wconf 88' lang='grc' dir='ltr'><strong><em>τῦν</em></strong></span> <span class='ocrx_word' id='word_1_178' title='bbox 1114 2005 1289 2094; x_wconf 64' lang='grc' dir='ltr'><strong><em>’ήμετέρων</em></strong></span> <span class='ocrx_word' id='word_1_179' title='bbox 1303 2008 1429 2095; x_wconf 86' lang='grc' dir='ltr'><strong><em>χρόνων,</em></strong></span> 
     </span>
     <span class='ocr_line' id='line_1_19' title="bbox 269 2103 1428 2198; baseline 0.001 -22"><span class='ocrx_word' id='word_1_180' title='bbox 269 2103 352 2188; x_wconf 81' lang='grc' dir='ltr'><strong><em>ἐξοῦ</em></strong></span> <span class='ocrx_word' id='word_1_181' title='bbox 369 2118 477 2196; x_wconf 82' lang='grc' dir='ltr'><strong><em>καιροῦ</em></strong></span> <span class='ocrx_word' id='word_1_182' title='bbox 499 2110 558 2177; x_wconf 86' lang='grc' dir='ltr'><strong><em>άπῦ</em></strong></span> <span class='ocrx_word' id='word_1_183' title='bbox 584 2119 638 2179; x_wconf 91' lang='grc' dir='ltr'><strong><em>τοῦ</em></strong></span> <span class='ocrx_word' id='word_1_184' title='bbox 661 2114 876 2197; x_wconf 89' lang='grc' dir='ltr'><strong><em>προειρημένου</em></strong></span> <span class='ocrx_word' id='word_1_185' title='bbox 901 2111 1081 2198; x_wconf 85' lang='grc' dir='ltr'><strong><em>λογιωτάτου</em></strong></span> <span class='ocrx_word' id='word_1_186' title='bbox 1107 2109 1218 2197; x_wconf 84' lang='grc' dir='ltr'><strong><em>άνδρδς</em></strong></span> <span class='ocrx_word' id='word_1_187' title='bbox 1242 2111 1277 2179; x_wconf 84' lang='grc' dir='ltr'><strong><em>τῦ</em></strong></span> <span class='ocrx_word' id='word_1_188' title='bbox 1293 2120 1428 2179; x_wconf 88' lang='grc' dir='ltr'><strong><em>τοωῦτον</em></strong></span> 
     </span>
     <span class='ocr_line' id='line_1_20' title="bbox 269 2211 1419 2304; baseline 0.002 -25"><span class='ocrx_word' id='word_1_189' title='bbox 269 2211 445 2294; x_wconf 82' lang='grc' dir='ltr'><strong><em>σοφιστικόν</em></strong></span> <span class='ocrx_word' id='word_1_190' title='bbox 467 2222 602 2300; x_wconf 80' lang='grc' dir='ltr'><strong><em>προῆλθε</em></strong></span> <span class='ocrx_word' id='word_1_191' title='bbox 620 2218 709 2299; x_wconf 70' lang='grc' dir='ltr'><strong><em>ῥῆμα.</em></strong></span> <span class='ocrx_word' id='word_1_192' title='bbox 755 2218 882 2304; x_wconf 72' lang='grc' dir='ltr'><strong><em>Παιδεία</em></strong></span> <span class='ocrx_word' id='word_1_193' title='bbox 902 2213 957 2301; x_wconf 84' lang='grc' dir='ltr'><strong><em>γάρ</em></strong></span> <span class='ocrx_word' id='word_1_194' title='bbox 976 2213 1012 2281; x_wconf 86' lang='grc' dir='ltr'><strong><em>ού</em></strong></span> <span class='ocrx_word' id='word_1_195' title='bbox 1029 2222 1066 2304; x_wconf 73' lang='grc' dir='ltr'><strong><em>τῇ</em></strong></span> <span class='ocrx_word' id='word_1_196' title='bbox 1082 2212 1211 2304; x_wconf 76' lang='grc' dir='ltr'><strong><em>τυχούσῃ</em></strong></span> <span class='ocrx_word' id='word_1_197' title='bbox 1232 2212 1337 2298; x_wconf 83' lang='grc' dir='ltr'><strong><em>άάνήρ</em></strong></span> <span class='ocrx_word' id='word_1_198' title='bbox 1355 2213 1419 2296; x_wconf 83' lang='grc' dir='ltr'><strong><em>ἐξή-</em></strong></span> 
     </span>
     <span class='ocr_line' id='line_1_21' title="bbox 269 2314 1420 2403; baseline -0.003 -21"><span class='ocrx_word' id='word_1_199' title='bbox 269 2337 391 2399; x_wconf 88' lang='grc' dir='ltr'><strong><em>σκηται,</em></strong></span> <span class='ocrx_word' id='word_1_200' title='bbox 413 2314 475 2382; x_wconf 83' lang='grc' dir='ltr'><strong><em>άπδ</em></strong></span> <span class='ocrx_word' id='word_1_201' title='bbox 491 2325 544 2400; x_wconf 79' lang='grc' dir='ltr'><strong><em>τῆς</em></strong></span> <span class='ocrx_word' id='word_1_202' title='bbox 558 2325 617 2383; x_wconf 79' lang='grc' dir='ltr'><strong><em>τῶν</em></strong></span> <span class='ocrx_word' id='word_1_203' title='bbox 631 2317 727 2403; x_wconf 88' lang='grc' dir='ltr'><strong><em>λόγων</em></strong></span> <span class='ocrx_word' id='word_1_204' title='bbox 743 2316 984 2400; x_wconf 83' lang='grc' dir='ltr'><strong><em>προπαιδεύσεάς</em></strong></span> <span class='ocrx_word' id='word_1_205' title='bbox 998 2343 1028 2382; x_wconf 93' lang='grc' dir='ltr'><strong><em>τε</em></strong></span> <span class='ocrx_word' id='word_1_206' title='bbox 1041 2318 1092 2382; x_wconf 79' lang='grc' dir='ltr'><strong><em>καὶ</em></strong></span> <span class='ocrx_word' id='word_1_207' title='bbox 1105 2315 1272 2400; x_wconf 78' lang='grc' dir='ltr'><strong><em>Ἑλληνικῆς</em></strong></span> <span class='ocrx_word' id='word_1_208' title='bbox 1283 2321 1420 2381; x_wconf 87' lang='grc' dir='ltr'><strong><em>διδασκα-</em></strong></span> 
     </span>
     <span class='ocr_line' id='line_1_22' title="bbox 268 2417 1420 2505; baseline 0.002 -22"><span class='ocrx_word' id='word_1_209' title='bbox 268 2422 332 2494; x_wconf 89' lang='grc' dir='ltr'><strong><em>λίας</em></strong></span> <span class='ocrx_word' id='word_1_210' title='bbox 348 2417 536 2504; x_wconf 84' lang='grc' dir='ltr'><strong><em>όρμάμενος,</em></strong></span> <span class='ocrx_word' id='word_1_211' title='bbox 559 2419 659 2486; x_wconf 82' lang='grc' dir='ltr'><strong><em>πᾶσάν</em></strong></span> <span class='ocrx_word' id='word_1_212' title='bbox 673 2445 703 2485; x_wconf 89' lang='grc' dir='ltr'><strong><em>τε</em></strong></span> <span class='ocrx_word' id='word_1_213' title='bbox 719 2418 903 2503; x_wconf 87' lang='grc' dir='ltr'><strong><em>διαλεκτικήν</em></strong></span> <span class='ocrx_word' id='word_1_214' title='bbox 921 2423 971 2486; x_wconf 84' lang='grc' dir='ltr'><strong><em>καλ</em></strong></span> <span class='ocrx_word' id='word_1_215' title='bbox 988 2421 1162 2505; x_wconf 88' lang='grc' dir='ltr'><strong><em>σοφιστικήν</em></strong></span> <span class='ocrx_word' id='word_1_216' title='bbox 1179 2420 1420 2500; x_wconf 68' lang='grc' dir='ltr'><strong><em>πεπαιδευμένος,</em></strong></span> 
     </span>
     <span class='ocr_line' id='line_1_23' title="bbox 269 2518 1423 2609; baseline 0 -23"><span class='ocrx_word' id='word_1_217' title='bbox 269 2518 341 2586; x_wconf 88' lang='grc' dir='ltr'><strong><em>α’λλά</em></strong></span> <span class='ocrx_word' id='word_1_218' title='bbox 357 2524 408 2585; x_wconf 84' lang='grc' dir='ltr'><strong><em>καί</em></strong></span> <span class='ocrx_word' id='word_1_219' title='bbox 427 2521 480 2588; x_wconf 84' lang='grc' dir='ltr'><strong><em>τόν</em></strong></span> <span class='ocrx_word' id='word_1_220' title='bbox 497 2521 583 2588; x_wconf 84' lang='grc' dir='ltr'><strong><em>άλλον</em></strong></span> <span class='ocrx_word' id='word_1_221' title='bbox 599 2527 667 2607; x_wconf 81' lang='grc' dir='ltr'><strong><em>βίον</em></strong></span> <span class='ocrx_word' id='word_1_222' title='bbox 689 2521 881 2604; x_wconf 85' lang='grc' dir='ltr'><strong><em>σεμνότατος,</em></strong></span> <span class='ocrx_word' id='word_1_223' title='bbox 913 2525 963 2588; x_wconf 78' lang='grc' dir='ltr'><strong><em>καὶ</em></strong></span> <span class='ocrx_word' id='word_1_224' title='bbox 985 2531 1067 2589; x_wconf 65' lang='grc' dir='ltr'><strong><em>8ταῖν</em></strong></span> <span class='ocrx_word' id='word_1_225' title='bbox 1084 2522 1159 2609; x_wconf 82' lang='grc' dir='ltr'><strong><em>πρός</em></strong></span> <span class='ocrx_word' id='word_1_226' title='bbox 1171 2520 1358 2606; x_wconf 80' lang='grc' dir='ltr'><strong><em>ῦρθοδόξους</em></strong></span> <span class='ocrx_word' id='word_1_227' title='bbox 1374 2521 1423 2588; x_wconf 83' lang='grc' dir='ltr'><strong><em>άελ</em></strong></span> 
     </span>
     <span class='ocr_line' id='line_1_24' title="bbox 269 2620 1425 2714; baseline 0.003 -25"><span class='ocrx_word' id='word_1_228' title='bbox 269 2625 302 2689; x_wconf 85' lang='grc' dir='ltr'><strong><em>ἐν</em></strong></span> <span class='ocrx_word' id='word_1_229' title='bbox 316 2620 419 2713; x_wconf 85' lang='grc' dir='ltr'><strong><em>άγάπη</em></strong></span> <span class='ocrx_word' id='word_1_230' title='bbox 442 2627 473 2690; x_wconf 88' lang='grc' dir='ltr'><strong><em>ἐν</em></strong></span> <span class='ocrx_word' id='word_1_231' title='bbox 490 2624 598 2714; x_wconf 80' lang='grc' dir='ltr'><strong><em>πράτῳ</em></strong></span> <span class='ocrx_word' id='word_1_232' title='bbox 625 2624 745 2712; x_wconf 79' lang='grc' dir='ltr'><strong><em>άριθμῷ</em></strong></span> <span class='ocrx_word' id='word_1_233' title='bbox 766 2624 942 2708; x_wconf 89' lang='grc' dir='ltr'><strong><em>ταττόμενος</em></strong></span> <span class='ocrx_word' id='word_1_234' title='bbox 961 2626 1140 2702; x_wconf 80' lang='grc' dir='ltr'><strong><em>έωςτοάτου</em></strong></span> <span class='ocrx_word' id='word_1_235' title='bbox 1161 2633 1237 2692; x_wconf 65' lang='grc' dir='ltr'><strong><em>*τοῦ</em></strong></span> <span class='ocrx_word' id='word_1_236' title='bbox 1253 2624 1343 2712; x_wconf 89' lang='grc' dir='ltr'><strong><em>λόγου</em></strong></span> <span class='ocrx_word' id='word_1_237' title='bbox 1363 2628 1425 2692; x_wconf 86' lang='grc' dir='ltr'><strong><em>διέ-</em></strong></span> 
     </span>
     <span class='ocr_line' id='line_1_25' title="bbox 270 2725 1425 2817; baseline 0.003 -26"><span class='ocrx_word' id='word_1_238' title='bbox 270 2751 374 2810; x_wconf 87' lang='grc' dir='ltr'><strong><em>μεινεν.</em></strong></span> <span class='ocrx_word' id='word_1_239' title='bbox 414 2726 502 2792; x_wconf 86' lang='grc' dir='ltr'><strong><em>Ἀλλά</em></strong></span> <span class='ocrx_word' id='word_1_240' title='bbox 521 2731 573 2793; x_wconf 81' lang='grc' dir='ltr'><strong><em>καὶ</em></strong></span> <span class='ocrx_word' id='word_1_241' title='bbox 589 2732 703 2812; x_wconf 81' lang='grc' dir='ltr'><strong><em>ἐξορίαν</em></strong></span> <span class='ocrx_word' id='word_1_242' title='bbox 722 2725 876 2809; x_wconf 87' lang='grc' dir='ltr'><strong><em>ῦπέμεινε,</em></strong></span> <span class='ocrx_word' id='word_1_243' title='bbox 905 2726 955 2794; x_wconf 86' lang='grc' dir='ltr'><strong><em>διά</em></strong></span> <span class='ocrx_word' id='word_1_244' title='bbox 972 2727 1004 2794; x_wconf 83' lang='grc' dir='ltr'><strong><em>τά</em></strong></span> <span class='ocrx_word' id='word_1_245' title='bbox 1022 2729 1062 2813; x_wconf 89' lang='grc' dir='ltr'><strong><em>μή</em></strong></span> <span class='ocrx_word' id='word_1_246' title='bbox 1077 2741 1139 2808; x_wconf 87' lang='grc' dir='ltr'><strong><em>τοῖς</em></strong></span> <span class='ocrx_word' id='word_1_247' title='bbox 1148 2731 1315 2817; x_wconf 86' lang='grc' dir='ltr'><strong><em>Ἀρειανοῖς</em></strong></span> <span class='ocrx_word' id='word_1_248' title='bbox 1331 2738 1425 2815; x_wconf 68' lang='grc' dir='ltr'><strong><em>ι’συγ</em></strong></span> 
     </span>
     <span class='ocr_line' id='line_1_26' title="bbox 268 2828 1427 2917; baseline 0.005 -23"><span class='ocrx_word' id='word_1_249' title='bbox 268 2838 406 2896; x_wconf 86' lang='grc' dir='ltr'><strong><em>κατεῖναι.</em></strong></span> <span class='ocrx_word' id='word_1_250' title='bbox 451 2832 513 2895; x_wconf 79' lang='grc' dir='ltr'><strong><em>Καὶ</em></strong></span> <span class='ocrx_word' id='word_1_251' title='bbox 527 2836 555 2895; x_wconf 85' lang='grc' dir='ltr'><strong><em>τί</em></strong></span> <span class='ocrx_word' id='word_1_252' title='bbox 571 2855 606 2912; x_wconf 88' lang='grc' dir='ltr'><strong><em>με</em></strong></span> <span class='ocrx_word' id='word_1_253' title='bbox 624 2835 671 2896; x_wconf 85' lang='grc' dir='ltr'><strong><em>δεῖ</em></strong></span> <span class='ocrx_word' id='word_1_254' title='bbox 685 2832 793 2915; x_wconf 75' lang='grc' dir='ltr'><strong><em>λέγεινς</em></strong></span> <span class='ocrx_word' id='word_1_255' title='bbox 822 2828 913 2913; x_wconf 87' lang='grc' dir='ltr'><strong><em>πολλή</em></strong></span> <span class='ocrx_word' id='word_1_256' title='bbox 937 2829 1022 2913; x_wconf 78' lang='grc' dir='ltr'><strong><em>ήμσῖν</em></strong></span> <span class='ocrx_word' id='word_1_257' title='bbox 1039 2832 1059 2916; x_wconf 83' lang='grc' dir='ltr'><strong><em>ή</em></strong></span> <span class='ocrx_word' id='word_1_258' title='bbox 1074 2834 1170 2917; x_wconf 86' lang='grc' dir='ltr'><strong><em>λύπη,</em></strong></span> <span class='ocrx_word' id='word_1_259' title='bbox 1204 2835 1254 2900; x_wconf 85' lang='grc' dir='ltr'><strong><em>καλ</em></strong></span> <span class='ocrx_word' id='word_1_260' title='bbox 1275 2831 1427 2916; x_wconf 86' lang='grc' dir='ltr'><strong><em>πένθοςή</em></strong></span> 
     </span>
     <span class='ocr_line' id='line_1_27' title="bbox 268 2927 1427 3016; baseline -0.002 -20"><span class='ocrx_word' id='word_1_261' title='bbox 268 2928 345 3014; x_wconf 73' lang='grc' dir='ltr'><strong><em>ζωή,</em></strong></span> <span class='ocrx_word' id='word_1_262' title='bbox 367 2930 414 2997; x_wconf 80' lang='grc' dir='ltr'><strong><em>ὅτι</em></strong></span> <span class='ocrx_word' id='word_1_263' title='bbox 428 2939 532 2998; x_wconf 87' lang='grc' dir='ltr'><strong><em>λυπεῖν</em></strong></span> <span class='ocrx_word' id='word_1_264' title='bbox 550 2938 659 3000; x_wconf 84' lang='grc' dir='ltr'><strong><em>είωθεν</em></strong></span> <span class='ocrx_word' id='word_1_265' title='bbox 675 2930 692 2999; x_wconf 87' lang='lat' dir='ltr'><strong><em>o‘</em></strong></span> <span class='ocrx_word' id='word_1_266' title='bbox 707 2933 847 3016; x_wconf 83' lang='grc' dir='ltr'><strong><em>διάβολος</em></strong></span> <span class='ocrx_word' id='word_1_267' title='bbox 862 2929 941 3015; x_wconf 79' lang='grc' dir='ltr'><strong><em>ἡμᾶς</em></strong></span> <span class='ocrx_word' id='word_1_268' title='bbox 957 2930 1017 3011; x_wconf 81' lang='grc' dir='ltr'><strong><em>άεί,</em></strong></span> <span class='ocrx_word' id='word_1_269' title='bbox 1049 2928 1090 3005; x_wconf 67' lang='grc' dir='ltr'><strong><em>οἷς</em></strong></span> <span class='ocrx_word' id='word_1_270' title='bbox 1104 2929 1163 3012; x_wconf 87' lang='grc' dir='ltr'><strong><em>ήδη</em></strong></span> <span class='ocrx_word' id='word_1_271' title='bbox 1177 2928 1316 3007; x_wconf 87' lang='grc' dir='ltr'><strong><em>πολλάκις</em></strong></span> <span class='ocrx_word' id='word_1_272' title='bbox 1332 2927 1427 2998; x_wconf 86' lang='grc' dir='ltr'><strong><em>είπον.</em></strong></span> 
     </span>
    </p>
   </div>
   <div class='ocr_carea' id='block_1_3' title="bbox 187 3541 1430 3736">
    <p class='ocr_par' dir='ltr' id='par_1_3' title="bbox 187 3541 1430 3736">
     <span class='ocr_line' id='line_1_28' title="bbox 187 3541 1430 3633; baseline 0.002 -22"><span class='ocrx_word' id='word_1_273' title='bbox 187 3598 192 3611; x_wconf 93' lang='grc'><strong><em>.</em></strong></span> <span class='ocrx_word' id='word_1_274' title='bbox 234 3559 252 3613; x_wconf 86' lang='grc'><strong><em>’.</em></strong></span> <span class='ocrx_word' id='word_1_275' title='bbox 347 3541 494 3630; x_wconf 75' lang='grc' dir='ltr'><strong><em>Ἀρξομαι</em></strong></span> <span class='ocrx_word' id='word_1_276' title='bbox 509 3548 611 3609; x_wconf 90' lang='grc' dir='ltr'><strong><em>τοίνυν</em></strong></span> <span class='ocrx_word' id='word_1_277' title='bbox 626 3547 694 3631; x_wconf 83' lang='grc' dir='ltr'><strong><em>περί</em></strong></span> <span class='ocrx_word' id='word_1_278' title='bbox 710 3543 819 3611; x_wconf 88' lang='grc' dir='ltr'><strong><em>τούτου</em></strong></span> <span class='ocrx_word' id='word_1_279' title='bbox 832 3551 886 3610; x_wconf 90' lang='grc' dir='ltr'><strong><em>τοῦ</em></strong></span> <span class='ocrx_word' id='word_1_280' title='bbox 902 3549 994 3630; x_wconf 80' lang='grc' dir='ltr'><strong><em>ρίητοῦ</em></strong></span> <span class='ocrx_word' id='word_1_281' title='bbox 1010 3550 1117 3633; x_wconf 88' lang='grc' dir='ltr'><strong><em>λέγειν,</em></strong></span> <span class='ocrx_word' id='word_1_282' title='bbox 1139 3551 1189 3612; x_wconf 77' lang='grc' dir='ltr'><strong><em>ἵνα</em></strong></span> <span class='ocrx_word' id='word_1_283' title='bbox 1206 3550 1299 3631; x_wconf 90' lang='grc' dir='ltr'><strong><em>μηδέν</em></strong></span> <span class='ocrx_word' id='word_1_284' title='bbox 1315 3574 1358 3628; x_wconf 90' lang='grc' dir='ltr'><strong><em>τι,</em></strong></span> <span class='ocrx_word' id='word_1_285' title='bbox 1386 3547 1430 3626; x_wconf 74' lang='grc' dir='ltr'><strong><em>οῦς</em></strong></span> 
     </span>
     <span class='ocr_line' id='line_1_29' title="bbox 266 3645 1430 3736; baseline 0.007 -27"><span class='ocrx_word' id='word_1_286' title='bbox 266 3648 358 3728; x_wconf 85' lang='grc' dir='ltr'><strong><em>έφην,</em></strong></span> <span class='ocrx_word' id='word_1_287' title='bbox 385 3653 438 3728; x_wconf 78' lang='grc' dir='ltr'><strong><em>τῆς</em></strong></span> <span class='ocrx_word' id='word_1_288' title='bbox 455 3645 597 3727; x_wconf 88' lang='grc' dir='ltr'><strong><em>άληθείας</em></strong></span> <span class='ocrx_word' id='word_1_289' title='bbox 618 3654 800 3733; x_wconf 87' lang='grc' dir='ltr'><strong><em>παραλείψω.</em></strong></span> <span class='ocrx_word' id='word_1_290' title='bbox 850 3654 885 3713; x_wconf 88' lang='grc' dir='ltr'><strong><em>Τί</em></strong></span> <span class='ocrx_word' id='word_1_291' title='bbox 905 3645 983 3731; x_wconf 85' lang='grc' dir='ltr'><strong><em>ήμᾶς</em></strong></span> <span class='ocrx_word' id='word_1_292' title='bbox 1003 3647 1135 3732; x_wconf 87' lang='grc' dir='ltr'><strong><em>ω’φέλησε</em></strong></span> <span class='ocrx_word' id='word_1_293' title='bbox 1155 3649 1188 3716; x_wconf 81' lang='grc' dir='ltr'><strong><em>τό</em></strong></span> <span class='ocrx_word' id='word_1_294' title='bbox 1212 3651 1430 3736; x_wconf 86' lang='grc' dir='ltr'><strong><em>παρεκβάλλειν</em></strong></span> 
     </span>
    </p>
   </div>
   <div class='ocr_carea' id='block_1_4' title="bbox 264 3745 1431 4249">
    <p class='ocr_par' dir='ltr' id='par_1_4' title="bbox 264 3745 1431 4249">
     <span class='ocr_line' id='line_1_30' title="bbox 265 3745 1428 3840; baseline 0.008 -28"><span class='ocrx_word' id='word_1_295' title='bbox 265 3745 318 3813; x_wconf 85' lang='grc' dir='ltr'><strong><em>τόν</em></strong></span> <span class='ocrx_word' id='word_1_296' title='bbox 336 3754 410 3840; x_wconf 81' lang='grc' dir='ltr'><strong><em>νοῦν</em></strong></span> <span class='ocrx_word' id='word_1_297' title='bbox 433 3746 493 3814; x_wconf 87' lang='grc' dir='ltr'><strong><em>άπδ</em></strong></span> <span class='ocrx_word' id='word_1_298' title='bbox 513 3757 567 3832; x_wconf 83' lang='grc' dir='ltr'><strong><em>τῆς</em></strong></span> <span class='ocrx_word' id='word_1_299' title='bbox 588 3748 734 3835; x_wconf 88' lang='grc' dir='ltr'><strong><em>ἐνσάρκου</em></strong></span> <span class='ocrx_word' id='word_1_300' title='bbox 756 3756 921 3837; x_wconf 89' lang='grc' dir='ltr'><strong><em>παρουσίας</em></strong></span> <span class='ocrx_word' id='word_1_301' title='bbox 946 3758 1094 3837; x_wconf 88' lang='grc' dir='ltr'><strong><em>Χριστοῦ,·</em></strong></span> <span class='ocrx_word' id='word_1_302' title='bbox 1139 3756 1182 3817; x_wconf 75' lang='lat' dir='ltr'><strong><em>Et</em></strong></span> <span class='ocrx_word' id='word_1_303' title='bbox 1200 3752 1255 3839; x_wconf 83' lang='grc' dir='ltr'><strong><em>γάρ</em></strong></span> <span class='ocrx_word' id='word_1_304' title='bbox 1276 3753 1350 3830; x_wconf 81' lang='grc' dir='ltr'><strong><em>ὅλως</em></strong></span> <span class='ocrx_word' id='word_1_305' title='bbox 1370 3764 1428 3821; x_wconf 92' lang='grc' dir='ltr'><strong><em>τοῦ</em></strong></span> 
     </span>
     <span class='ocr_line' id='line_1_31' title="bbox 266 3849 1429 3948; baseline 0.006 -32"><span class='ocrx_word' id='word_1_306' title='bbox 266 3854 433 3933; x_wconf 79' lang='grc' dir='ltr'><strong><em>βοηθῆσαι,</em></strong></span> <span class='ocrx_word' id='word_1_307' title='bbox 463 3849 501 3915; x_wconf 78' lang='grc' dir='ltr'><strong><em>ἵν’</em></strong></span> <span class='ocrx_word' id='word_1_308' title='bbox 518 3852 614 3929; x_wconf 86' lang='grc' dir='ltr'><strong><em>οῦτως</em></strong></span> <span class='ocrx_word' id='word_1_309' title='bbox 637 3857 725 3932; x_wconf 77' lang='grc' dir='ltr'><strong><em>εἴπω,</em></strong></span> <span class='ocrx_word' id='word_1_310' title='bbox 755 3861 796 3942; x_wconf 79' lang='grc' dir='ltr'><strong><em>τῷ</em></strong></span> <span class='ocrx_word' id='word_1_311' title='bbox 812 3859 905 3942; x_wconf 78' lang='grc' dir='ltr'><strong><em>κυρίῳ</em></strong></span> <span class='ocrx_word' id='word_1_312' title='bbox 930 3852 1014 3937; x_wconf 83' lang='grc' dir='ltr'><strong><em>ήμοῖν</em></strong></span> <span class='ocrx_word' id='word_1_313' title='bbox 1041 3852 1135 3937; x_wconf 85' lang='grc' dir='ltr'><strong><em>Ἰησσῦ</em></strong></span> <span class='ocrx_word' id='word_1_314' title='bbox 1154 3862 1273 3944; x_wconf 80' lang='grc' dir='ltr'><strong><em>Χριστῷ</em></strong></span> <span class='ocrx_word' id='word_1_315' title='bbox 1288 3859 1339 3920; x_wconf 81' lang='grc' dir='ltr'><strong><em>καὶ</em></strong></span> <span class='ocrx_word' id='word_1_316' title='bbox 1357 3866 1429 3948; x_wconf 77' lang='grc' dir='ltr'><strong><em>θεῷ</em></strong></span> 
     </span>
     <span class='ocr_line' id='line_1_32' title="bbox 264 3951 1430 4043; baseline 0.009 -28"><span class='ocrx_word' id='word_1_317' title='bbox 264 3951 341 4042; x_wconf 77' lang='grc' dir='ltr'><strong><em>λόγῳ</em></strong></span> <span class='ocrx_word' id='word_1_318' title='bbox 358 3954 407 4018; x_wconf 86' lang='grc' dir='ltr'><strong><em>καλ</em></strong></span> <span class='ocrx_word' id='word_1_319' title='bbox 426 3956 484 4043; x_wconf 78' lang='grc' dir='ltr'><strong><em>υίρῖ</em></strong></span> <span class='ocrx_word' id='word_1_320' title='bbox 500 3962 592 4035; x_wconf 84' lang='grc' dir='ltr'><strong><em>θεοῦ,</em></strong></span> <span class='ocrx_word' id='word_1_321' title='bbox 622 3953 795 4042; x_wconf 84' lang='grc' dir='ltr'><strong><em>όύμέτερος</em></strong></span> <span class='ocrx_word' id='word_1_322' title='bbox 816 3955 953 4041; x_wconf 83' lang='grc' dir='ltr'><strong><em>λογισμός</em></strong></span> <span class='ocrx_word' id='word_1_323' title='bbox 969 3955 1126 4042; x_wconf 83' lang='grc' dir='ltr'><strong><em>προήχθη,</em></strong></span> <span class='ocrx_word' id='word_1_324' title='bbox 1156 3963 1206 4023; x_wconf 78' lang='grc' dir='ltr'><strong><em>ἵνα</em></strong></span> <span class='ocrx_word' id='word_1_325' title='bbox 1230 3958 1270 4042; x_wconf 87' lang='grc' dir='ltr'><strong><em>μή</em></strong></span> <span class='ocrx_word' id='word_1_326' title='bbox 1292 3962 1430 4042; x_wconf 88' lang='grc' dir='ltr'><strong><em>είπωμεν</em></strong></span> 
     </span>
     <span class='ocr_line' id='line_1_33' title="bbox 265 4053 1431 4146; baseline 0.009 -27"><span class='ocrx_word' id='word_1_327' title='bbox 265 4053 357 4121; x_wconf 80' lang='grc' dir='ltr'><strong><em>αὐτόν</em></strong></span> <span class='ocrx_word' id='word_1_328' title='bbox 375 4058 526 4139; x_wconf 73' lang='grc' dir='ltr'><strong><em>εἰληφέναι</em></strong></span> <span class='ocrx_word' id='word_1_329' title='bbox 542 4065 631 4136; x_wconf 89' lang='grc' dir='ltr'><strong><em>νοῦν,</em></strong></span> <span class='ocrx_word' id='word_1_330' title='bbox 660 4057 743 4134; x_wconf 77' lang='grc' dir='ltr'><strong><em>ὅπως</em></strong></span> <span class='ocrx_word' id='word_1_331' title='bbox 765 4057 806 4142; x_wconf 80' lang='grc' dir='ltr'><strong><em>μή</em></strong></span> <span class='ocrx_word' id='word_1_332' title='bbox 823 4059 977 4142; x_wconf 86' lang='grc' dir='ltr'><strong><em>νοήσωμεν</em></strong></span> <span class='ocrx_word' id='word_1_333' title='bbox 995 4059 1150 4126; x_wconf 90' lang='grc' dir='ltr'><strong><em>ἐλάττωσιν</em></strong></span> <span class='ocrx_word' id='word_1_334' title='bbox 1167 4063 1234 4146; x_wconf 83' lang='grc' dir='ltr'><strong><em>περί</em></strong></span> <span class='ocrx_word' id='word_1_335' title='bbox 1256 4060 1310 4144; x_wconf 87' lang='grc' dir='ltr'><strong><em>τήν</em></strong></span> <span class='ocrx_word' id='word_1_336' title='bbox 1328 4062 1431 4130; x_wconf 80' lang='grc' dir='ltr'><strong><em>αὐτοῦ</em></strong></span> 
     </span>
     <span class='ocr_line' id='line_1_34' title="bbox 264 4157 1429 4249; baseline 0.009 -26"><span class='ocrx_word' id='word_1_337' title='bbox 264 4157 408 4241; x_wconf 87' lang='grc' dir='ltr'><strong><em>θεότητα,</em></strong></span> <span class='ocrx_word' id='word_1_338' title='bbox 438 4167 534 4248; x_wconf 81' lang='grc' dir='ltr'><strong><em>πολλῷ</em></strong></span> <span class='ocrx_word' id='word_1_339' title='bbox 559 4167 667 4242; x_wconf 83' lang='grc' dir='ltr'><strong><em>μᾶλλον</em></strong></span> <span class='ocrx_word' id='word_1_340' title='bbox 689 4161 921 4247; x_wconf 84' lang='grc' dir='ltr'><strong><em>ιπροτιμότερον</em></strong></span> <span class='ocrx_word' id='word_1_341' title='bbox 940 4159 1025 4244; x_wconf 77' lang='grc' dir='ltr'><strong><em>ήμῶν</em></strong></span> <span class='ocrx_word' id='word_1_342' title='bbox 1046 4161 1225 4249; x_wconf 88' lang='grc' dir='ltr'><strong><em>τυγχάνουσι</em></strong></span> <span class='ocrx_word' id='word_1_343' title='bbox 1246 4172 1429 4249; x_wconf 88' lang='grc' dir='ltr'><strong><em>Μανιχαῖοι,</em></strong></span> 
     </span>
    </p>
   </div>
   <div class='ocr_carea' id='block_1_5' title="bbox 261 4293 1432 4578">
    <p class='ocr_par' dir='ltr' id='par_1_5' title="bbox 261 4293 1432 4578">
     <span class='ocr_line' id='line_1_35' title="bbox 297 4293 964 4364; baseline 0.004 -16"><span class='ocrx_word' id='word_1_344' title='bbox 297 4298 321 4348; x_wconf 77' lang='lat'><strong><em>2.</em></strong></span> <span class='ocrx_word' id='word_1_345' title='bbox 341 4301 483 4349; x_wconf 73' lang='lat' dir='ltr'><strong><em>Vocabulum</em></strong></span> <span class='ocrx_word' id='word_1_346' title='bbox 502 4293 648 4364; x_wconf 67' lang='grc' dir='ltr'><strong><em>η’μετέρων,</em></strong></span> <span class='ocrx_word' id='word_1_347' title='bbox 674 4303 698 4350; x_wconf 86' lang='grc' dir='ltr'><strong><em>ιἰι</em></strong></span> <span class='ocrx_word' id='word_1_348' title='bbox 714 4303 764 4350; x_wconf 84' lang='grc' dir='ltr'><strong><em>ασελ</em></strong></span> <span class='ocrx_word' id='word_1_349' title='bbox 780 4304 824 4352; x_wconf 77' lang='lat' dir='ltr'><strong><em>len.</em></strong></span> <span class='ocrx_word' id='word_1_350' title='bbox 860 4303 964 4353; x_wconf 76' lang='grc' dir='ltr'><strong><em>διετίαν.</em></strong></span> 
     </span>
     <span class='ocr_line' id='line_1_36' title="bbox 263 4368 1431 4438; baseline 0.013 -25"><span class='ocrx_word' id='word_1_351' title='bbox 263 4369 332 4414; x_wconf 78' lang='lat' dir='ltr'><em>antea</em></span> <span class='ocrx_word' id='word_1_352' title='bbox 347 4371 473 4429; x_wconf 78' lang='grc' dir='ltr'><strong><em>οπλεειαπ,</em></strong></span> <span class='ocrx_word' id='word_1_353' title='bbox 499 4370 645 4431; x_wconf 67' lang='lat' dir='ltr'><em>abundent,</em></span> <span class='ocrx_word' id='word_1_354' title='bbox 671 4384 731 4431; x_wconf 81' lang='grc' dir='ltr'><strong><em>ηααε</em></strong></span> <span class='ocrx_word' id='word_1_355' title='bbox 747 4375 822 4419; x_wconf 72' lang='lat' dir='ltr'><strong><em>celera</em></strong></span> <span class='ocrx_word' id='word_1_356' title='bbox 890 4369 914 4421; x_wconf 83' lang='grc'><strong><em>3.</em></strong></span> <span class='ocrx_word' id='word_1_357' title='bbox 932 4371 1116 4438; x_wconf 76' lang='grc' dir='ltr'><strong><em>Γωλοεετπρὸς</em></strong></span> <span class='ocrx_word' id='word_1_358' title='bbox 1129 4374 1179 4427; x_wconf 82' lang='grc' dir='ltr'><strong><em>τῶν</em></strong></span> <span class='ocrx_word' id='word_1_359' title='bbox 1195 4368 1345 4438; x_wconf 66' lang='grc' dir='ltr'><strong><em>σ’ρδοδόξωυ.</em></strong></span> <span class='ocrx_word' id='word_1_360' title='bbox 1366 4380 1431 4428; x_wconf 81' lang='lat' dir='ltr'><strong><em>Cor-</em></strong></span> 
     </span>
     <span class='ocr_line' id='line_1_37' title="bbox 261 4435 1432 4499; baseline 0.014 -18"><span class='ocrx_word' id='word_1_361' title='bbox 261 4435 369 4494; x_wconf 73' lang='lat' dir='ltr'><strong>scripsit,</strong></span> <span class='ocrx_word' id='word_1_362' title='bbox 395 4439 493 4497; x_wconf 78' lang='grc' dir='ltr'><strong><em>στιιῖηιισ</em></strong></span> <span class='ocrx_word' id='word_1_363' title='bbox 509 4450 582 4484; x_wconf 81' lang='lat' dir='ltr'><strong><em>manu</em></strong></span> <span class='ocrx_word' id='word_1_364' title='bbox 597 4439 622 4486; x_wconf 86' lang='grc' dir='ltr'><strong><em>ιἰι</em></strong></span> <span class='ocrx_word' id='word_1_365' title='bbox 636 4440 743 4499; x_wconf 68' lang='lat' dir='ltr'><strong><em>mamm</em></strong></span> <span class='ocrx_word' id='word_1_366' title='bbox 758 4439 824 4486; x_wconf 78' lang='grc' dir='ltr'><strong><em>σδῖε-</em></strong></span> <span class='ocrx_word' id='word_1_367' title='bbox 857 4442 941 4490; x_wconf 71' lang='lat' dir='ltr'><strong><em>narius</em></strong></span> <span class='ocrx_word' id='word_1_368' title='bbox 962 4445 1029 4491; x_wconf 75' lang='grc' dir='ltr'><strong><em>υετῐῖε</em></strong></span> <span class='ocrx_word' id='word_1_369' title='bbox 1051 4452 1076 4491; x_wconf 83' lang='grc' dir='ltr'><strong><em>ει</em></strong></span> <span class='ocrx_word' id='word_1_370' title='bbox 1094 4442 1160 4492; x_wconf 87' lang='lat' dir='ltr'>inter</span> <span class='ocrx_word' id='word_1_371' title='bbox 1177 4441 1332 4492; x_wconf 81' lang='lat' dir='ltr'>orthodoxos</span> <span class='ocrx_word' id='word_1_372' title='bbox 1355 4463 1432 4496; x_wconf 75' lang='lat' dir='ltr'><strong><em>sem-</em></strong></span> 
     </span>
     <span class='ocr_line' id='line_1_38' title="bbox 262 4500 1341 4578; baseline 0.016 -29"><span class='ocrx_word' id='word_1_373' title='bbox 262 4500 325 4556; x_wconf 85' lang='grc' dir='ltr'><strong><em>οίυτιι</em></strong></span> <span class='ocrx_word' id='word_1_374' title='bbox 338 4503 398 4564; x_wconf 71' lang='lat' dir='ltr'><strong><em>fuit,</em></strong></span> <span class='ocrx_word' id='word_1_375' title='bbox 423 4508 449 4553; x_wconf 87' lang='grc' dir='ltr'><strong><em>ολ</em></strong></span> <span class='ocrx_word' id='word_1_376' title='bbox 464 4506 489 4553; x_wconf 82' lang='lat' dir='ltr'><strong><em>in</em></strong></span> <span class='ocrx_word' id='word_1_377' title='bbox 505 4505 556 4556; x_wconf 76' lang='lat' dir='ltr'><strong><em>cod.</em></strong></span> <span class='ocrx_word' id='word_1_378' title='bbox 571 4505 667 4568; x_wconf 77' lang='grc' dir='ltr'><strong><em>λλλιεσῖρ.</em></strong></span> <span class='ocrx_word' id='word_1_379' title='bbox 680 4507 751 4570; x_wconf 76' lang='lat' dir='ltr'><strong><em>plane</em></strong></span> <span class='ocrx_word' id='word_1_380' title='bbox 766 4507 827 4556; x_wconf 82' lang='grc' dir='ltr'><strong><em>σεεῖ-</em></strong></span> <span class='ocrx_word' id='word_1_381' title='bbox 862 4523 907 4576; x_wconf 84' lang='lat' dir='ltr'><strong><em>per</em></strong></span> <span class='ocrx_word' id='word_1_382' title='bbox 923 4508 947 4558; x_wconf 86' lang='lat' dir='ltr'><strong><em>in</em></strong></span> <span class='ocrx_word' id='word_1_383' title='bbox 965 4509 1046 4578; x_wconf 82' lang='lat' dir='ltr'><strong>primo</strong></span> <span class='ocrx_word' id='word_1_384' title='bbox 1064 4509 1152 4565; x_wconf 82' lang='lat' dir='ltr'><strong>ordine</strong></span> <span class='ocrx_word' id='word_1_385' title='bbox 1170 4511 1266 4563; x_wconf 75' lang='lat' dir='ltr'>locatus</span> <span class='ocrx_word' id='word_1_386' title='bbox 1286 4511 1341 4565; x_wconf 82' lang='lat' dir='ltr'>ruit.</span> 
     </span>
    </p>
   </div>
   <div class='ocr_carea' id='block_1_6' title="bbox 0 0 1552 5070">
    <p class='ocr_par' dir='ltr' id='par_1_6' title="bbox 0 0 1552 5070">
     <span class='ocr_line' id='line_1_39' title="bbox 0 0 1552 5070; baseline 0 2"><span class='ocrx_word' id='word_1_387' title='bbox 0 0 1552 5070; x_wconf 95' lang='lat' dir='ltr'><strong><em> </em></strong></span> 
     </span>
    </p>
   </div>
  </div>
 </body>
</html>
