3096 5070
772 36 861 157 W

179 311 241 375 460
606 326 728 379 οευοττ
745 326 917 381 mma

182 441 243 505 Καὶ
260 448 408 519 σιτοῦνται
421 447 487 508 σίτα
502 442 652 526 αἰσεβείας,
675 442 717 519 άς
731 463 807 526 φησι
824 439 842 509 ό
857 451 942 519 θεῖος
957 441 1059 530 λόγος,
1080 446 1132 510 καλ
1149 447 1182 510 αλ
1196 453 1338 531 γυναῖκες

180 528 314 626 τρίβουσι
336 553 434 624 σταῖς,
463 547 514 611 καλ
540 550 572 612 οί
593 548 655 612 υλολ
689 547 878 623 Ισυλλέξουυι
902 544 974 623 ξύλα
995 553 1117 630 ποιῆσαι
1141 555 1277 631 χαυῶνας
1296 555 1337 638 τῇ

179 650 339 735 ’στρατείᾳ
356 654 409 714 τοῦ
425 648 564 733 ούρανοῦ.
611 646 835 732 Φιμούσθωσοεν
850 645 910 714 ύπδ
924 645 1064 735 Ἱερεμίου
1083 653 1118 715 αἱ
1132 657 1266 716 τοιαῦται
1282 678 1337 737 γυ-

74 795 80 807 .
178 756 292 828 ναῖκες,
323 750 375 814 καλ
400 749 440 833 μη
460 755 667 836 8θροείτωσαν
684 749 739 834 τήν
761 753 949 835 οἰκουμένην.
994 749 1053 835 Μὴ
1074 754 1251 838 λεγέτωσαν,
1285 761 1337 819 Τν-

180 857 281 934 μῶμεν
296 851 351 934 τὴν
365 836 537 936 βασίλισσαν
555 861 609 920 τοῦ
626 852 767 940 ούρανοῦ.
815 851 886 919 Οέδε
905 852 960 940 γάρ
982 853 1105 935 Ταφνάς
1119 853 1227 932 ταύτας
1243 881 1336 938 τιμω-

180 961 312 1038 ρεῖσθαι,
335 959 448 1022 οἴδασιν
461 959 493 1022 ολ
504 954 592 1022 τόποι
608 954 801 1043 Μαγδούλων
816 959 930 1023 τούτων
944 953 980 1023 τά
996 954 1119 1040 στύματα
1133 953 1338 1040 ύποδέχεσθαι

179 1057 222 1130 είς
236 1063 339 1138 σῆψιν.
384 1058 443 1142 Μὴ
459 1064 585 1139 πείθου,
606 1057 735 1144 Ἰσραὴλ,
763 1061 898 1144 γυναικί,
927 1053 1077 1124 άνάιιυπτε
1092 1057 1152 1125 άπό
1173 1067 1268 1144 κακῆς
1281 1087 1336 1146 γυ·

179 1156 283 1233 ναικός
298 1164 491 1243 συμβουλίας·
520 1161 596 1247 γυνη
612 1159 667 1248 γάρ
685 1165 783 1244 τιμίας
797 1160 897 1244 ψυχάς
912 1159 1032 1247 άνδρεῑν
1046 1160 1170 1248 άγρεύει.
1218 1161 1337 1246 Ταύτης

181 1258 237 1346 γάρ
257 1264 289 1327 οἱ
301 1260 393 1340 πόδες
406 1260 476 1340 τούς
489 1265 658 1349 χρωμένους
674 1261 746 1347 μετά
760 1271 814 1329 τοῦ
829 1261 965 1329 θανάτου
984 1262 1106 1351 άγουσιν
1121 1267 1164 1342 είς
1179 1263 1230 1332 τόν
1243 1265 1336 1356 ᾅδην.-

181 1362 239 1447 Μή
253 1363 376 1450 πρόςεχε
396 1365 523 1455 *φαύλη
547 1370 673 1452 γυναικί.
718 1368 798 1431 Μίλι
818 1364 873 1452 γάρ
896 1363 1052 1446 άποστάζει
1070 1363 1130 1433 άπό
1153 1369 1267 1450 χειλέων
1280 1396 1337 1454 γυ-

165 1464 283 1542 ναικός
303 1465 433 1550 πόρνης,
464 1468 485 1551 ἢ
501 1469 683 1554 πρόςκαιρον
704 1473 831 1534 λιπαίνει
847 1467 900 1533 σόν
914 1468 1067 1555 φάρυγγα·
1095 1468 1218 1555 ὕστερον
1234 1471 1337 1553 μέντοι

180 1567 356 1655 πικρότερον
369 1577 456 1653 χολῆς
475 1567 648 1656 ιεὑρήσεις,
679 1573 729 1636 ιιαλ
751 1569 935 1653 ἠκονημένον
951 1578 1060 1654 μᾶλλον
1076 1576 1218 1657 μαχαίρας
1237 1571 1336 1639 διστό-

182 1696 249 1754 μου.
293 1670 352 1755 Μὴ
377 1678 488 1738 πείθου
512 1673 605 1762 ταύτῃ
626 1681 662 1764 τῇ
686 1674 806 1760 γυναικί
827 1680 864 1762 τῇ
887 1674 996 1763 φαύλη.
1043 1680 1132 1739 Πᾶσα
1153 1671 1209 1760 γάρ
1225 1679 1337 1760 αλρεσις

181 1773 281 1857 φαύλη
297 1775 388 1860 γυνή·
410 1777 500 1841 πλέον
517 1776 548 1841 δέ
567 1773 588 1859 ἦ
604 1782 665 1841 τόν
681 1782 829 1862 γυναικοῖν
846 1778 956 1858 αἵρεσις
972 1773 1063 1858 αύτή,
1085 1778 1136 1842 καλ
1154 1774 1244 1859 ἡτοῦ
1259 1777 1337 1844 άπα·

179 1873 322 1958 τήσαντος
335 1875 389 1961 τὴν
403 1877 524 1962 προύτην
541 1888 676 1964 γυναῖκα.
724 1876 867 1961 Τιμάσθω
883 1875 904 1959 ἦ
922 1876 1018 1963 μήτηρ
1034 1874 1122 1961 ἡμῶν
1135 1876 1224 1961 Εύα,
1246 1877 1288 1957 τός
1301 1883 1336 1947 ἐκ

181 1986 258 2045 θεοῦ
277 1983 478 2064 πεπλασμένη·
510 1979 552 2064 μὴ
576 1979 734 2046 άκουέσθω
753 1981 800 2059 δέ,
832 1983 883 2045 ἵνα
898 1978 941 2063 μή
956 1984 1044 2070 πείση
1064 1979 1102 2046 τά
1119 1984 1210 2048 τέιινα
1230 1991 1335 2068 φαγεῖν

181 2080 243 2147 άπό
264 2089 318 2148 τοῦ
338 2080 444 2161 ξύλου,
474 2084 526 2148 καί
549 2082 670 2166 ἐντολήν
691 2086 873 2168 παραβῆναι.
917 2087 1108 2150 Μετανοείτω
1135 2085 1168 2150 δλ
1188 2087 1238 2152 καλ
1259 2083 1333 2167 αύτη

180 2181 241 2250 άπδ
260 2189 459 2264 κενοφωνίας,
491 2187 687 2271 ἐπιστρεφέτω
705 2186 912 2268 αἰσχυνομένη,
942 2187 993 2250 καί
1007 2184 1104 2266 φύλλα
1122 2195 1215 2270 συκῆς
1230 2188 1329 2252 ἐνδυο-

45 2331 96 2378 m,
111 2319 168 2367 m
181 2288 262 2371 μένη.
309 2292 495 2353 Κατανοείτω
518 2288 550 2353 δέ
574 2287 682 2371 ἐαυτήν
702 2290 754 2354 παλ
769 2285 787 2353 ό
801 2285 909 2369 Ἀδάμ,
939 2289 989 2352 ιιαλ
1013 2290 1117 2371 μηκέτι
1140 2286 1215 2377 αδτῇ
1229 2286 1325 2351 πειθέ-

180 2398 256 2456 σθω.
299 2385 337 2453 Ἦ
350 2389 406 2475 γάρ
422 2397 500 2472 οτῆς
514 2389 629 2473 πλάνης
641 2390 754 2470 πειθά,
783 2391 833 2454 ιιαλ
850 2387 992 2475 γυναικός
1006 2393 1048 2467 είς
1063 2389 1096 2458 τό
1112 2393 1239 2457 ἐναντίον
1254 2408 1324 2470 συμ-

180 2496 302 2576 βουλία,
324 2491 458 2559 θάνατον
472 2497 513 2581 τῷ
531 2495 596 2582 λδίρο
614 2491 729 2580 συζόγφ
748 2491 903 2577 ἐργάζεται.
950 2489 996 2557 Ού
1014 2491 1106 2575 μόνον
1120 2491 1168 2570 δέ,
1189 2486 1259 2555 άλλά
1275 2491 1327 2554 καί

180 2604 243 2671 τοῖς
258 2597 380 2671 τέκνοις.
424 2596 612 2681 Κατέστρεψε
624 2593 659 2660 τό
676 2593 795 2677 πλάσμα
811 2592 881 2659 Εὔα
896 2592 947 2660 διά
968 2602 1021 2677 τῆς
1033 2591 1239 2680 παραβάσεως,
1270 2594 1330 2676 έρε-

181 2707 323 2763 θισθεῑσα
341 2695 392 2762 διά
407 2705 461 2781 τῆς
475 2705 530 2764 τοῦ
546 2695 645 2779 ὄφεως
657 2704 763 2779 φωνῆς
779 2700 828 2763 καί
847 2699 1033 2783 ἐπαγγελίας,
1067 2703 1251 2779 πλανηθεῖσα
1268 2692 1329 2760 άπδ

180 2808 234 2866 τοῦ
253 2798 455 2886 κηρύγματος,
477 2802 528 2866 καλ
550 2799 598 2882 ἐφ’
620 2801 721 2884 έτέραν
741 2803 888 2883 βαδίσασα
908 2802 1053 2865 διάνοιαν.

47 3023 115 3094 Κεφ,
131 3020 165 3079 θ’.
268 3004 328 3070 Διά
343 3012 430 3071 τοῦτο
447 3001 464 3071 ό
481 3002 602 3071 πάντων
617 3003 762 3086 δεσπότης
776 3005 826 3070 καλ
844 3002 940 3089 σωτὴρ
956 3002 1137 3087 βουλόμενος
1149 3006 1336 3089 θεραπεύσαι

178 3104 213 3173 τδ
233 3105 336 3193 άλγος,
359 3109 409 3172 καὶ
424 3110 619 3191 οἰκοδομῆσαι
637 3105 672 3174 τό
686 3109 955 3192 κατεστραμμένον,
985 3109 1038 3171 καλ
1056 3101 1284 3191 διορθώσασθαι
1299 3099 1334 3167 τό

180 3206 398 3292 ἠλαττωμένον,
428 3208 531 3294 ἐπειδὴ
556 3208 616 3275 άπδ
633 3209 772 3296 γυναικός
791 3208 809 3276 ό
824 3209 956 3285 θάνατος
978 3211 1019 3285 ελς
1034 3206 1087 3274 τόν
1103 3206 1215 3289 κόσμον
1229 3211 1335 3287 κατῆλ-

179 3320 251 3393 θεν,
283 3314 315 3377 ἐκ
332 3311 473 3398 γυναικός
493 3314 651 3398 παρθένου
675 3310 765 3389 αύτός
782 3311 942 3398 ἐγεννήθη,
972 3315 1022 3376 ἵνα
1039 3309 1091 3376 τόν
1112 3308 1245 3375 θάνατον
1266 3310 1336 3393 Ιέγ-

182 3419 298 3504 κλείση,
331 3418 383 3479 ιιαλ
406 3414 440 3482 τό
468 3418 598 3481 ἐλλεῖπον
626 3415 785 3504 πληρώση,
817 3416 868 3479 καί
896 3413 929 3479 τό
960 3413 1162 3497 ἠλαττωμένον
1190 3407 1334 3498 τελειάση.

181 3519 345 3603 Στρέφεται
366 3519 399 3583 δέ
422 3515 492 3600 ἡμῖν
508 3516 598 3593 πάλιν
616 3514 755 3600 ἡκακία,
786 3519 837 3580 ἵνα
858 3513 891 3581 τό
911 3515 1060 3597 ἐλάττωμα
1080 3518 1122 3591 είς
1148 3511 1200 3578 τόν
1221 3510 1336 3595 κόσμον

181 3622 345 3713 προαγάγη.
387 3617 459 3686 Ἀλλ’
476 3617 544 3686 ούτε
559 3622 637 3699 νέοι,
668 3616 735 3684 οὔτε
751 3620 885 3705 γέροντες
899 3623 1054 3684 πείθονται
1071 3623 1107 3706 τῇ
1121 3617 1255 3702 γυναικί,
1283 3611 1336 3693 διά

180 3724 236 3808 τὴν
256 3722 373 3791 άνωθεν
394 3721 599 3807 σωφροσύνην.
648 3718 694 3785 Ού
714 3726 809 3800 παίζει
829 3718 848 3804 ἦ
869 3723 1020 3806 Αἰγυπτία
1042 3718 1095 3784 τόν
1113 3717 1256 3803 σόφρονα
1272 3712 1334 3780 Ἰα-

181 3826 258 3910 σηφ,
291 3825 359 3892 ούτε
377 3827 582 3911 παρεκτρέπει,
611 3827 663 3889 καί
678 3827 725 3888 τοί
741 3849 773 3909 γε
789 3820 840 3889 διά
858 3831 966 3905 πολλῆς
984 3826 1127 3906 μηχανέας
1150 3818 1334 3906 ἐργασαμένη

182 3927 214 3993 τό
232 3928 329 3994 δεινόν
344 3927 419 4010 πρός
438 3926 492 3993 τόν
509 3932 604 3993 παῖδα
619 3933 672 4008 τῆς
688 3929 875 4008 συμβουλίας.
917 3923 989 3990 Ἀλλ’
1006 3923 1044 3991 ού
1059 3928 1190 4002 παίζεται
1211 3919 1335 4005 άνθρω-

182 4056 240 4106 πος
255 4033 288 4095 ἐκ
304 4028 471 4112 πνεύματος
489 4027 576 4116 άγίου
597 4027 697 4111 λαβάν
716 4027 769 4111 τήν
788 4027 950 4113 φρόνησιν·
981 4029 1018 4094 ού
1035 4026 1069 4094 τό
1085 4033 1209 4111 σῶφρον
1226 4023 1336 4103 άφανί·

143 4180 155 4197 .
183 4137 239 4211 ζει,
270 4135 321 4196 λ’να
349 4129 390 4213 μὴ
417 4131 470 4213 τὴν
499 4131 647 4219 εύγενείαν
670 4135 862 4222 κατευτελίση.
914 4129 1135 4212 Καταλιμπάνει
1162 4125 1197 4191 τά
1222 4123 1337 4208 ἱμάτια,

181 4237 232 4299 καί
248 4232 282 4300 τό
302 4241 388 4317 σῶμα
406 4232 463 4299 ούιι
483 4233 649 4301 άπόλλυσιν.
688 4232 916 4319 Ἀποδιδράσκει
929 4233 982 4300 τόν
998 4232 1105 4313 τόπον,
1133 4234 1185 4296 ἰ’να
1199 4226 1239 4311 μή
1258 4229 1335 4317 πέση

217 4443 275 4493 θεν.
293 4444 360 4492 vm.
378 4469 408 4479 ·-
453 4445 473 4493 ί.
500 4441 646 4508 συλλέγουσι
669 4455 744 4492 com·
809 4441 835 4493 3.
852 4441 1037 4510 θορυβείτωσαν
1054 4444 1108 4492 edit
1127 4443 1208 4491 Ρελσυ.
1289 4499 1297 4520 o

180 4518 264 4565 πεευιυ
282 4516 330 4561 iam
348 4513 476 4561 Carnarius
491 4515 514 4560 ελ
530 4512 648 4562 Ραίαυλαα
809 4507 835 4559 4.
852 4507 938 4578 φαύλῃ
956 4509 1053 4577 γυναικί
1068 4511 1135 4562 οοδδ
1154 4521 1209 4559 mu.
1243 4506 1337 4573 φαυλῳ

216 4581 241 4634 2.
260 4578 365 4649 στρατίᾳ
381 4580 448 4633 cod&
467 4592 522 4632 πει.
539 4583 561 4633 ιε
576 4580 613 4632 ιθ.
628 4581 702 4644 μήτε.
776 4577 897 4650 γυναικίῳ
914 4581 971 4631 aaut
987 4581 1047 4631 Ιιίτλ
