3096 5070
607 281 931 333 auacarnauaaosrs.
1050 337 1053 342 ,
1285 268 1345 332 551

191 400 352 465 cuiusmodi
367 412 436 464 sunt
458 400 631 465 daimatioae
652 423 686 464 ac
703 401 835 478 colobia,
867 411 898 462 et
914 401 1017 464 latiora
1036 399 1178 484 quaedam
1197 397 1348 482 phyiacte-

191 503 253 581 rio,
286 503 341 565 buc
361 515 407 567 est
425 514 595 588 segmenta,
625 503 814 587 fimbriaeque
840 524 1004 588 purpureae
1030 524 1065 565 ac
1093 502 1294 583 malogranata
1313 501 1350 564 ati

141 628 145 633 ·
192 606 317 669 restium
341 627 410 669 oras
436 627 582 690 appensa,
617 626 691 687 quae
718 605 914 690 temporariae
939 604 1015 670 illius
1041 602 1241 666 coritinentiae
1263 600 1350 686 signa

190 707 408 792 praeferebant.
456 705 545 770 iidem
569 717 718 792 postremo
740 728 868 791 geneses
891 727 926 769 ac
949 708 1037 770 iatum
1061 705 1297 768 iutrodncebant.

195 960 198 964 -
278 909 460 975 Sadducaeis
485 911 520 975 ah
541 911 730 975 exactissima
747 911 858 974 iustitia
881 931 986 973 nomeu
1005 920 1062 973 est.
1109 906 1168 991 Qui
1185 930 1202 970 e
1218 905 1351 972 Samari·

192 1026 326 1078 tenorum
345 1035 454 1097 genere
471 1036 487 1076 a
503 1015 658 1077 sacerdote
677 1014 801 1097 quodam
819 1011 916 1077 Saduc
934 1023 1028 1075 ortum
1045 1011 1221 1074 hahuerunt.
1266 1008 1351 1073 Mor·

193 1128 308 1180 tuorum
328 1116 575 1179 resurrectionem
600 1117 754 1194 damnanty
789 1115 925 1199 angeium
945 1137 979 1178 ac
996 1113 1130 1198 spiritum
1153 1111 1282 1176 funditus
1299 1133 1351 1175 ne·

191 1228 278 1301 gant,
303 1230 402 1281 cetere
425 1216 599 1282 iudaeorum
623 1216 745 1282 similes.

278 1319 553 1405 Hemerohaptistae
577 1320 648 1383 nibil
667 1320 702 1383 ab
723 1318 840 1384 ludaeis
870 1330 1075 1405 praeterquam
1096 1317 1150 1380 hoc
1167 1337 1226 1380 uno
1242 1315 1352 1379 discre-

193 1432 316 1504 parant,
340 1424 416 1506 quud
435 1424 580 1486 nemiuem
600 1423 833 1491 aeternaevitae
849 1432 1012 1506 compotem
1031 1441 1097 1484 esse
1116 1440 1203 1505 posse
1219 1419 1352 1482 dicerent

193 1523 249 1586 uisi
273 1524 401 1608 quotidie
424 1526 549 1589 lavaret.

279 1622 400 1705 Osscui,
425 1649 547 1711 quorum
566 1648 672 1690 nomeu
689 1625 915 1709 procacissimus
931 1626 1089 1709 siguificat.
1136 1622 1194 1707 Qui
1211 1645 1251 1687 ex
1266 1644 1351 1708 prae-

195 1730 304 1812 scripto
320 1730 395 1812 legis
411 1730 507 1793 omunia
526 1729 689 1805 iaciebant,
721 1729 772 1791 sed
792 1728 864 1791 alias
881 1739 1033 1813 praeterea
1051 1727 1212 1811 scripturas
1230 1725 1350 1789 adbibe-

192 1831 278 1907 haut‚
304 1842 334 1893 et
357 1852 395 1893 ex
419 1831 632 1915 posterioribus
655 1824 805 1915 prophetis
828 1830 983 1914 plerusque
1007 1829 1190 1892 reiiciebant.

275 1930 465 1996 Nassaraeos
496 1943 683 1995 contumaces
714 1931 902 2016 interpretari
936 1932 1052 2016 possis,
1087 1931 1134 2014 qui
1167 1930 1264 1994 caratis
1295 1951 1350 1994 usu

192 2055 313 2119 prorsus
329 2034 518 2098 iuterdicunt.
564 2034 612 2096 Ab
629 2033 765 2097 animatis
782 2033 947 2110 abstineut,
984 2032 1164 2117 patriarchas
1183 2034 1350 2118 omnesqui

191 2136 221 2199 in
249 2134 451 2199 Pentateucho
479 2137 513 2199 ad
530 2126 657 2221 ¹Moysis
681 2147 711 2199 et
735 2132 802 2199 iesu
829 2135 877 2197 iiiii
897 2133 983 2197 Nave
1006 2146 1136 2217 tempora
1162 2136 1352 2200 nominemur

192 2238 410 2302 adsciscuutet
429 2239 466 2302 iis
489 2239 571 2301 hdern
598 2238 753 2315 adhibeat,
786 2237 947 2301 cuiusmodi
966 2247 1051 2313 suut,
1082 2236 1232 2315 Abacum,
1267 2235 1351 2303 isaac

192 2351 222 2403 et
241 2337 346 2419 iacob,
378 2341 472 2424 iisque
494 2339 664 2425 superiores
692 2360 813 2416 omnes,
847 2361 902 2401 uec
928 2360 986 2401 non
1011 2351 1040 2401 et
1059 2334 1184 2422 Moyses
1204 2340 1266 2424 ipse
1283 2363 1349 2404 cum

191 2442 314 2505 Acrone
342 2454 428 2526 atque
451 2441 529 2506 iesu.
577 2439 717 2506 Ceterum
743 2440 870 2525 quinque
895 2442 942 2503 iiia
968 2441 1115 2503 volumina
1139 2439 1257 2527 Moysis
1272 2464 1349 2508 -esso

191 2565 250 2607 uon
275 2555 395 2629 putant,
420 2556 451 2607 et
472 2546 528 2608 aha
553 2545 648 2607 abiis
671 2546 788 2608 diversa
812 2564 902 2629 peaes
924 2564 957 2606 se
980 2564 1047 2607 esse
1069 2543 1215 2606 iactitant.

279 2745 438 2809 Herodiaui
456 2771 520 2811 cum
543 2746 667 2811 iudaeos
682 2748 710 2809 in
731 2748 866 2811 omatibus
880 2769 948 2811 sese
963 2758 1166 2833 praestarent,
1199 2747 1348 2812 Herodem

191 2845 341 2914 Christum
359 2871 427 2913 esse
441 2851 668 2932 profitebantur,
703 2851 788 2934 eique
807 2848 918 2914 Cbristi
939 2850 1109 2934 dignitatem
1127 2872 1162 2912 ac
1179 2872 1286 2914 nomeu
1304 2853 1349 2914 ai-

191 2951 350 3033 litigabant.

166 3082 168 3085 ·
275 3050 391 3116 Primus
417 3055 586 3118 istetomus
608 3067 671 3133 est,
704 3054 752 3139 qui
777 3055 917 3118 haereses
934 3052 997 3118 XX
1018 3055 1167 3133 continet,
1201 3066 1229 3117 et
1247 3056 1276 3117 iu
1297 3075 1349 3119 eo·

190 3155 254 3216 dem
280 3156 533 3221 de‘incarnatioue
554 3155 664 3221 Christi
690 3179 725 3219 ac
744 3158 878 3220 veritatis
906 3158 1090 3242 professione
1117 3168 1265 3242 postremo
1282 3159 1348 3222 ioco

191 3260 356 3323 disseritur.

280 3461 432 3526 Hactenus
458 3462 556 3545 itaque
574 3461 639 3526 XX
667 3463 779 3527 iliarum
805 3465 969 3528 haereseon
993 3459 1066 3547 quae
1089 3460 1239 3528 Christum
1265 3475 1349 3528 ante·

189 3576 344 3628 cesseruut
365 3565 525 3627 confutatio
554 3585 588 3626 ac
611 3564 676 3626 ficei
700 3577 729 3627 et
751 3567 962 3631 incarnationis
985 3563 1098 3632 Christi
1129 3567 1277 3631 declarata
1299 3588 1348 3631 ra·

190 3666 232 3728 tio
255 3678 311 3729 est.

276 3767 336 3833 Sed
353 3791 369 3831 e
386 3769 511 3852 vestigio
530 3765 641 3832 Christi
661 3766 728 3831 iesu
745 3769 852 3831 domiui
868 3773 961 3832 nostri
977 3773 1121 3835 adventus
1138 3792 1202 3833 cum
1220 3791 1255 3833 eo
1271 3771 1348 3854 quod

189 3883 363 3957 susceperat
381 3892 505 3955 corpure
525 3880 701 3933 consecutus
716 3882 784 3947 est,
809 3871 856 3953 qui
875 3886 904 3934 ct
923 3870 981 3935 Vtt
1003 3874 1068 3936 ilias
1086 3874 1224 3935 haereses
1241 3871 1349 3936 Hiero·

189 3975 311 4060 solymis
334 3974 473 4048 offendit,
506 3984 536 4034 et
555 3973 673 4034 easdem
698 3994 751 4035 sua
773 3972 801 4034 vi
820 3973 973 4057 dissipavit
996 3986 1024 4036 et
1049 3976 1190 4038 extinxit.
1237 3974 1349 4058 Quam·

190 4077 289 4138 obrem
307 4075 437 4159 reliquae
456 4096 558 4138 omnes
576 4075 716 4137 haereses
733 4076 860 4137 adventu
878 4076 926 4137 itto
944 4077 1125 4159 posteriores
1143 4079 1278 4157 suerunt,
1304 4080 1348 4142 ui·

223 4313 262 4365 'ii-
281 4313 357 4379 νόμος
373 4316 441 4364 codd.
463 4329 517 4363 msa.
536 4319 557 4363 et
574 4315 629 4363 edit.
645 4317 719 4376 princ.
786 4320 864 4365 tatem.

222 4379 261 4431 7¹2.
283 4385 309 4430 Υ.
328 4384 418 4433 Pcnor.
435 4398 492 4445 pap.
505 4382 536 4432 t'i
549 4397 598 4444 sqq.
616 4383 690 4447 (Pet.)
819 4383 859 4434 ta.
879 4381 923 4446 δὲ,
947 4386 1009 4447 quod
1030 4399 1077 4434 non
1093 4385 1176 4448 tepitur
1192 4389 1217 4435 a'n
1234 4389 1348 4451 Penuria,

223 4447 263 4499 tu.
282 4447 360 4514 πρὸς,
388 4452 682 4512 cneocaesaream,
707 4453 752 4500 ‹te-
785 4455 878 4502 uncinis
892 4456 982 4504 notcmt
997 4454 1095 4516 Petam,
1118 4459 1213 4518 praeter
1226 4459 1348 4508 nemeae

188 4518 281 4567 tendum
298 4520 414 4569 iudicavit
429 4521 527 4582 Petam,
549 4524 642 4581 praeter·
655 4524 752 4571 neant-
785 4526 839 4572 tenu
