<?xml version="1.0" encoding="UTF-8"?>
<!DOCTYPE html PUBLIC "-//W3C//DTD XHTML 1.0 Transitional//EN"
    "http://www.w3.org/TR/xhtml1/DTD/xhtml1-transitional.dtd">
<html xmlns="http://www.w3.org/1999/xhtml" xml:lang="en" lang="en">
 <head>
  <title>
</title>
<meta http-equiv="Content-Type" content="text/html;charset=utf-8" />
  <meta name='ocr-system' content='tesseract 3.04.00' />
  <meta name='ocr-capabilities' content='ocr_page ocr_carea ocr_par ocr_line ocrx_word'/>
</head>
<body>
  <div class='ocr_page' id='page_1' title='image "./corporishaerese00unkngoog/corporishaerese00unkngoog_0493.png"; bbox 0 0 3096 5070; ppageno 0'>
   <div class='ocr_carea' id='block_1_1' title="bbox 279 268 1017 334">
    <p class='ocr_par' dir='ltr' id='par_1_1' title="bbox 279 268 1017 334">
     <span class='ocr_line' id='line_1_1' title="bbox 279 268 1017 334; baseline -0.001 -3"><span class='ocrx_word' id='word_1_1' title='bbox 279 268 342 334; x_wconf 76' lang='grc'><strong><em>486</em></strong></span> <span class='ocrx_word' id='word_1_2' title='bbox 702 278 1017 333; x_wconf 67' lang='lat' dir='ltr'><strong>mmmmm</strong></span> 
     </span>
    </p>
   </div>
   <div class='ocr_carea' id='block_1_2' title="bbox 154 390 1514 2528">
    <p class='ocr_par' dir='ltr' id='par_1_2' title="bbox 154 390 1514 2528">
     <span class='ocr_line' id='line_1_2' title="bbox 278 390 1441 482; baseline -0.001 -18"><span class='ocrx_word' id='word_1_3' title='bbox 278 401 390 476; x_wconf 88' lang='grc' dir='ltr'><strong><em>θένου,</em></strong></span> <span class='ocrx_word' id='word_1_4' title='bbox 413 399 463 462; x_wconf 80' lang='grc' dir='ltr'><strong><em>καί</em></strong></span> <span class='ocrx_word' id='word_1_5' title='bbox 480 394 565 482; x_wconf 86' lang='grc' dir='ltr'><strong><em>άγίας</em></strong></span> <span class='ocrx_word' id='word_1_6' title='bbox 583 405 769 481; x_wconf 83' lang='grc' dir='ltr'><strong><em>περιστεράς,</em></strong></span> <span class='ocrx_word' id='word_1_7' title='bbox 792 399 843 462; x_wconf 84' lang='grc' dir='ltr'><strong><em>καί</em></strong></span> <span class='ocrx_word' id='word_1_8' title='bbox 858 397 990 461; x_wconf 86' lang='grc' dir='ltr'><strong><em>ἀκάκου·</em></strong></span> <span class='ocrx_word' id='word_1_9' title='bbox 1013 399 1080 480; x_wconf 78' lang='grc' dir='ltr'><strong><em>περὶ</em></strong></span> <span class='ocrx_word' id='word_1_10' title='bbox 1094 390 1132 479; x_wconf 78' lang='grc' dir='ltr'><strong><em>ἧς</em></strong></span> <span class='ocrx_word' id='word_1_11' title='bbox 1145 395 1163 462; x_wconf 85' lang='grc' dir='ltr'><strong><em>ό</em></strong></span> <span class='ocrx_word' id='word_1_12' title='bbox 1178 396 1284 482; x_wconf 88' lang='grc' dir='ltr'><strong><em>κάριος</em></strong></span> <span class='ocrx_word' id='word_1_13' title='bbox 1302 400 1334 463; x_wconf 80' lang='grc' dir='ltr'><strong><em>έν</em></strong></span> <span class='ocrx_word' id='word_1_14' title='bbox 1347 396 1441 463; x_wconf 84' lang='grc' dir='ltr'><strong><em>πνεά·</em></strong></span> 
     </span>
     <span class='ocr_line' id='line_1_3' title="bbox 280 496 1443 587; baseline -0.001 -22"><span class='ocrx_word' id='word_1_15' title='bbox 280 527 349 584; x_wconf 88' lang='grc' dir='ltr'><strong><em>ματι</em></strong></span> <span class='ocrx_word' id='word_1_16' title='bbox 368 508 410 587; x_wconf 77' lang='grc' dir='ltr'><strong><em>τῷ</em></strong></span> <span class='ocrx_word' id='word_1_17' title='bbox 426 507 601 581; x_wconf 87' lang='grc' dir='ltr'><strong><em>Σαλομῶντι</em></strong></span> <span class='ocrx_word' id='word_1_18' title='bbox 623 496 827 565; x_wconf 89' lang='grc' dir='ltr'><strong><em>άπεκάλυπτεν</em></strong></span> <span class='ocrx_word' id='word_1_19' title='bbox 843 501 875 564; x_wconf 79' lang='grc' dir='ltr'><strong><em>δν</em></strong></span> <span class='ocrx_word' id='word_1_20' title='bbox 889 497 1028 581; x_wconf 78' lang='grc' dir='ltr'><strong><em>’Ἇισματι</em></strong></span> <span class='ocrx_word' id='word_1_21' title='bbox 1045 507 1104 564; x_wconf 90' lang='grc' dir='ltr'><strong><em>τῶν</em></strong></span> <span class='ocrx_word' id='word_1_22' title='bbox 1126 499 1281 587; x_wconf 73' lang='grc' dir='ltr'><strong><em>ᾀσμάτων,</em></strong></span> <span class='ocrx_word' id='word_1_23' title='bbox 1313 501 1364 564; x_wconf 74' lang='grc' dir='ltr'><strong><em>καὶ</em></strong></span> <span class='ocrx_word' id='word_1_24' title='bbox 1381 502 1443 565; x_wconf 66' lang='lat' dir='ltr'><strong><em>ne·</em></strong></span> 
     </span>
     <span class='ocr_line' id='line_1_4' title="bbox 278 598 1442 688; baseline 0 -21"><span class='ocrx_word' id='word_1_25' title='bbox 278 627 342 688; x_wconf 86' lang='grc' dir='ltr'><strong><em>γεν,</em></strong></span> <span class='ocrx_word' id='word_1_26' title='bbox 364 599 526 683; x_wconf 79' lang='grc' dir='ltr'><strong><em>Ἐξήκοντά</em></strong></span> <span class='ocrx_word' id='word_1_27' title='bbox 539 605 593 666; x_wconf 84' lang='grc' dir='ltr'><strong><em>είσι</em></strong></span> <span class='ocrx_word' id='word_1_28' title='bbox 608 605 781 684; x_wconf 75' lang='grc' dir='ltr'><strong><em>βασίλισσαι,</em></strong></span> <span class='ocrx_word' id='word_1_29' title='bbox 803 603 855 665; x_wconf 78' lang='grc' dir='ltr'><strong><em>καί</em></strong></span> <span class='ocrx_word' id='word_1_30' title='bbox 872 598 1055 687; x_wconf 81' lang='grc' dir='ltr'><strong><em>ἀγδοήκοντα</em></strong></span> <span class='ocrx_word' id='word_1_31' title='bbox 1069 605 1215 667; x_wconf 78' lang='grc' dir='ltr'><strong><em>παλλακαὶ</em></strong></span> <span class='ocrx_word' id='word_1_32' title='bbox 1231 604 1282 667; x_wconf 84' lang='grc' dir='ltr'><strong><em>καί</em></strong></span> <span class='ocrx_word' id='word_1_33' title='bbox 1298 600 1442 681; x_wconf 87' lang='grc' dir='ltr'><strong><em>νεάνιδες,</em></strong></span> 
     </span>
     <span class='ocr_line' id='line_1_5' title="bbox 281 697 1444 789; baseline -0.001 -19"><span class='ocrx_word' id='word_1_34' title='bbox 281 697 324 770; x_wconf 86' lang='grc' dir='ltr'><strong><em>ῶν</em></strong></span> <span class='ocrx_word' id='word_1_35' title='bbox 347 701 403 770; x_wconf 83' lang='grc' dir='ltr'><strong><em>οάκ</em></strong></span> <span class='ocrx_word' id='word_1_36' title='bbox 427 706 503 769; x_wconf 74' lang='grc' dir='ltr'><strong><em>ἔστιν</em></strong></span> <span class='ocrx_word' id='word_1_37' title='bbox 527 703 673 788; x_wconf 87' lang='grc' dir='ltr'><strong><em>ἀριθμός·</em></strong></span> <span class='ocrx_word' id='word_1_38' title='bbox 707 709 759 786; x_wconf 90' lang='grc' dir='ltr'><strong><em>μία</em></strong></span> <span class='ocrx_word' id='word_1_39' title='bbox 782 706 842 769; x_wconf 80' lang='grc' dir='ltr'><strong><em>έστί</em></strong></span> <span class='ocrx_word' id='word_1_40' title='bbox 865 703 1020 789; x_wconf 89' lang='grc' dir='ltr'><strong><em>περιστερά</em></strong></span> <span class='ocrx_word' id='word_1_41' title='bbox 1045 732 1118 787; x_wconf 87' lang='grc' dir='ltr'><strong><em>μου,</em></strong></span> <span class='ocrx_word' id='word_1_42' title='bbox 1149 709 1241 769; x_wconf 85' lang='grc' dir='ltr'><strong><em>τελεία</em></strong></span> <span class='ocrx_word' id='word_1_43' title='bbox 1262 730 1337 787; x_wconf 91' lang='grc' dir='ltr'><strong><em>μου,</em></strong></span> <span class='ocrx_word' id='word_1_44' title='bbox 1367 703 1444 788; x_wconf 86' lang='grc' dir='ltr'><strong><em>μετά</em></strong></span> 
     </span>
     <span class='ocr_line' id='line_1_6' title="bbox 280 804 1443 892; baseline 0.001 -21"><span class='ocrx_word' id='word_1_45' title='bbox 280 806 458 891; x_wconf 79' lang='grc' dir='ltr'><strong><em>προςθηκης</em></strong></span> <span class='ocrx_word' id='word_1_46' title='bbox 477 804 535 871; x_wconf 67' lang='grc' dir='ltr'><strong><em>8τό</em></strong></span> <span class='ocrx_word' id='word_1_47' title='bbox 552 813 643 885; x_wconf 88' lang='grc' dir='ltr'><strong><em>Μοῦ,</em></strong></span> <span class='ocrx_word' id='word_1_48' title='bbox 672 809 722 870; x_wconf 89' lang='grc' dir='ltr'><strong><em>καί</em></strong></span> <span class='ocrx_word' id='word_1_49' title='bbox 739 813 823 871; x_wconf 86' lang='grc' dir='ltr'><strong><em>Μοῦ.</em></strong></span> <span class='ocrx_word' id='word_1_50' title='bbox 867 805 972 870; x_wconf 81' lang='grc' dir='ltr'><strong><em>Αὐτοῦ</em></strong></span> <span class='ocrx_word' id='word_1_51' title='bbox 993 804 1049 891; x_wconf 87' lang='grc' dir='ltr'><strong><em>γάρ</em></strong></span> <span class='ocrx_word' id='word_1_52' title='bbox 1071 805 1241 892; x_wconf 83' lang='grc' dir='ltr'><strong><em>περιστερά,</em></strong></span> <span class='ocrx_word' id='word_1_53' title='bbox 1271 810 1321 872; x_wconf 87' lang='grc' dir='ltr'><strong><em>καί</em></strong></span> <span class='ocrx_word' id='word_1_54' title='bbox 1345 807 1443 873; x_wconf 79' lang='grc' dir='ltr'><strong><em>αὐτοῦ</em></strong></span> 
     </span>
     <span class='ocr_line' id='line_1_7' title="bbox 281 905 1444 993; baseline 0.001 -19"><span class='ocrx_word' id='word_1_55' title='bbox 281 912 388 974; x_wconf 87' lang='grc' dir='ltr'><strong><em>τελεία·</em></strong></span> <span class='ocrx_word' id='word_1_56' title='bbox 413 906 458 984; x_wconf 82' lang='grc' dir='ltr'><strong><em>ῶς</em></strong></span> <span class='ocrx_word' id='word_1_57' title='bbox 468 915 527 973; x_wconf 86' lang='grc' dir='ltr'><strong><em>τῶν</em></strong></span> <span class='ocrx_word' id='word_1_58' title='bbox 543 907 638 972; x_wconf 80' lang='grc' dir='ltr'><strong><em>ἀλλων</em></strong></span> <span class='ocrx_word' id='word_1_59' title='bbox 655 909 828 993; x_wconf 83' lang='grc' dir='ltr'><strong><em>λεγομένων,</em></strong></span> <span class='ocrx_word' id='word_1_60' title='bbox 850 911 901 972; x_wconf 81' lang='grc' dir='ltr'><strong><em>καὶ</em></strong></span> <span class='ocrx_word' id='word_1_61' title='bbox 917 906 957 991; x_wconf 74' lang='grc' dir='ltr'><strong><em>μὴ</em></strong></span> <span class='ocrx_word' id='word_1_62' title='bbox 972 905 1081 987; x_wconf 83' lang='grc' dir='ltr'><strong><em>οόσῶν,</em></strong></span> <span class='ocrx_word' id='word_1_63' title='bbox 1103 906 1195 993; x_wconf 73' lang='grc' dir='ltr'><strong><em>αὐτῆς</em></strong></span> <span class='ocrx_word' id='word_1_64' title='bbox 1212 910 1245 975; x_wconf 81' lang='grc' dir='ltr'><strong><em>δὲ</em></strong></span> <span class='ocrx_word' id='word_1_65' title='bbox 1259 913 1358 992; x_wconf 76' lang='grc' dir='ltr'><strong><em>διττῆς</em></strong></span> <span class='ocrx_word' id='word_1_66' title='bbox 1372 909 1444 975; x_wconf 85' lang='grc' dir='ltr'><strong><em>ὀνο·</em></strong></span> 
     </span>
     <span class='ocr_line' id='line_1_8' title="bbox 281 1008 1443 1103; baseline 0 -26"><span class='ocrx_word' id='word_1_67' title='bbox 281 1013 454 1096; x_wconf 75' lang='grc' dir='ltr'><strong><em>μαζομένης.</em></strong></span> <span class='ocrx_word' id='word_1_68' title='bbox 493 1011 563 1075; x_wconf 85' lang='grc' dir='ltr'><strong><em>Ἐπί</em></strong></span> <span class='ocrx_word' id='word_1_69' title='bbox 578 1008 633 1096; x_wconf 87' lang='grc' dir='ltr'><strong><em>γάρ</em></strong></span> <span class='ocrx_word' id='word_1_70' title='bbox 651 1019 715 1086; x_wconf 82' lang='grc' dir='ltr'><strong><em>ταῖς</em></strong></span> <span class='ocrx_word' id='word_1_71' title='bbox 729 1008 829 1085; x_wconf 84' lang='grc' dir='ltr'><strong><em>άλλαις</em></strong></span> <span class='ocrx_word' id='word_1_72' title='bbox 847 1009 905 1075; x_wconf 82' lang='grc' dir='ltr'><strong><em>οάκ</em></strong></span> <span class='ocrx_word' id='word_1_73' title='bbox 921 1008 1017 1088; x_wconf 76' lang='grc' dir='ltr'><strong><em>εἶπεν,</em></strong></span> <span class='ocrx_word' id='word_1_74' title='bbox 1048 1009 1234 1096; x_wconf 58' lang='grc' dir='ltr'><strong><em>ὄγδοξκοντά</em></strong></span> <span class='ocrx_word' id='word_1_75' title='bbox 1255 1016 1309 1103; x_wconf 81' lang='grc' dir='ltr'><strong><em>είσι</em></strong></span> <span class='ocrx_word' id='word_1_76' title='bbox 1332 1019 1443 1077; x_wconf 87' lang='grc' dir='ltr'><strong><em>παλλα-</em></strong></span> 
     </span>
     <span class='ocr_line' id='line_1_9' title="bbox 281 1111 1445 1197; baseline -0.001 -17"><span class='ocrx_word' id='word_1_77' title='bbox 281 1118 333 1180; x_wconf 82' lang='grc' dir='ltr'><strong><em>καί</em></strong></span> <span class='ocrx_word' id='word_1_78' title='bbox 351 1139 426 1196; x_wconf 88' lang='grc' dir='ltr'><strong><em>μου,</em></strong></span> <span class='ocrx_word' id='word_1_79' title='bbox 460 1111 531 1177; x_wconf 89' lang='grc' dir='ltr'><strong><em>άλλά</em></strong></span> <span class='ocrx_word' id='word_1_80' title='bbox 555 1123 618 1187; x_wconf 85' lang='grc' dir='ltr'><strong><em>ταῖς</em></strong></span> <span class='ocrx_word' id='word_1_81' title='bbox 642 1114 695 1192; x_wconf 80' lang='grc' dir='ltr'><strong><em>μέν</em></strong></span> <span class='ocrx_word' id='word_1_82' title='bbox 717 1116 898 1195; x_wconf 72' lang='grc' dir='ltr'><strong><em>βασιλίσσαις</em></strong></span> <span class='ocrx_word' id='word_1_83' title='bbox 920 1111 970 1177; x_wconf 86' lang='grc' dir='ltr'><strong><em>διά</em></strong></span> <span class='ocrx_word' id='word_1_84' title='bbox 992 1120 1044 1196; x_wconf 77' lang='grc' dir='ltr'><strong><em>τῆς</em></strong></span> <span class='ocrx_word' id='word_1_85' title='bbox 1064 1112 1188 1192; x_wconf 73' lang='grc' dir='ltr'><strong><em>ένδόξον</em></strong></span> <span class='ocrx_word' id='word_1_86' title='bbox 1204 1113 1366 1197; x_wconf 72' lang='grc' dir='ltr'><strong><em>θνομασίας</em></strong></span> <span class='ocrx_word' id='word_1_87' title='bbox 1387 1113 1445 1196; x_wconf 77' lang='grc' dir='ltr'><strong><em>τήν</em></strong></span> 
     </span>
     <span class='ocr_line' id='line_1_10' title="bbox 282 1214 1441 1302; baseline 0 -20"><span class='ocrx_word' id='word_1_88' title='bbox 282 1215 448 1296; x_wconf 77' lang='grc' dir='ltr'><strong><em>συνάφειαι</em></strong></span> <span class='ocrx_word' id='word_1_89' title='bbox 462 1222 514 1296; x_wconf 81' lang='grc' dir='ltr'><strong><em>τῆς</em></strong></span> <span class='ocrx_word' id='word_1_90' title='bbox 528 1223 615 1297; x_wconf 81' lang='grc' dir='ltr'><strong><em>τιμῆς</em></strong></span> <span class='ocrx_word' id='word_1_91' title='bbox 628 1214 797 1296; x_wconf 70' lang='grc' dir='ltr'><strong><em>ἀπένειμεν·</em></strong></span> <span class='ocrx_word' id='word_1_92' title='bbox 820 1216 870 1279; x_wconf 81' lang='grc' dir='ltr'><strong><em>έπί</em></strong></span> <span class='ocrx_word' id='word_1_93' title='bbox 883 1215 914 1279; x_wconf 78' lang='grc' dir='ltr'><strong><em>δέ</em></strong></span> <span class='ocrx_word' id='word_1_94' title='bbox 927 1225 992 1290; x_wconf 87' lang='grc' dir='ltr'><strong><em>ταῖς</em></strong></span> <span class='ocrx_word' id='word_1_95' title='bbox 1006 1223 1168 1292; x_wconf 71' lang='grc' dir='ltr'><strong><em>παλλακαῖς</em></strong></span> <span class='ocrx_word' id='word_1_96' title='bbox 1182 1215 1214 1281; x_wconf 87' lang='grc' dir='ltr'><strong><em>τό</em></strong></span> <span class='ocrx_word' id='word_1_97' title='bbox 1231 1215 1382 1302; x_wconf 85' lang='grc' dir='ltr'><strong><em>ἀλλότριον</em></strong></span> <span class='ocrx_word' id='word_1_98' title='bbox 1396 1218 1441 1282; x_wconf 82' lang='grc' dir='ltr'><strong><em>τί·</em></strong></span> 
     </span>
     <span class='ocr_line' id='line_1_11' title="bbox 282 1310 1444 1401; baseline 0 -17"><span class='ocrx_word' id='word_1_99' title='bbox 282 1327 348 1385; x_wconf 88' lang='grc' dir='ltr'><strong><em>λεον</em></strong></span> <span class='ocrx_word' id='word_1_100' title='bbox 374 1316 555 1400; x_wconf 78' lang='grc' dir='ltr'><strong><em>ἀπεφήνατο.</em></strong></span> <span class='ocrx_word' id='word_1_101' title='bbox 593 1310 650 1380; x_wconf 79' lang='grc' dir='ltr'><strong><em>Ὧν</em></strong></span> <span class='ocrx_word' id='word_1_102' title='bbox 670 1314 741 1391; x_wconf 85' lang='grc' dir='ltr'><strong><em>τοδς</em></strong></span> <span class='ocrx_word' id='word_1_103' title='bbox 765 1315 917 1401; x_wconf 85' lang='grc' dir='ltr'><strong><em>άριθμοδς</em></strong></span> <span class='ocrx_word' id='word_1_104' title='bbox 940 1320 981 1393; x_wconf 87' lang='grc' dir='ltr'><strong><em>είς</em></strong></span> <span class='ocrx_word' id='word_1_105' title='bbox 1004 1316 1099 1400; x_wconf 77' lang='grc' dir='ltr'><strong><em>ὄνομα</em></strong></span> <span class='ocrx_word' id='word_1_106' title='bbox 1121 1317 1336 1401; x_wconf 84' lang='grc' dir='ltr'><strong><em>λαμβάνοντες,</em></strong></span> <span class='ocrx_word' id='word_1_107' title='bbox 1365 1317 1444 1384; x_wconf 84' lang='grc' dir='ltr'><strong><em>κατά</em></strong></span> 
     </span>
     <span class='ocr_line' id='line_1_12' title="bbox 281 1417 1443 1510; baseline 0 -25"><span class='ocrx_word' id='word_1_108' title='bbox 281 1419 336 1504; x_wconf 75' lang='grc' dir='ltr'><strong><em>τὴν</em></strong></span> <span class='ocrx_word' id='word_1_109' title='bbox 354 1419 511 1506; x_wconf 78' lang='grc' dir='ltr'><strong><em>ἀναγωγὴν</em></strong></span> <span class='ocrx_word' id='word_1_110' title='bbox 537 1427 590 1502; x_wconf 83' lang='grc' dir='ltr'><strong><em>της</em></strong></span> <span class='ocrx_word' id='word_1_111' title='bbox 611 1423 741 1503; x_wconf 90' lang='grc' dir='ltr'><strong><em>θεωρίας</em></strong></span> <span class='ocrx_word' id='word_1_112' title='bbox 759 1417 978 1503; x_wconf 76' lang='grc' dir='ltr'><strong><em>ἐπεργάσασθαι</em></strong></span> <span class='ocrx_word' id='word_1_113' title='bbox 995 1422 1026 1484; x_wconf 82' lang='grc' dir='ltr'><strong><em>ἒν</em></strong></span> <span class='ocrx_word' id='word_1_114' title='bbox 1044 1427 1083 1507; x_wconf 81' lang='grc' dir='ltr'><strong><em>τῷ</em></strong></span> <span class='ocrx_word' id='word_1_115' title='bbox 1100 1420 1182 1510; x_wconf 79' lang='grc' dir='ltr'><strong><em>τόπῳ</em></strong></span> <span class='ocrx_word' id='word_1_116' title='bbox 1201 1420 1443 1506; x_wconf 84' lang='grc' dir='ltr'><strong><em>ἀναγκαζόμεθα,</em></strong></span> 
     </span>
     <span class='ocr_line' id='line_1_13' title="bbox 199 1519 1444 1611; baseline -0.002 -20"><span class='ocrx_word' id='word_1_117' title='bbox 199 1580 207 1591; x_wconf 95' lang='grc'><strong><em>.</em></strong></span> <span class='ocrx_word' id='word_1_118' title='bbox 284 1520 381 1588; x_wconf 86' lang='grc' dir='ltr'><strong><em>διάτδ</em></strong></span> <span class='ocrx_word' id='word_1_119' title='bbox 396 1522 437 1605; x_wconf 79' lang='grc' dir='ltr'><strong><em>μη</em></strong></span> <span class='ocrx_word' id='word_1_120' title='bbox 458 1519 663 1606; x_wconf 82' lang='grc' dir='ltr'><strong><em>άπερβαίνειν,</em></strong></span> <span class='ocrx_word' id='word_1_121' title='bbox 693 1519 739 1586; x_wconf 84' lang='grc' dir='ltr'><strong><em>ότι</em></strong></span> <span class='ocrx_word' id='word_1_122' title='bbox 756 1529 1023 1607; x_wconf 86' lang='grc' dir='ltr'><strong><em>ψυχρολογοῦντες,</em></strong></span> <span class='ocrx_word' id='word_1_123' title='bbox 1054 1519 1114 1586; x_wconf 85' lang='grc' dir='ltr'><strong><em>ἀλλ’</em></strong></span> <span class='ocrx_word' id='word_1_124' title='bbox 1136 1525 1167 1588; x_wconf 86' lang='grc' dir='ltr'><strong><em>έν</em></strong></span> <span class='ocrx_word' id='word_1_125' title='bbox 1188 1520 1315 1611; x_wconf 75' lang='grc' dir='ltr'><strong><em>ἀληθείη</em></strong></span> <span class='ocrx_word' id='word_1_126' title='bbox 1334 1521 1444 1609; x_wconf 83' lang='grc' dir='ltr'><strong><em>λόγους</em></strong></span> 
     </span>
     <span class='ocr_line' id='line_1_14' title="bbox 283 1620 1442 1709; baseline 0.001 -20"><span class='ocrx_word' id='word_1_127' title='bbox 283 1622 334 1689; x_wconf 91' lang='grc' dir='ltr'><strong><em>διά</em></strong></span> <span class='ocrx_word' id='word_1_128' title='bbox 360 1632 420 1689; x_wconf 88' lang='grc' dir='ltr'><strong><em>τῶν</em></strong></span> <span class='ocrx_word' id='word_1_129' title='bbox 446 1624 600 1706; x_wconf 75' lang='grc' dir='ltr'><strong><em>ἀληθινῶν</em></strong></span> <span class='ocrx_word' id='word_1_130' title='bbox 622 1630 746 1709; x_wconf 90' lang='grc' dir='ltr'><strong><em>γραφῶν</em></strong></span> <span class='ocrx_word' id='word_1_131' title='bbox 772 1632 837 1698; x_wconf 90' lang='grc' dir='ltr'><strong><em>ταῖς</em></strong></span> <span class='ocrx_word' id='word_1_132' title='bbox 860 1620 1017 1706; x_wconf 83' lang='grc' dir='ltr'><strong><em>ἀληθιναῖς</em></strong></span> <span class='ocrx_word' id='word_1_133' title='bbox 1035 1632 1179 1706; x_wconf 80' lang='grc' dir='ltr'><strong><em>θεωρίαις</em></strong></span> <span class='ocrx_word' id='word_1_134' title='bbox 1201 1623 1442 1704; x_wconf 77' lang='grc' dir='ltr'><strong><em>ἀντεξετάζοντες.</em></strong></span> 
     </span>
     <span class='ocr_line' id='line_1_15' title="bbox 273 1723 1443 1812; baseline 0.002 -22"><span class='ocrx_word' id='word_1_135' title='bbox 273 1725 345 1791; x_wconf 82' lang='grc' dir='ltr'><strong><em>Ὅτι</em></strong></span> <span class='ocrx_word' id='word_1_136' title='bbox 367 1727 421 1808; x_wconf 79' lang='grc' dir='ltr'><strong><em>μέν</em></strong></span> <span class='ocrx_word' id='word_1_137' title='bbox 440 1724 497 1812; x_wconf 89' lang='grc' dir='ltr'><strong><em>γάρ</em></strong></span> <span class='ocrx_word' id='word_1_138' title='bbox 519 1729 570 1791; x_wconf 84' lang='grc' dir='ltr'><strong><em>καί</em></strong></span> <span class='ocrx_word' id='word_1_139' title='bbox 593 1723 759 1808; x_wconf 84' lang='grc' dir='ltr'><strong><em>δάριθμός</em></strong></span> <span class='ocrx_word' id='word_1_140' title='bbox 784 1729 981 1811; x_wconf 84' lang='grc' dir='ltr'><strong><em>γεγραμμένος</em></strong></span> <span class='ocrx_word' id='word_1_141' title='bbox 1003 1723 1199 1811; x_wconf 87' lang='grc' dir='ltr'><strong><em>άπαράβατός</em></strong></span> <span class='ocrx_word' id='word_1_142' title='bbox 1221 1729 1299 1793; x_wconf 77' lang='grc' dir='ltr'><strong><em>ἔστιν</em></strong></span> <span class='ocrx_word' id='word_1_143' title='bbox 1318 1727 1443 1811; x_wconf 73' lang='grc' dir='ltr'><strong><em>ἑκάστης</em></strong></span> 
     </span>
     <span class='ocr_line' id='line_1_16' title="bbox 282 1826 1443 1918; baseline 0.002 -24"><span class='ocrx_word' id='word_1_144' title='bbox 282 1826 471 1906; x_wconf 74' lang='grc' dir='ltr'><strong><em>ἀποθέσεως,</em></strong></span> <span class='ocrx_word' id='word_1_145' title='bbox 501 1830 551 1892; x_wconf 84' lang='grc' dir='ltr'><strong><em>καί</em></strong></span> <span class='ocrx_word' id='word_1_146' title='bbox 573 1826 640 1893; x_wconf 84' lang='grc' dir='ltr'><strong><em>οὕτε</em></strong></span> <span class='ocrx_word' id='word_1_147' title='bbox 656 1827 778 1893; x_wconf 86' lang='grc' dir='ltr'><strong><em>δόναται</em></strong></span> <span class='ocrx_word' id='word_1_148' title='bbox 798 1826 831 1893; x_wconf 89' lang='grc' dir='ltr'><strong><em>ιδ</em></strong></span> <span class='ocrx_word' id='word_1_149' title='bbox 850 1830 882 1894; x_wconf 88' lang='grc' dir='ltr'><strong><em>έν</em></strong></span> <span class='ocrx_word' id='word_1_150' title='bbox 896 1827 1019 1918; x_wconf 79' lang='grc' dir='ltr'><strong><em>άριθμηῑ</em></strong></span> <span class='ocrx_word' id='word_1_151' title='bbox 1038 1832 1291 1915; x_wconf 86' lang='grc' dir='ltr'><strong><em>κατατεταγμένον</em></strong></span> <span class='ocrx_word' id='word_1_152' title='bbox 1306 1829 1400 1896; x_wconf 75' lang='grc' dir='ltr'><strong><em>ἕωλόν</em></strong></span> <span class='ocrx_word' id='word_1_153' title='bbox 1415 1858 1443 1897; x_wconf 93' lang='grc' dir='ltr'><strong><em>τι</em></strong></span> 
     </span>
     <span class='ocr_line' id='line_1_17' title="bbox 283 1928 1441 2020; baseline 0.001 -23"><span class='ocrx_word' id='word_1_154' title='bbox 283 1928 374 2010; x_wconf 76' lang='grc' dir='ltr'><strong><em>εἶναι,</em></strong></span> <span class='ocrx_word' id='word_1_155' title='bbox 405 1929 473 1996; x_wconf 73' lang='grc' dir='ltr'><strong><em>οὔτε</em></strong></span> <span class='ocrx_word' id='word_1_156' title='bbox 490 1933 531 2006; x_wconf 87' lang='grc' dir='ltr'><strong><em>είς</em></strong></span> <span class='ocrx_word' id='word_1_157' title='bbox 548 1928 694 2016; x_wconf 86' lang='grc' dir='ltr'><strong><em>άργότητα</em></strong></span> <span class='ocrx_word' id='word_1_158' title='bbox 710 1932 740 1996; x_wconf 82' lang='grc' dir='ltr'><strong><em>έν</em></strong></span> <span class='ocrx_word' id='word_1_159' title='bbox 755 1937 791 2019; x_wconf 72' lang='grc' dir='ltr'><strong><em>τῇ</em></strong></span> <span class='ocrx_word' id='word_1_160' title='bbox 815 1939 916 2020; x_wconf 72' lang='grc' dir='ltr'><strong><em>γραφῇ</em></strong></span> <span class='ocrx_word' id='word_1_161' title='bbox 940 1933 1168 2017; x_wconf 83' lang='grc' dir='ltr'><strong><em>έπιμετρεῑσθαι.</em></strong></span> <span class='ocrx_word' id='word_1_162' title='bbox 1214 1936 1385 1998; x_wconf 81' lang='grc' dir='ltr'><strong><em>Βασίλισεαι</em></strong></span> <span class='ocrx_word' id='word_1_163' title='bbox 1407 1935 1441 1998; x_wconf 82' lang='grc' dir='ltr'><strong><em>δέ</em></strong></span> 
     </span>
     <span class='ocr_line' id='line_1_18' title="bbox 284 2030 1439 2119; baseline -0.001 -20"><span class='ocrx_word' id='word_1_164' title='bbox 284 2036 357 2099; x_wconf 87' lang='grc' dir='ltr'><strong><em>είσιν</em></strong></span> <span class='ocrx_word' id='word_1_165' title='bbox 381 2036 415 2098; x_wconf 85' lang='grc' dir='ltr'><strong><em>οιί</em></strong></span> <span class='ocrx_word' id='word_1_166' title='bbox 436 2030 494 2115; x_wconf 80' lang='grc' dir='ltr'><strong><em>ἤδη</em></strong></span> <span class='ocrx_word' id='word_1_167' title='bbox 512 2031 656 2118; x_wconf 88' lang='grc' dir='ltr'><strong><em>πρότερον</em></strong></span> <span class='ocrx_word' id='word_1_168' title='bbox 679 2035 721 2108; x_wconf 87' lang='grc' dir='ltr'><strong><em>είς</em></strong></span> <span class='ocrx_word' id='word_1_169' title='bbox 736 2037 924 2119; x_wconf 77' lang='grc' dir='ltr'><strong><em>γενεαλογίαν</em></strong></span> <span class='ocrx_word' id='word_1_170' title='bbox 947 2034 1154 2116; x_wconf 77' lang='grc' dir='ltr'><strong><em>ὠνομασμέναι</em></strong></span> <span class='ocrx_word' id='word_1_171' title='bbox 1173 2038 1276 2117; x_wconf 79' lang='grc' dir='ltr'><strong><em>ψυχαί</em></strong></span> <span class='ocrx_word' id='word_1_172' title='bbox 1317 2032 1369 2110; x_wconf 83' lang='grc' dir='ltr'><strong><em>Ὦς</em></strong></span> <span class='ocrx_word' id='word_1_173' title='bbox 1385 2032 1439 2119; x_wconf 86' lang='grc' dir='ltr'><strong><em>γάρ</em></strong></span> 
     </span>
     <span class='ocr_line' id='line_1_19' title="bbox 286 2132 1514 2220; baseline -0.001 -19"><span class='ocrx_word' id='word_1_174' title='bbox 286 2140 401 2220; x_wconf 86' lang='grc' dir='ltr'><strong><em>βασιλεῖ</em></strong></span> <span class='ocrx_word' id='word_1_175' title='bbox 423 2138 599 2200; x_wconf 86' lang='grc' dir='ltr'><strong><em>συνέπονται</em></strong></span> <span class='ocrx_word' id='word_1_176' title='bbox 624 2132 728 2218; x_wconf 80' lang='grc' dir='ltr'><strong><em>πλήθη</em></strong></span> <span class='ocrx_word' id='word_1_177' title='bbox 752 2133 859 2217; x_wconf 87' lang='grc' dir='ltr'><strong><em>πολλά,</em></strong></span> <span class='ocrx_word' id='word_1_178' title='bbox 888 2142 943 2201; x_wconf 85' lang='grc' dir='ltr'><strong><em>τοῦ</em></strong></span> <span class='ocrx_word' id='word_1_179' title='bbox 969 2137 1001 2202; x_wconf 80' lang='grc' dir='ltr'><strong><em>δέ</em></strong></span> <span class='ocrx_word' id='word_1_180' title='bbox 1024 2138 1167 2218; x_wconf 88' lang='grc' dir='ltr'><strong><em>βασιλέως</em></strong></span> <span class='ocrx_word' id='word_1_181' title='bbox 1189 2143 1320 2217; x_wconf 73' lang='grc' dir='ltr'><strong><em>κεφαλῆς</em></strong></span> <span class='ocrx_word' id='word_1_182' title='bbox 1338 2134 1437 2216; x_wconf 75' lang='grc' dir='ltr'><strong><em>οὔσης,</em></strong></span> <span class='ocrx_word' id='word_1_183' title='bbox 1512 2140 1514 2144; x_wconf 70' lang='grc'><strong>’</strong></span> 
     </span>
     <span class='ocr_line' id='line_1_20' title="bbox 286 2233 1433 2325; baseline -0.006 -20"><span class='ocrx_word' id='word_1_184' title='bbox 286 2238 381 2325; x_wconf 77' lang='grc' dir='ltr'><strong><em>ῶςπερ</em></strong></span> <span class='ocrx_word' id='word_1_185' title='bbox 398 2240 447 2304; x_wconf 77' lang='grc' dir='ltr'><strong><em>ἐπὶ</em></strong></span> <span class='ocrx_word' id='word_1_186' title='bbox 463 2236 601 2320; x_wconf 79' lang='grc' dir='ltr'><strong><em>στόματος</em></strong></span> <span class='ocrx_word' id='word_1_187' title='bbox 621 2244 737 2303; x_wconf 80' lang='grc' dir='ltr'><strong><em>πολλῶν</em></strong></span> <span class='ocrx_word' id='word_1_188' title='bbox 754 2244 847 2318; x_wconf 89' lang='grc' dir='ltr'><strong><em>μελῶν</em></strong></span> <span class='ocrx_word' id='word_1_189' title='bbox 865 2236 975 2317; x_wconf 85' lang='grc' dir='ltr'><strong><em>όντων,</em></strong></span> <span class='ocrx_word' id='word_1_190' title='bbox 1006 2237 1067 2304; x_wconf 85' lang='grc' dir='ltr'><strong><em>ἀπό</em></strong></span> <span class='ocrx_word' id='word_1_191' title='bbox 1084 2244 1138 2320; x_wconf 84' lang='grc' dir='ltr'><strong><em>τῆς</em></strong></span> <span class='ocrx_word' id='word_1_192' title='bbox 1154 2245 1286 2319; x_wconf 78' lang='grc' dir='ltr'><strong><em>κεφαλῆς</em></strong></span> <span class='ocrx_word' id='word_1_193' title='bbox 1300 2234 1318 2302; x_wconf 87' lang='grc' dir='ltr'><strong><em>δ</em></strong></span> <span class='ocrx_word' id='word_1_194' title='bbox 1331 2233 1373 2311; x_wconf 82' lang='grc' dir='ltr'><strong><em>είς</em></strong></span> <span class='ocrx_word' id='word_1_195' title='bbox 1385 2235 1433 2298; x_wconf 83' lang='grc' dir='ltr'><strong><em>άν-</em></strong></span> 
     </span>
     <span class='ocr_line' id='line_1_21' title="bbox 154 2337 1434 2426; baseline -0.009 -15"><span class='ocrx_word' id='word_1_196' title='bbox 154 2364 205 2411; x_wconf 70' lang='lat'>1¹⁸⁸·</span> <span class='ocrx_word' id='word_1_197' title='bbox 218 2351 276 2399; x_wconf 77' lang='lat'><strong>¹⁸⁸¹·</strong></span> <span class='ocrx_word' id='word_1_198' title='bbox 289 2352 415 2426; x_wconf 89' lang='grc' dir='ltr'><strong><em>θρωπος</em></strong></span> <span class='ocrx_word' id='word_1_199' title='bbox 432 2340 690 2424; x_wconf 79' lang='grc' dir='ltr'><strong><em>ἀριθμηθησεται,</em></strong></span> <span class='ocrx_word' id='word_1_200' title='bbox 722 2337 818 2415; x_wconf 73' lang='grc' dir='ltr'><strong><em>οὕτως</em></strong></span> <span class='ocrx_word' id='word_1_201' title='bbox 835 2337 894 2406; x_wconf 89' lang='grc' dir='ltr'><strong><em>άπδ</em></strong></span> <span class='ocrx_word' id='word_1_202' title='bbox 913 2347 966 2406; x_wconf 82' lang='grc' dir='ltr'><strong><em>τοῦ</em></strong></span> <span class='ocrx_word' id='word_1_203' title='bbox 987 2339 1056 2416; x_wconf 80' lang='grc' dir='ltr'><strong><em>ἓνδς</em></strong></span> <span class='ocrx_word' id='word_1_204' title='bbox 1072 2343 1216 2423; x_wconf 87' lang='grc' dir='ltr'><strong><em>βασιλέως</em></strong></span> <span class='ocrx_word' id='word_1_205' title='bbox 1234 2337 1267 2405; x_wconf 86' lang='grc' dir='ltr'><strong><em>τό</em></strong></span> <span class='ocrx_word' id='word_1_206' title='bbox 1285 2344 1344 2402; x_wconf 80' lang='grc' dir='ltr'><strong><em>πᾶν</em></strong></span> <span class='ocrx_word' id='word_1_207' title='bbox 1364 2342 1434 2418; x_wconf 81' lang='grc' dir='ltr'><strong><em>πλῆ-</em></strong></span> 
     </span>
     <span class='ocr_line' id='line_1_22' title="bbox 286 2439 1163 2528; baseline -0.002 -18"><span class='ocrx_word' id='word_1_208' title='bbox 286 2453 363 2523; x_wconf 87' lang='grc' dir='ltr'><strong><em>θος,</em></strong></span> <span class='ocrx_word' id='word_1_209' title='bbox 385 2442 418 2508; x_wconf 86' lang='grc' dir='ltr'><strong><em>τδ</em></strong></span> <span class='ocrx_word' id='word_1_210' title='bbox 441 2440 501 2507; x_wconf 87' lang='grc' dir='ltr'><strong><em>δπδ</em></strong></span> <span class='ocrx_word' id='word_1_211' title='bbox 524 2441 576 2507; x_wconf 83' lang='grc' dir='ltr'><strong><em>τόν</em></strong></span> <span class='ocrx_word' id='word_1_212' title='bbox 597 2443 733 2524; x_wconf 83' lang='grc' dir='ltr'><strong><em>βασιλέα,</em></strong></span> <span class='ocrx_word' id='word_1_213' title='bbox 757 2445 798 2517; x_wconf 86' lang='grc' dir='ltr'><strong><em>είς</em></strong></span> <span class='ocrx_word' id='word_1_214' title='bbox 819 2444 872 2507; x_wconf 73' lang='grc' dir='ltr'><strong><em>ἕνα</em></strong></span> <span class='ocrx_word' id='word_1_215' title='bbox 894 2439 1163 2528; x_wconf 75' lang='grc' dir='ltr'><strong><em>άναλογισθήοετακ</em></strong></span> 
     </span>
    </p>
   </div>
   <div class='ocr_carea' id='block_1_3' title="bbox 147 2745 1450 3962">
    <p class='ocr_par' dir='ltr' id='par_1_3' title="bbox 147 2745 1450 3962">
     <span class='ocr_line' id='line_1_23' title="bbox 147 2745 1443 2838; baseline -0.005 -22"><span class='ocrx_word' id='word_1_216' title='bbox 147 2763 214 2832; x_wconf 79' lang='grc' dir='ltr'><strong><em>Κεφ,</em></strong></span> <span class='ocrx_word' id='word_1_217' title='bbox 229 2763 261 2820; x_wconf 82' lang='grc' dir='ltr'><strong><em>ε’.</em></strong></span> <span class='ocrx_word' id='word_1_218' title='bbox 373 2753 532 2814; x_wconf 88' lang='grc' dir='ltr'><strong><em>Βασλλισσα</em></strong></span> <span class='ocrx_word' id='word_1_219' title='bbox 550 2753 651 2814; x_wconf 92' lang='grc' dir='ltr'><strong><em>τοίνυν</em></strong></span> <span class='ocrx_word' id='word_1_220' title='bbox 667 2746 785 2835; x_wconf 73' lang='grc' dir='ltr'><strong><em>ἦγενεά</em></strong></span> <span class='ocrx_word' id='word_1_221' title='bbox 802 2751 834 2815; x_wconf 86' lang='grc' dir='ltr'><strong><em>έν</em></strong></span> <span class='ocrx_word' id='word_1_222' title='bbox 854 2755 972 2838; x_wconf 79' lang='grc' dir='ltr'><strong><em>Χριστῷ</em></strong></span> <span class='ocrx_word' id='word_1_223' title='bbox 988 2751 1136 2832; x_wconf 83' lang='grc' dir='ltr'><strong><em>κέκληται·</em></strong></span> <span class='ocrx_word' id='word_1_224' title='bbox 1159 2748 1196 2815; x_wconf 79' lang='grc' dir='ltr'><strong><em>οδ</em></strong></span> <span class='ocrx_word' id='word_1_225' title='bbox 1213 2754 1267 2831; x_wconf 80' lang='grc' dir='ltr'><strong><em>τῆς</em></strong></span> <span class='ocrx_word' id='word_1_226' title='bbox 1281 2745 1379 2828; x_wconf 90' lang='grc' dir='ltr'><strong><em>πάσης</em></strong></span> <span class='ocrx_word' id='word_1_227' title='bbox 1396 2770 1443 2831; x_wconf 90' lang='grc' dir='ltr'><strong><em>γε-</em></strong></span> 
     </span>
     <span class='ocr_line' id='line_1_24' title="bbox 285 2845 1445 2937; baseline -0.003 -20"><span class='ocrx_word' id='word_1_228' title='bbox 285 2857 355 2928; x_wconf 82' lang='grc' dir='ltr'><strong><em>νεᾶς</em></strong></span> <span class='ocrx_word' id='word_1_229' title='bbox 374 2849 602 2934; x_wconf 78' lang='grc' dir='ltr'><strong><em>βασιλευσάσης,</em></strong></span> <span class='ocrx_word' id='word_1_230' title='bbox 626 2849 698 2915; x_wconf 85' lang='grc' dir='ltr'><strong><em>ἀλλά</em></strong></span> <span class='ocrx_word' id='word_1_231' title='bbox 717 2859 770 2933; x_wconf 84' lang='grc' dir='ltr'><strong><em>τῆς</em></strong></span> <span class='ocrx_word' id='word_1_232' title='bbox 784 2859 854 2933; x_wconf 81' lang='grc' dir='ltr'><strong><em>μιᾶς</em></strong></span> <span class='ocrx_word' id='word_1_233' title='bbox 872 2859 925 2935; x_wconf 78' lang='grc' dir='ltr'><strong><em>τῆς</em></strong></span> <span class='ocrx_word' id='word_1_234' title='bbox 940 2851 1118 2937; x_wconf 84' lang='grc' dir='ltr'><strong><em>έπιγνοόσης</em></strong></span> <span class='ocrx_word' id='word_1_235' title='bbox 1130 2850 1184 2918; x_wconf 87' lang='grc' dir='ltr'><strong><em>τόν</em></strong></span> <span class='ocrx_word' id='word_1_236' title='bbox 1199 2849 1305 2936; x_wconf 83' lang='grc' dir='ltr'><strong><em>κόριον</em></strong></span> <span class='ocrx_word' id='word_1_237' title='bbox 1321 2846 1359 2914; x_wconf 89' lang='grc' dir='ltr'><strong><em>δι’</em></strong></span> <span class='ocrx_word' id='word_1_238' title='bbox 1377 2845 1445 2913; x_wconf 86' lang='grc' dir='ltr'><strong><em>δνο-</em></strong></span> 
     </span>
     <span class='ocr_line' id='line_1_25' title="bbox 286 2952 1446 3037; baseline -0.001 -21"><span class='ocrx_word' id='word_1_239' title='bbox 286 2956 394 3035; x_wconf 86' lang='grc' dir='ltr'><strong><em>μασίας</em></strong></span> <span class='ocrx_word' id='word_1_240' title='bbox 407 2961 461 3018; x_wconf 85' lang='grc' dir='ltr'><strong><em>τοῦ</em></strong></span> <span class='ocrx_word' id='word_1_241' title='bbox 476 2952 590 3036; x_wconf 87' lang='grc' dir='ltr'><strong><em>άνδρδς</em></strong></span> <span class='ocrx_word' id='word_1_242' title='bbox 611 2956 708 3018; x_wconf 82' lang='grc' dir='ltr'><strong><em>ιαίτία</em></strong></span> <span class='ocrx_word' id='word_1_243' title='bbox 724 2953 757 3018; x_wconf 86' lang='grc' dir='ltr'><strong><em>τό</em></strong></span> <span class='ocrx_word' id='word_1_244' title='bbox 776 2954 928 3035; x_wconf 84' lang='grc' dir='ltr'><strong><em>βασιλικόν</em></strong></span> <span class='ocrx_word' id='word_1_245' title='bbox 943 2954 1059 3036; x_wconf 84' lang='grc' dir='ltr'><strong><em>ἀξίωμα</em></strong></span> <span class='ocrx_word' id='word_1_246' title='bbox 1077 2957 1127 3019; x_wconf 84' lang='grc' dir='ltr'><strong><em>καί</em></strong></span> <span class='ocrx_word' id='word_1_247' title='bbox 1145 2954 1226 3032; x_wconf 82' lang='grc' dir='ltr'><strong><em>τάξιν</em></strong></span> <span class='ocrx_word' id='word_1_248' title='bbox 1241 2952 1446 3037; x_wconf 57' lang='grc' dir='ltr'><strong><em>’φερομένης</em></strong></span> 
     </span>
     <span class='ocr_line' id='line_1_26' title="bbox 286 3051 1448 3143; baseline -0.002 -24"><span class='ocrx_word' id='word_1_249' title='bbox 286 3051 328 3130; x_wconf 84' lang='grc' dir='ltr'><strong><em>ῶς</em></strong></span> <span class='ocrx_word' id='word_1_250' title='bbox 343 3052 408 3119; x_wconf 80' lang='grc' dir='ltr'><strong><em>οίον</em></strong></span> <span class='ocrx_word' id='word_1_251' title='bbox 425 3058 530 3135; x_wconf 80' lang='grc' dir='ltr'><strong><em>εἰπεῖν,</em></strong></span> <span class='ocrx_word' id='word_1_252' title='bbox 550 3054 648 3137; x_wconf 87' lang='grc' dir='ltr'><strong><em>Ἀδάμ</em></strong></span> <span class='ocrx_word' id='word_1_253' title='bbox 662 3057 714 3119; x_wconf 85' lang='grc' dir='ltr'><strong><em>καλ</em></strong></span> <span class='ocrx_word' id='word_1_254' title='bbox 730 3062 810 3120; x_wconf 82' lang='grc' dir='ltr'><strong><em>πάσα</em></strong></span> <span class='ocrx_word' id='word_1_255' title='bbox 827 3056 922 3121; x_wconf 77' lang='grc' dir='ltr'><strong><em>αὐτοῦ</em></strong></span> <span class='ocrx_word' id='word_1_256' title='bbox 938 3055 1031 3143; x_wconf 90' lang='grc' dir='ltr'><strong><em>γενεά,</em></strong></span> <span class='ocrx_word' id='word_1_257' title='bbox 1054 3061 1208 3140; x_wconf 86' lang='grc' dir='ltr'><strong><em>βασίλισσα</em></strong></span> <span class='ocrx_word' id='word_1_258' title='bbox 1224 3053 1298 3134; x_wconf 71' lang='grc' dir='ltr'><strong><em>αὕτη</em></strong></span> <span class='ocrx_word' id='word_1_259' title='bbox 1316 3053 1448 3138; x_wconf 71' lang='grc' dir='ltr'><strong><em>άριθμη</em></strong></span> 
     </span>
     <span class='ocr_line' id='line_1_27' title="bbox 285 3153 1447 3245; baseline -0.003 -24"><span class='ocrx_word' id='word_1_260' title='bbox 285 3156 426 3239; x_wconf 79' lang='grc' dir='ltr'><strong><em>θήσεται,</em></strong></span> <span class='ocrx_word' id='word_1_261' title='bbox 459 3156 480 3239; x_wconf 76' lang='grc' dir='ltr'><em>ἥ</em></span> <span class='ocrx_word' id='word_1_262' title='bbox 505 3182 536 3221; x_wconf 88' lang='grc' dir='ltr'><strong><em>τε</em></strong></span> <span class='ocrx_word' id='word_1_263' title='bbox 557 3155 650 3222; x_wconf 76' lang='grc' dir='ltr'><strong><em>αὐτοῦ</em></strong></span> <span class='ocrx_word' id='word_1_264' title='bbox 675 3156 752 3241; x_wconf 74' lang='grc' dir='ltr'><strong><em>ἀρχὴ</em></strong></span> <span class='ocrx_word' id='word_1_265' title='bbox 774 3160 824 3222; x_wconf 85' lang='grc' dir='ltr'><strong><em>καλ</em></strong></span> <span class='ocrx_word' id='word_1_266' title='bbox 843 3155 864 3240; x_wconf 76' lang='grc' dir='ltr'><em>ἦ</em></span> <span class='ocrx_word' id='word_1_267' title='bbox 883 3165 1058 3245; x_wconf 86' lang='grc' dir='ltr'><strong><em>πατριαρχία</em></strong></span> <span class='ocrx_word' id='word_1_268' title='bbox 1074 3156 1281 3242; x_wconf 72' lang='grc' dir='ltr'><strong><em>βασιλεύσασαι</em></strong></span> <span class='ocrx_word' id='word_1_269' title='bbox 1299 3153 1370 3237; x_wconf 88' lang='grc' dir='ltr'><strong><em>μετά</em></strong></span> <span class='ocrx_word' id='word_1_270' title='bbox 1386 3161 1447 3219; x_wconf 89' lang='grc' dir='ltr'><strong><em>τῶν</em></strong></span> 
     </span>
     <span class='ocr_line' id='line_1_28' title="bbox 286 3254 1448 3346; baseline -0.003 -22"><span class='ocrx_word' id='word_1_271' title='bbox 286 3257 345 3341; x_wconf 89' lang='grc' dir='ltr'><strong><em>μετ’</em></strong></span> <span class='ocrx_word' id='word_1_272' title='bbox 374 3256 468 3325; x_wconf 72' lang='grc' dir='ltr'><strong><em>αὐτοῦ</em></strong></span> <span class='ocrx_word' id='word_1_273' title='bbox 491 3259 541 3324; x_wconf 89' lang='grc' dir='ltr'><strong><em>διά</em></strong></span> <span class='ocrx_word' id='word_1_274' title='bbox 562 3259 617 3343; x_wconf 79' lang='grc' dir='ltr'><strong><em>τὴν</em></strong></span> <span class='ocrx_word' id='word_1_275' title='bbox 634 3258 710 3344; x_wconf 86' lang='grc' dir='ltr'><strong><em>πρός</em></strong></span> <span class='ocrx_word' id='word_1_276' title='bbox 724 3257 776 3324; x_wconf 88' lang='grc' dir='ltr'><strong><em>τόν</em></strong></span> <span class='ocrx_word' id='word_1_277' title='bbox 792 3258 866 3326; x_wconf 86' lang='grc' dir='ltr'><strong><em>θεόν</em></strong></span> <span class='ocrx_word' id='word_1_278' title='bbox 886 3268 993 3346; x_wconf 88' lang='grc' dir='ltr'><strong><em>γνῶσιν</em></strong></span> <span class='ocrx_word' id='word_1_279' title='bbox 1008 3262 1060 3326; x_wconf 80' lang='grc' dir='ltr'><strong><em>καί</em></strong></span> <span class='ocrx_word' id='word_1_280' title='bbox 1079 3259 1118 3343; x_wconf 75' lang='grc' dir='ltr'><strong><em>ἣν</em></strong></span> <span class='ocrx_word' id='word_1_281' title='bbox 1132 3264 1309 3342; x_wconf 88' lang='grc' dir='ltr'><strong><em>κατηξίωται</em></strong></span> <span class='ocrx_word' id='word_1_282' title='bbox 1323 3254 1448 3343; x_wconf 86' lang='grc' dir='ltr'><strong><em>πρῶτην</em></strong></span> 
     </span>
     <span class='ocr_line' id='line_1_29' title="bbox 285 3355 1449 3446; baseline -0.002 -21"><span class='ocrx_word' id='word_1_283' title='bbox 285 3359 392 3425; x_wconf 90' lang='grc' dir='ltr'><strong><em>πλάσιν</em></strong></span> <span class='ocrx_word' id='word_1_284' title='bbox 410 3369 598 3444; x_wconf 81' lang='grc' dir='ltr'><strong><em>πλασθῆναι,</em></strong></span> <span class='ocrx_word' id='word_1_285' title='bbox 628 3364 679 3426; x_wconf 84' lang='grc' dir='ltr'><strong><em>καί</em></strong></span> <span class='ocrx_word' id='word_1_286' title='bbox 705 3359 746 3437; x_wconf 86' lang='grc' dir='ltr'><strong><em>ῶς</em></strong></span> <span class='ocrx_word' id='word_1_287' title='bbox 762 3360 919 3443; x_wconf 90' lang='grc' dir='ltr'><strong><em>μετάνοιαν</em></strong></span> <span class='ocrx_word' id='word_1_288' title='bbox 943 3368 1063 3446; x_wconf 87' lang='grc' dir='ltr'><strong><em>πρῶτος</em></strong></span> <span class='ocrx_word' id='word_1_289' title='bbox 1086 3364 1260 3440; x_wconf 89' lang='grc' dir='ltr'><strong><em>ένεδείξαιο,</em></strong></span> <span class='ocrx_word' id='word_1_290' title='bbox 1293 3357 1334 3435; x_wconf 86' lang='grc' dir='ltr'><strong><em>ῶς</em></strong></span> <span class='ocrx_word' id='word_1_291' title='bbox 1351 3355 1449 3443; x_wconf 74' lang='grc' dir='ltr'><strong><em>ἔχειὴ</em></strong></span> 
     </span>
     <span class='ocr_line' id='line_1_30' title="bbox 286 3460 1446 3547; baseline -0.003 -19"><span class='ocrx_word' id='word_1_292' title='bbox 286 3460 460 3528; x_wconf 86' lang='grc' dir='ltr'><strong><em>ἀκολουθία.</em></strong></span> <span class='ocrx_word' id='word_1_293' title='bbox 505 3461 583 3529; x_wconf 75' lang='grc' dir='ltr'><strong><em>Εἶτα</em></strong></span> <span class='ocrx_word' id='word_1_294' title='bbox 599 3463 670 3546; x_wconf 87' lang='grc' dir='ltr'><strong><em>μετά</em></strong></span> <span class='ocrx_word' id='word_1_295' title='bbox 691 3470 797 3528; x_wconf 83' lang='grc' dir='ltr'><strong><em>τοῦτον</em></strong></span> <span class='ocrx_word' id='word_1_296' title='bbox 813 3462 899 3546; x_wconf 71' lang='grc' dir='ltr'><strong><em>Σὴθ,</em></strong></span> <span class='ocrx_word' id='word_1_297' title='bbox 928 3466 979 3528; x_wconf 77' lang='grc' dir='ltr'><strong><em>καὶ</em></strong></span> <span class='ocrx_word' id='word_1_298' title='bbox 997 3462 1112 3547; x_wconf 80' lang='grc' dir='ltr'><strong><em>ἡπᾶσα</em></strong></span> <span class='ocrx_word' id='word_1_299' title='bbox 1133 3462 1192 3547; x_wconf 84' lang='grc' dir='ltr'><strong><em>μετ’</em></strong></span> <span class='ocrx_word' id='word_1_300' title='bbox 1214 3464 1308 3528; x_wconf 83' lang='grc' dir='ltr'><strong><em>αάτοῦ</em></strong></span> <span class='ocrx_word' id='word_1_301' title='bbox 1323 3461 1446 3543; x_wconf 86' lang='grc' dir='ltr'><strong><em>ἀνθρω-</em></strong></span> 
     </span>
     <span class='ocr_line' id='line_1_31' title="bbox 285 3560 1449 3650; baseline -0.004 -19"><span class='ocrx_word' id='word_1_302' title='bbox 285 3563 396 3647; x_wconf 88' lang='grc' dir='ltr'><strong><em>πότης,</em></strong></span> <span class='ocrx_word' id='word_1_303' title='bbox 418 3567 470 3630; x_wconf 88' lang='grc' dir='ltr'><strong><em>καί</em></strong></span> <span class='ocrx_word' id='word_1_304' title='bbox 482 3563 595 3646; x_wconf 85' lang='grc' dir='ltr'><strong><em>Ἐνῶς,</em></strong></span> <span class='ocrx_word' id='word_1_305' title='bbox 617 3569 668 3631; x_wconf 86' lang='grc' dir='ltr'><strong><em>καί</em></strong></span> <span class='ocrx_word' id='word_1_306' title='bbox 684 3573 811 3643; x_wconf 80' lang='grc' dir='ltr'><strong><em>Καϊνοῖν,</em></strong></span> <span class='ocrx_word' id='word_1_307' title='bbox 832 3568 882 3630; x_wconf 79' lang='grc' dir='ltr'><strong><em>καί</em></strong></span> <span class='ocrx_word' id='word_1_308' title='bbox 901 3566 1065 3648; x_wconf 69' lang='grc' dir='ltr'><strong><em>Μαλελεήλ,</em></strong></span> <span class='ocrx_word' id='word_1_309' title='bbox 1087 3569 1138 3631; x_wconf 86' lang='grc' dir='ltr'><strong><em>καί</em></strong></span> <span class='ocrx_word' id='word_1_310' title='bbox 1150 3564 1252 3650; x_wconf 88' lang='grc' dir='ltr'><strong><em>Ἰάρεδ,</em></strong></span> <span class='ocrx_word' id='word_1_311' title='bbox 1275 3566 1326 3630; x_wconf 79' lang='grc' dir='ltr'><strong><em>καλ</em></strong></span> <span class='ocrx_word' id='word_1_312' title='bbox 1339 3560 1449 3644; x_wconf 82' lang='grc' dir='ltr'><strong><em>Ἐυῶχ,</em></strong></span> 
     </span>
     <span class='ocr_line' id='line_1_32' title="bbox 285 3663 1447 3752; baseline -0.004 -20"><span class='ocrx_word' id='word_1_313' title='bbox 285 3669 337 3733; x_wconf 85' lang='grc' dir='ltr'><strong><em>καί</em></strong></span> <span class='ocrx_word' id='word_1_314' title='bbox 354 3669 565 3746; x_wconf 87' lang='grc' dir='ltr'><strong><em>Μαθουσάλα,</em></strong></span> <span class='ocrx_word' id='word_1_315' title='bbox 588 3671 638 3734; x_wconf 86' lang='grc' dir='ltr'><strong><em>καλ</em></strong></span> <span class='ocrx_word' id='word_1_316' title='bbox 654 3670 768 3751; x_wconf 74' lang='grc' dir='ltr'><strong><em>Λαμδχ,</em></strong></span> <span class='ocrx_word' id='word_1_317' title='bbox 791 3670 842 3731; x_wconf 85' lang='grc' dir='ltr'><strong><em>καί</em></strong></span> <span class='ocrx_word' id='word_1_318' title='bbox 861 3675 944 3733; x_wconf 91' lang='grc' dir='ltr'><strong><em>Νῶε·</em></strong></span> <span class='ocrx_word' id='word_1_319' title='bbox 965 3667 1078 3733; x_wconf 82' lang='grc' dir='ltr'><strong><em>τούτων</em></strong></span> <span class='ocrx_word' id='word_1_320' title='bbox 1095 3676 1156 3733; x_wconf 89' lang='grc' dir='ltr'><strong><em>τῶν</em></strong></span> <span class='ocrx_word' id='word_1_321' title='bbox 1171 3663 1266 3752; x_wconf 85' lang='grc' dir='ltr'><strong><em>άγίων</em></strong></span> <span class='ocrx_word' id='word_1_322' title='bbox 1281 3673 1341 3731; x_wconf 88' lang='grc' dir='ltr'><strong><em>τῶν</em></strong></span> <span class='ocrx_word' id='word_1_323' title='bbox 1356 3690 1447 3730; x_wconf 87' lang='grc' dir='ltr'><strong><em>κατα-</em></strong></span> 
     </span>
     <span class='ocr_line' id='line_1_33' title="bbox 285 3763 1450 3859; baseline -0.003 -25"><span class='ocrx_word' id='word_1_324' title='bbox 285 3769 415 3856; x_wconf 81' lang='grc' dir='ltr'><strong><em>λογάδην</em></strong></span> <span class='ocrx_word' id='word_1_325' title='bbox 438 3773 469 3836; x_wconf 90' lang='grc' dir='ltr'><strong><em>έυ</em></strong></span> <span class='ocrx_word' id='word_1_326' title='bbox 497 3769 618 3859; x_wconf 79' lang='grc' dir='ltr'><strong><em>ἀριθμῷ</em></strong></span> <span class='ocrx_word' id='word_1_327' title='bbox 643 3770 718 3837; x_wconf 86' lang='grc' dir='ltr'><strong><em>κατά</em></strong></span> <span class='ocrx_word' id='word_1_328' title='bbox 744 3767 846 3856; x_wconf 88' lang='grc' dir='ltr'><strong><em>γενεάν</em></strong></span> <span class='ocrx_word' id='word_1_329' title='bbox 872 3772 1176 3855; x_wconf 87' lang='grc' dir='ltr'><strong><em>καταριθμηθέντων,</em></strong></span> <span class='ocrx_word' id='word_1_330' title='bbox 1207 3763 1250 3835; x_wconf 84' lang='grc' dir='ltr'><strong><em>ῶν</em></strong></span> <span class='ocrx_word' id='word_1_331' title='bbox 1273 3765 1291 3834; x_wconf 88' lang='grc' dir='ltr'><strong><em>ό</em></strong></span> <span class='ocrx_word' id='word_1_332' title='bbox 1313 3764 1450 3851; x_wconf 86' lang='grc' dir='ltr'><strong><em>ἀριθμός</em></strong></span> 
     </span>
     <span class='ocr_line' id='line_1_34' title="bbox 286 3870 1449 3962; baseline -0.003 -26"><span class='ocrx_word' id='word_1_333' title='bbox 286 3872 368 3956; x_wconf 88' lang='grc' dir='ltr'><strong><em>παρά</em></strong></span> <span class='ocrx_word' id='word_1_334' title='bbox 382 3879 537 3962; x_wconf 79' lang='grc' dir='ltr'><strong><em>Ματθαίφ</em></strong></span> <span class='ocrx_word' id='word_1_335' title='bbox 554 3877 708 3938; x_wconf 88' lang='grc' dir='ltr'><strong><em>δείκνυται.</em></strong></span> <span class='ocrx_word' id='word_1_336' title='bbox 751 3870 909 3956; x_wconf 82' lang='grc' dir='ltr'><strong><em>Ἑξήκοντα</em></strong></span> <span class='ocrx_word' id='word_1_337' title='bbox 922 3872 978 3960; x_wconf 88' lang='grc' dir='ltr'><strong><em>γάρ</em></strong></span> <span class='ocrx_word' id='word_1_338' title='bbox 989 3875 1038 3938; x_wconf 79' lang='grc' dir='ltr'><strong><em>καί</em></strong></span> <span class='ocrx_word' id='word_1_339' title='bbox 1054 3872 1110 3938; x_wconf 85' lang='grc' dir='ltr'><strong><em>δόο</em></strong></span> <span class='ocrx_word' id='word_1_340' title='bbox 1126 3877 1222 3958; x_wconf 88' lang='grc' dir='ltr'><strong><em>γενεαί</em></strong></span> <span class='ocrx_word' id='word_1_341' title='bbox 1233 3896 1263 3936; x_wconf 89' lang='grc' dir='ltr'><strong><em>ιε</em></strong></span> <span class='ocrx_word' id='word_1_342' title='bbox 1274 3873 1326 3935; x_wconf 80' lang='grc' dir='ltr'><strong><em>καί</em></strong></span> <span class='ocrx_word' id='word_1_343' title='bbox 1341 3896 1449 3952; x_wconf 88' lang='grc' dir='ltr'><strong><em>πατρι-</em></strong></span> 
     </span>
    </p>
   </div>
   <div class='ocr_carea' id='block_1_4' title="bbox 286 3969 1452 4264">
    <p class='ocr_par' dir='ltr' id='par_1_4' title="bbox 286 3969 1452 4264">
     <span class='ocr_line' id='line_1_35' title="bbox 287 3969 1451 4064; baseline -0.004 -24"><span class='ocrx_word' id='word_1_344' title='bbox 287 3980 383 4059; x_wconf 88' lang='grc' dir='ltr'><strong><em>αρχίαι</em></strong></span> <span class='ocrx_word' id='word_1_345' title='bbox 398 3973 467 4060; x_wconf 85' lang='grc' dir='ltr'><strong><em>παρ’</em></strong></span> <span class='ocrx_word' id='word_1_346' title='bbox 484 3974 564 4064; x_wconf 78' lang='grc' dir='ltr'><strong><em>αὐτῷ</em></strong></span> <span class='ocrx_word' id='word_1_347' title='bbox 582 3977 760 4060; x_wconf 80' lang='grc' dir='ltr'><strong><em>ἐμφέρονται</em></strong></span> <span class='ocrx_word' id='word_1_348' title='bbox 775 3973 825 4040; x_wconf 88' lang='grc' dir='ltr'><strong><em>διά</em></strong></span> <span class='ocrx_word' id='word_1_349' title='bbox 849 3983 910 4041; x_wconf 89' lang='grc' dir='ltr'><strong><em>τῶν</em></strong></span> <span class='ocrx_word' id='word_1_350' title='bbox 931 3974 1086 4058; x_wconf 86' lang='grc' dir='ltr'><strong><em>ὀνομάτων</em></strong></span> <span class='ocrx_word' id='word_1_351' title='bbox 1103 3982 1162 4040; x_wconf 87' lang='grc' dir='ltr'><strong><em>τῶν</em></strong></span> <span class='ocrx_word' id='word_1_352' title='bbox 1178 3974 1378 4055; x_wconf 84' lang='grc' dir='ltr'><strong><em>έντελεσιέρων</em></strong></span> <span class='ocrx_word' id='word_1_353' title='bbox 1394 3969 1451 4036; x_wconf 84' lang='grc' dir='ltr'><strong><em>ἀν-</em></strong></span> 
     </span>
     <span class='ocr_line' id='line_1_36' title="bbox 286 4072 1450 4164; baseline -0.003 -22"><span class='ocrx_word' id='word_1_354' title='bbox 286 4081 376 4162; x_wconf 93' lang='grc' dir='ltr'><strong><em>δρῶν,</em></strong></span> <span class='ocrx_word' id='word_1_355' title='bbox 395 4076 470 4158; x_wconf 85' lang='grc' dir='ltr'><strong><em>πρός</em></strong></span> <span class='ocrx_word' id='word_1_356' title='bbox 485 4077 537 4143; x_wconf 86' lang='grc' dir='ltr'><strong><em>τόν</em></strong></span> <span class='ocrx_word' id='word_1_357' title='bbox 552 4077 623 4143; x_wconf 85' lang='grc' dir='ltr'><strong><em>θεόν</em></strong></span> <span class='ocrx_word' id='word_1_358' title='bbox 634 4077 688 4160; x_wconf 80' lang='grc' dir='ltr'><strong><em>τήν</em></strong></span> <span class='ocrx_word' id='word_1_359' title='bbox 703 4085 812 4164; x_wconf 89' lang='grc' dir='ltr'><strong><em>γνῶσιν</em></strong></span> <span class='ocrx_word' id='word_1_360' title='bbox 825 4078 999 4160; x_wconf 77' lang='grc' dir='ltr'><strong><em>ἐσχηκότων,</em></strong></span> <span class='ocrx_word' id='word_1_361' title='bbox 1015 4076 1037 4160; x_wconf 77' lang='grc' dir='ltr'><em>ἢ</em></span> <span class='ocrx_word' id='word_1_362' title='bbox 1051 4075 1088 4142; x_wconf 91' lang='grc' dir='ltr'><strong><em>δι’</em></strong></span> <span class='ocrx_word' id='word_1_363' title='bbox 1103 4078 1205 4161; x_wconf 76' lang='grc' dir='ltr'><strong><em>ἑτέραν</em></strong></span> <span class='ocrx_word' id='word_1_364' title='bbox 1217 4075 1282 4142; x_wconf 84' lang='grc' dir='ltr'><strong><em>τινά</em></strong></span> <span class='ocrx_word' id='word_1_365' title='bbox 1294 4072 1450 4159; x_wconf 82' lang='grc' dir='ltr'><strong><em>ἀριστείαν</em></strong></span> 
     </span>
     <span class='ocr_line' id='line_1_37' title="bbox 286 4175 1452 4264; baseline -0.003 -19"><span class='ocrx_word' id='word_1_366' title='bbox 286 4178 341 4263; x_wconf 70' lang='grc' dir='ltr'><strong><em>τὴν</em></strong></span> <span class='ocrx_word' id='word_1_367' title='bbox 361 4181 516 4263; x_wconf 80' lang='grc' dir='ltr'><strong><em>βασιλικήν</em></strong></span> <span class='ocrx_word' id='word_1_368' title='bbox 541 4206 572 4244; x_wconf 86' lang='grc' dir='ltr'><strong><em>τε</em></strong></span> <span class='ocrx_word' id='word_1_369' title='bbox 589 4180 679 4258; x_wconf 85' lang='grc' dir='ltr'><strong><em>δόξαν</em></strong></span> <span class='ocrx_word' id='word_1_370' title='bbox 695 4182 746 4245; x_wconf 82' lang='grc' dir='ltr'><strong><em>καί</em></strong></span> <span class='ocrx_word' id='word_1_371' title='bbox 771 4184 945 4264; x_wconf 80' lang='grc' dir='ltr'><strong><em>ἐμβρίθειαν</em></strong></span> <span class='ocrx_word' id='word_1_372' title='bbox 964 4179 1192 4263; x_wconf 83' lang='grc' dir='ltr'><strong><em>μετεσχηκότων·</em></strong></span> <span class='ocrx_word' id='word_1_373' title='bbox 1229 4175 1270 4243; x_wconf 67' lang='grc' dir='ltr'><strong><em>3δ</em></strong></span> <span class='ocrx_word' id='word_1_374' title='bbox 1284 4175 1452 4262; x_wconf 86' lang='grc' dir='ltr'><strong><em>κατάλογος</em></strong></span> 
     </span>
    </p>
   </div>
   <div class='ocr_carea' id='block_1_5' title="bbox 284 4316 1451 4591">
    <p class='ocr_par' dir='ltr' id='par_1_5' title="bbox 318 4316 1029 4385">
     <span class='ocr_line' id='line_1_38' title="bbox 318 4316 1029 4385; baseline -0.003 -16"><span class='ocrx_word' id='word_1_375' title='bbox 318 4319 342 4369; x_wconf 85' lang='grc'><strong><em>3.</em></strong></span> <span class='ocrx_word' id='word_1_376' title='bbox 361 4322 514 4370; x_wconf 79' lang='lat' dir='ltr'><strong><em>scribendum</em></strong></span> <span class='ocrx_word' id='word_1_377' title='bbox 531 4320 590 4385; x_wconf 82' lang='grc' dir='ltr'><strong><em>τοῦ,</em></strong></span> <span class='ocrx_word' id='word_1_378' title='bbox 608 4324 751 4384; x_wconf 72' lang='lat' dir='ltr'><strong><em>nisi-fallor.</em></strong></span> <span class='ocrx_word' id='word_1_379' title='bbox 881 4323 918 4369; x_wconf 86' lang='grc' dir='ltr'><strong><em>υιί</em></strong></span> <span class='ocrx_word' id='word_1_380' title='bbox 938 4316 1029 4385; x_wconf 67' lang='grc' dir='ltr'><strong><em>αὐτῆς.</em></strong></span> 
     </span>
    </p>

    <p class='ocr_par' dir='ltr' id='par_1_6' title="bbox 284 4387 1451 4591">
     <span class='ocr_line' id='line_1_39' title="bbox 321 4387 1450 4454; baseline 0.004 -19"><span class='ocrx_word' id='word_1_381' title='bbox 321 4387 380 4436; x_wconf 73' lang='grc' dir='ltr'><strong><em>ειν.</em></strong></span> <span class='ocrx_word' id='word_1_382' title='bbox 392 4389 433 4436; x_wconf 79' lang='grc' dir='ltr'><strong><em>Ν.</em></strong></span> <span class='ocrx_word' id='word_1_383' title='bbox 452 4416 485 4426; x_wconf 89' lang='lat'>-</span> <span class='ocrx_word' id='word_1_384' title='bbox 523 4393 541 4438; x_wconf 88' lang='lat'><strong><em>1.</em></strong></span> <span class='ocrx_word' id='word_1_385' title='bbox 561 4387 630 4442; x_wconf 80' lang='grc' dir='ltr'><strong><em>αἰτία</em></strong></span> <span class='ocrx_word' id='word_1_386' title='bbox 642 4396 701 4440; x_wconf 76' lang='lat' dir='ltr'><strong><em>recte</em></strong></span> <span class='ocrx_word' id='word_1_387' title='bbox 716 4393 848 4451; x_wconf 66' lang='lat' dir='ltr'><em>suspectum</em></span> <span class='ocrx_word' id='word_1_388' title='bbox 915 4389 938 4437; x_wconf 77' lang='lat'><strong><em>2.</em></strong></span> <span class='ocrx_word' id='word_1_389' title='bbox 956 4387 1101 4454; x_wconf 81' lang='grc' dir='ltr'><strong><em>φερομένης</em></strong></span> <span class='ocrx_word' id='word_1_390' title='bbox 1116 4390 1248 4438; x_wconf 73' lang='lat' dir='ltr'><strong><em>emendavit</em></strong></span> <span class='ocrx_word' id='word_1_391' title='bbox 1261 4389 1380 4438; x_wconf 78' lang='grc' dir='ltr'><strong><em>Ρειαυλιιε.</em></strong></span> <span class='ocrx_word' id='word_1_392' title='bbox 1400 4403 1450 4452; x_wconf 86' lang='grc' dir='ltr'><strong><em>φε-</em></strong></span> 
     </span>
     <span class='ocr_line' id='line_1_40' title="bbox 284 4454 1451 4521; baseline 0.002 -16"><span class='ocrx_word' id='word_1_393' title='bbox 284 4457 365 4505; x_wconf 68' lang='lat' dir='ltr'><strong><em>habuit</em></strong></span> <span class='ocrx_word' id='word_1_394' title='bbox 382 4458 509 4518; x_wconf 77' lang='grc' dir='ltr'><strong><em>Ρελαυίαι,</em></strong></span> <span class='ocrx_word' id='word_1_395' title='bbox 525 4462 565 4518; x_wconf 77' lang='lat' dir='ltr'><strong><em>qui</em></strong></span> <span class='ocrx_word' id='word_1_396' title='bbox 584 4461 610 4508; x_wconf 80' lang='grc' dir='ltr'><strong><em>λδ</em></strong></span> <span class='ocrx_word' id='word_1_397' title='bbox 627 4461 765 4508; x_wconf 65' lang='lat' dir='ltr'><strong><em>vocabulum</em></strong></span> <span class='ocrx_word' id='word_1_398' title='bbox 782 4460 848 4506; x_wconf 84' lang='grc' dir='ltr'><strong><em>νυοὶ·</em></strong></span> <span class='ocrx_word' id='word_1_399' title='bbox 881 4455 984 4520; x_wconf 84' lang='grc' dir='ltr'><strong><em>ρομένου</em></strong></span> <span class='ocrx_word' id='word_1_400' title='bbox 1002 4460 1059 4506; x_wconf 77' lang='grc' dir='ltr'><strong><em>ιδιά</em></strong></span> <span class='ocrx_word' id='word_1_401' title='bbox 1083 4473 1135 4507; x_wconf 80' lang='lat' dir='ltr'><strong><em>cum</em></strong></span> <span class='ocrx_word' id='word_1_402' title='bbox 1154 4459 1204 4506; x_wconf 78' lang='grc' dir='ltr'><strong><em>οοδ</em></strong></span> <span class='ocrx_word' id='word_1_403' title='bbox 1223 4458 1269 4506; x_wconf 81' lang='grc' dir='ltr'><strong><em>λιιι.</em></strong></span> <span class='ocrx_word' id='word_1_404' title='bbox 1304 4454 1451 4521; x_wconf 78' lang='grc' dir='ltr'><strong><em>φερομένην</em></strong></span> 
     </span>
     <span class='ocr_line' id='line_1_41' title="bbox 284 4518 1450 4591; baseline 0.003 -18"><span class='ocrx_word' id='word_1_405' title='bbox 284 4526 322 4574; x_wconf 72' lang='lat' dir='ltr'><strong><em>nis</em></strong></span> <span class='ocrx_word' id='word_1_406' title='bbox 339 4525 470 4574; x_wconf 69' lang='grc' dir='ltr'><strong><em>δαοιιιαυιλ</em></strong></span> <span class='ocrx_word' id='word_1_407' title='bbox 499 4526 667 4588; x_wconf 64' lang='lat' dir='ltr'><strong><em>emendum</em></strong></span> <span class='ocrx_word' id='word_1_408' title='bbox 681 4518 845 4578; x_wconf 75' lang='grc' dir='ltr'><strong><em>υιδιίισαάτδ</em></strong></span> <span class='ocrx_word' id='word_1_409' title='bbox 880 4526 930 4575; x_wconf 77' lang='grc' dir='ltr'><strong><em>συθ.</em></strong></span> <span class='ocrx_word' id='word_1_410' title='bbox 945 4529 1033 4590; x_wconf 59' lang='lat' dir='ltr'><strong><em>Pam,</em></strong></span> <span class='ocrx_word' id='word_1_411' title='bbox 1049 4530 1102 4579; x_wconf 80' lang='grc' dir='ltr'><strong><em>ιεελε</em></strong></span> <span class='ocrx_word' id='word_1_412' title='bbox 1117 4528 1220 4576; x_wconf 83' lang='grc' dir='ltr'><strong><em>Ριιουίο.</em></strong></span> <span class='ocrx_word' id='word_1_413' title='bbox 1239 4523 1396 4591; x_wconf 82' lang='grc' dir='ltr'><strong><em>φερουμένην</em></strong></span> <span class='ocrx_word' id='word_1_414' title='bbox 1414 4540 1450 4577; x_wconf 76' lang='lat' dir='ltr'><strong><em>en</em></strong></span> 
     </span>
    </p>
   </div>
   <div class='ocr_carea' id='block_1_6' title="bbox 0 0 1558 5070">
    <p class='ocr_par' dir='ltr' id='par_1_7' title="bbox 0 0 1558 5070">
     <span class='ocr_line' id='line_1_42' title="bbox 0 0 1558 5070; baseline 0 0"><span class='ocrx_word' id='word_1_415' title='bbox 0 0 1558 5070; x_wconf 95' lang='lat' dir='ltr'><strong><em> </em></strong></span> 
     </span>
    </p>
   </div>
  </div>
 </body>
</html>
