3096 5070
416 260 553 314 canaan
571 260 635 311 cra.
647 260 692 312 ιιι.
709 258 792 312 roua.
803 260 824 311 t.
842 257 944 310 naeu.
956 257 1076 310 cxxvi.
1262 249 1324 315 270

164 382 310 461 lontates,
334 394 366 447 et
378 381 573 466 eogibationcs
589 379 731 457 lubricae,
756 379 832 444 etin
848 397 981 442 errorem
996 398 1106 462 pronae
1122 390 1208 460 surrt3
1232 401 1325 465 quan·

165 486 317 573 doqnidena
337 507 372 550 ea
397 494 520 548 naturae
544 481 714 546 conditione
736 501 849 546 somus.
895 478 1011 544 Natura
1036 503 1123 565 porro
1146 481 1192 544 dei
1210 492 1240 545 el
1255 481 1324 546 sub·

164 589 271 653 slantia
294 588 410 652 dieitur.
458 582 544 668 Quod
571 595 667 648 actem
693 595 827 648 naturam
847 604 883 646 ac
903 592 1057 661 naturam,
1088 593 1118 646 et
1134 583 1324 649 substantiam

164 703 250 776 atque
267 689 460 757 substantiam
482 687 635 767 audimus,
660 709 718 751 oon
739 685 806 749 idco
825 684 1082 771 incomparabilem
1106 694 1221 769 oportet
1238 686 1323 750 derum

163 815 227 858 cum
248 803 352 858 natura
373 801 475 855 nostra
498 790 648 853 conicere.
695 787 806 852 Eadem
824 799 854 859 et
874 787 981 871 ubique
999 786 1074 850 ratio
1091 796 1156 864 est,
1188 786 1323 871 quioquid

163 897 275 960 dedeo
301 895 447 958 affirmare
473 891 615 954 uolneris.
662 889 720 955 Est
742 891 819 954 enim
845 889 987 953 eiusmodi
1015 902 1047 952 ot
1070 911 1135 952 eom
1160 889 1239 952 nollo
1265 888 1323 955 alio

163 996 348 1062 commisceri
365 1006 415 1059 aot
434 993 597 1078 comparari
616 993 727 1078 possit,
753 993 914 1079 pericolum
933 992 963 1054 in
980 1012 1068 1072 sese,
1100 1012 1134 1056 ac
1154 991 1197 1054 rei
1217 991 1325 1055 nullius

163 1100 313 1182 indigens.
360 1096 414 1160 Est
441 1097 518 1159 enim
538 1115 590 1181 per
609 1116 642 1158 aa
660 1095 725 1180 ipse
744 1115 850 1158 sensus
869 1104 899 1158 et
914 1115 966 1179 per
987 1115 1020 1157 sc
1044 1093 1193 1158 volontas.
1240 1090 1325 1159 Unde
1362 1169 1366 1180 Ι

164 1199 422 1284 incomparabilem
450 1197 625 1281 urricumqoe
651 1197 739 1261 lilium
767 1197 831 1260 sine
865 1195 923 1259 ulla
948 1195 1323 1284 conrpcratioocgignena

164 1323 219 1364 nec
237 1301 399 1365 substantia
416 1301 479 1387 ipsc
492 1321 547 1363 sua
564 1300 695 1386 privatus
709 1311 767 1378 est,
792 1319 846 1363 uec
864 1298 913 1361 illc
932 1319 1018 1383 quem
1035 1320 1075 1362 ex
1090 1319 1158 1363 sese
1172 1300 1267 1363 solnm
1281 1319 1322 1363 ex

164 1403 228 1466 solo
248 1406 366 1486 genuit,
399 1423 494 1488 neque
513 1404 633 1489 spiritus
649 1413 780 1465 sanctus.
827 1398 886 1484 Qui
906 1402 992 1465 ambo
1010 1400 1117 1464 nullam
1133 1423 1199 1464 cnm
1215 1400 1323 1465 celcris

164 1506 252 1569 rebus
267 1505 415 1590 diguitatis
430 1517 566 1583 naturae,
590 1505 638 1568 vel
656 1503 777 1569 alterius
795 1503 850 1581 rei,
874 1503 1079 1588 aequalitatem
1096 1503 1214 1566 babent.
1259 1500 1324 1566 Ne·

164 1629 221 1692 que
242 1627 313 1671 vero
329 1609 518 1693 semetipsum
535 1607 680 1692 privavit,
711 1607 776 1669 sive
794 1607 997 1682 allectionem,
1028 1605 1092 1668 aive
1110 1605 1323 1689 incomparabi-

165 1710 201 1773 lis
218 1710 309 1795 ipsios
324 1709 487 1773 divinitatis
504 1709 697 1774 substantiam
713 1719 849 1792 speclea,
875 1729 929 1771 uec
947 1707 1045 1788 illios,
1070 1707 1111 1771 uti
1129 1707 1210 1787 dixi,
1234 1707 1323 1771 sobo·
1402 1765 1405 1770 .

163 1813 221 1877 lem
246 1823 368 1875 aeterno
394 1813 550 1896 splendore
575 1823 622 1876 est
646 1821 676 1875 et
696 1810 872 1895 aequalitate
892 1809 1023 1894 privata,
1056 1830 1129 1894 quae
1150 1810 1270 1895 perinde
1289 1830 1324 1872 ac

164 1914 284 1998 spiritua
306 1925 427 1979 sanctos
457 1936 522 1977 com
552 1914 631 1978 nollo
662 1913 775 1977 alicio
803 1912 1051 1997 comparationem
1081 1912 1184 1976 deduci
1212 1921 1321 1998 potest,

163 2037 238 2100 qnae
256 2027 301 2079 cst
317 2016 447 2101 perlecta
465 2015 597 2095 trinitas,
623 2017 789 2101 perlectus,
822 2014 958 2098 inquam,
991 2024 1091 2100 paler,
1124 2016 1273 2099 perlectos
1291 2015 1323 2077 fi-

164 2119 239 2196 lius,
272 2119 423 2203 perlectus
448 2118 568 2202 spiritns
592 2126 724 2182 sanctus.
772 2115 857 2200 Quae
884 2116 1000 2200 quidem
1022 2115 1137 2179 trinitas
1159 2116 1189 2179 io
1207 2137 1240 2180 sc
1264 2137 1322 2182 uuo

162 2222 296 2285 conlusio
313 2220 410 2304 aliqua
429 2231 494 2297 est,
518 2230 568 2283 aut
584 2221 613 2283 io
630 2239 663 2282 se
682 2220 745 2304 ipsa
764 2218 1015 2305 perturbationem
1031 2218 1118 2282 ollam
1137 2218 1241 2299 babet,
1272 2232 1323 2284 aot

162 2321 309 2407 quispiam
335 2323 411 2405 quod
433 2321 585 2385 inferioris
609 2320 785 2385 conditionis
802 2320 860 2400 sit,
893 2341 931 2384 nc
951 2321 975 2385 si
993 2321 1179 2384 discernatur
1200 2320 1321 2405 aliquid,

162 2423 391 2511 incomparabile
405 2423 501 2510 ipsum
519 2423 601 2487 tollat
622 2445 638 2487 c
655 2423 769 2500 medio,
802 2433 853 2487 aut
868 2424 893 2486 si
910 2423 978 2508 quid
995 2432 1203 2486 commulatum
1221 2424 1321 2502 luerit,

161 2549 229 2591 esec
252 2527 368 2591 desinat
390 2526 556 2612 privatione
580 2525 746 2605 sublatum,
777 2546 811 2588 ac
834 2526 898 2589 sola
922 2524 1106 2604 habitudine,
1139 2545 1199 2588 non
1221 2546 1261 2589 ex
1278 2525 1323 2590 rei

163 2629 305 2703 veritate,
328 2638 380 2693 aot
395 2650 469 2692 voce
485 2639 571 2692 tenos
587 2627 646 2705 sit,
670 2626 822 2712 obiterque
839 2628 1036 2704 nominatum,
1061 2647 1096 2690 ae
1112 2627 1237 2712 denique
1254 2648 1323 2691 nus·

164 2753 249 2814 quam
267 2739 368 2810 extet,
405 2731 481 2815 qnod
499 2751 588 2815 praua
606 2729 659 2793 tibi
674 2729 812 2814 opinione
831 2730 993 2814 coniugis,
1024 2751 1064 2793 ex
1085 2751 1140 2814 qua
1161 2730 1323 2815 scripturae

165 2831 239 2895 banc
262 2833 436 2895 sententiam
451 2840 471 2896 'a
487 2832 552 2896 lidci
572 2832 758 2918 professione
782 2834 942 2897 excludere
962 2842 993 2895 et
1010 2832 1179 2896 abiudicore
1201 2840 1324 2895 couleu-

164 2933 227 3011 dis,
252 2938 374 2997 Credere
388 2947 498 3016 operm
516 2939 691 2998 accedentem
706 2939 746 2996 od
761 2939 856 3009 deum,
886 2940 1016 3017 qnonrirm
1034 2947 1093 3010 est,
1118 2947 1147 2997 et
1162 2941 1477 3024 pucnencc2„„,‚1,‚12

164 3036 216 3097 darc
232 3040 321 3116 ι’ριιιιιι
344 3051 541 3101 remunerator
559 3050 613 3100 ert.
660 3037 726 3101 ilco
750 3049 847 3101 auteur
869 3039 934 3102 solo
958 3039 987 3100 in
1011 3049 1093 3122 patre
1115 3037 1239 3122 intelligi
1264 3059 1323 3102 non

165 3147 273 3222 potest.
318 3136 396 3201 Nam
422 3141 469 3224 qui
496 3140 583 3204 lilium
610 3162 669 3204 ooo
690 3140 794 3217 babet,
828 3149 910 3226 patre
934 3161 1049 3225 quoqne
1073 3162 1176 3204 carere
1199 3160 1325 3206 necesse

61 3272 63 3280 ·
164 3250 227 3317 est,
251 3249 283 3302 et
300 3240 348 3323 qui
365 3241 453 3304 lilium
475 3243 623 3321 nominat,
647 3243 713 3306 sine
735 3242 839 3324 spirito
861 3256 965 3306 sancto
989 3243 1088 3306 locere
1110 3243 1186 3307 istud
1210 3242 1322 3328 nequit.

251 3338 306 3404 tlt.
352 3340 409 3405 Est
423 3345 500 3406 enim
520 3366 553 3407 re
573 3346 636 3430 ipsa
652 3355 737 3429 pater
752 3365 842 3408 verus
859 3347 948 3423 deos,
973 3357 1004 3409 ιιι
1021 3347 1250 3424 testatoribus,
1275 3345 1324 3429 qui

166 3442 250 3506 nouit
263 3453 393 3528 patrem,
418 3456 448 3507 ct
463 3467 533 3509 vera
551 3446 604 3512 lox
621 3457 668 3511 est
685 3447 778 3524 filins,
802 3449 850 3531 qui
868 3447 1057 3532 cognoscitur
1071 3447 1259 3530 eiusdemque
1281 3456 1325 3511 te·

166 3544 305 3608 stimonio
331 3546 514 3624 declaratur,
548 3558 578 3610 et
592 3548 712 3631 spiritus
730 3550 864 3613 veritatis
882 3560 927 3613 est
946 3550 1084 3635 spiritus,
1109 3549 1157 3634 qui
1175 3570 1232 3613 nou
1253 3548 1324 3613 ulic-

168 3667 222 3709 nus
248 3657 310 3724 est,
341 3653 392 3710 red
416 3661 537 3730 epatre
552 3651 762 3730 proficiscitur,
796 3664 826 3714 et
843 3674 861 3713 ιι
871 3655 941 3733 filio
965 3657 1079 3734 accepit.
1128 3654 1225 3735 Atque
1251 3650 1331 3714 ilaec.
1353 3670 1432 3782 pppqq„

167 3748 264 3811 omrria
291 3758 368 3813 tuam
395 3751 472 3814 illam
498 3759 737 3835 argumentorum
761 3754 885 3817 labuiom
909 3755 1164 3818 circumscribunt.
1217 3752 1324 3839 Neque

167 3858 194 3920 id
214 3857 380 3920 hortatione
398 3853 454 3917 ulla
471 3853 613 3937 perlicere
629 3861 714 3935 potes
730 3864 760 3916 ut
775 3856 945 3919 Aristotelis
962 3855 1161 3942 praeceptoris
1180 3855 1219 3919 lui
1238 3855 1324 3919 disci·

167 3959 225 4046 puli
252 3978 320 4022 esse
337 3957 480 4033 uelimus,
515 3966 565 4018 aot
584 3955 779 4039 piscatorum,
811 3957 859 4040 qui
877 3957 922 4019 dei
941 3958 1046 4041 spiritu
1063 3957 1224 4020 collustrati
1242 3969 1323 4037 sont,

166 4061 328 4125 doctrinam
348 4058 531 4142 relinquere,
556 4057 758 4120 illiteratorum
778 4057 893 4142 quidem
914 4070 943 4122 et
959 4059 1092 4136 rudium,
1117 4060 1167 4122 sed
1189 4058 1324 4126 ueritatis

167 4162 356 4227 nibilominus
373 4181 562 4246 praeconum,
580 4181 638 4244 quo
655 4181 776 4224 monere
790 4160 835 4223 dci
850 4159 957 4222 virtute
974 4181 1008 4221 ac
1021 4159 1163 4224 bcoclicio
1180 4162 1323 4246 perlnncti

168 4363 435 4485 ›cpcqaqq
760 4366 858 4484 “iti
966 4425 974 4447 ‚
1055 4435 1116 4487 „aa

179 4534 181 4536 -
204 4471 243 4554 15]
261 4450 319 4558 omia
344 4452 596 4568 tduoumimcuctcr
621 4506 647 4554 in
676 4503 726 4554 cod
758 4469 837 4566 priua
866 4448 1024 4501 mmmm
1117 4470 1124 4485 ο
1152 4449 1207 4488 m
1235 4441 1257 4489 a
1285 4437 1322 4490 ‘a'
