3096 5070
600 278 922 332 anscerusnnnosts.
1279 261 1338 323 tat

189 399 378 489 origenistae
400 401 437 465 ab
456 397 589 484 Origene
611 400 660 484 qui
690 398 778 463 etiam
800 396 993 461 Adamantius
1020 393 1199 480 appellatur:
1232 389 1341 455 Paulus

190 503 422 583 Samosatensis,
445 501 624 581 Manichaei,
649 501 697 585 qui
716 511 745 564 ct
766 500 942 576 Aeuanitae,
968 497 1150 574 Hieruoitae,
1175 491 1340 571 Meletiani,

189 607 281 694 quiin
300 609 441 694 Aegypto
459 605 586 669 schisma
607 605 781 679 coullarnnt,
805 601 911 665 Amani
929 601 976 685 qni
996 611 1026 663 et
1041 596 1255 675 Afiomaaitae,
1280 596 1344 658 Au·

189 711 341 775 dianornm
363 719 462 788 secta,
494 705 681 785 Photiaiani,
712 703 916 780 Marcelliani,
947 699 1143 780 semiariani,
1165 694 1344 764 Pueumato-

188 813 296 891 mauhi,
322 811 369 896 qui
387 812 416 874 iu
433 821 566 874 sanctum
584 809 630 873 dei
647 808 780 894 spiritum
798 805 1000 870 contumeliosi
1017 814 1097 883 suut,
1121 801 1258 880 Adriani,
1283 801 1344 864 Aa·

188 914 279 994 liaui,
312 913 361 997 qni
379 924 409 975 et
426 912 588 990 Annmoei,
623 911 727 996 quibus
747 910 915 994 adiungitur
934 907 1115 985 Ennomius,
1147 902 1342 980 Dimodritae,

190 1017 239 1102 qui
267 1017 427 1101 perlectam
457 1011 568 1078 Christi
597 1012 829 1076 incarnationem
861 1010 979 1074 minime
1010 1010 1202 1084 couiitentnr',
1237 1007 1285 1091 qui
1314 1016 1345 1068 et

189 1116 422 1205 Apollinaristae
435 1117 633 1180 nominantur.
678 1113 754 1179 Tum
769 1115 816 1198 qui
832 1112 959 1177 Mariam
975 1133 1093 1196 semper
1107 1109 1248 1194 virginem
1265 1119 1344 1194 post·

191 1241 277 1304 quam
293 1221 469 1284 salvatorem
486 1219 588 1303 gennit
606 1241 670 1282 cnm
690 1216 814 1302 losepbo
837 1216 1030 1280 consuevisse
1047 1214 1163 1293 dicunt,
1189 1231 1261 1297 quos
1281 1212 1344 1274 Aa·

158 1310 169 1321 ”
192 1321 451 1385 tidicomarianitas
468 1322 664 1407 appellamus3
689 1320 757 1384 item
772 1319 819 1404 qui
836 1320 866 1382 in
883 1338 990 1382 nomen
1008 1318 1137 1380 eiusdem
1153 1313 1269 1379 Mariae
1285 1315 1345 1377 eol·

192 1423 315 1510 ipridem
333 1424 476 1504 oh'erunt,
501 1435 532 1488 et
546 1420 739 1507 Collyridiani
756 1432 918 1500 vocantur;
942 1418 1126 1498 Massaliani,
1150 1419 1185 1481 ad
1205 1437 1279 1501 qnos
1295 1417 1345 1480 ad·

192 1525 352 1611 iunguntur
366 1525 554 1613 Martyrium,
579 1547 596 1589 e
609 1525 760 1611 gentilium
777 1535 870 1602 secta,
895 1535 925 1587 ct
940 1520 1134 1607 Euphemitae
1149 1543 1183 1585 ae
1200 1519 1343 1586 Satanici.

276 1730 366 1796 Nunc
382 1731 505 1817 repetita
524 1731 711 1810 narratione,
741 1741 772 1793 et
790 1729 819 1793 in
839 1729 971 1813 singulos
988 1729 1079 1792 libros
1098 1727 1259 1792 distributis
1278 1725 1346 1790 hae·

194 1834 328 1912 resibns,
362 1833 416 1898 hoc
437 1835 466 1897 in
486 1834 568 1897 brevi
586 1831 758 1918 compendio
782 1832 956 1911 declarabo,
989 1841 1126 1916 quotnam
1145 1852 1185 1895 ex
1202 1831 1260 1894 illis
1277 1831 1347 1894 hue·

193 1937 309 2002 resibus
325 1936 354 2025 in
370 1937 467 2022 priore
484 1936 578 2015 libro,
603 1946 674 2020 quot
691 1936 720 1998 in
737 1936 867 1999 secundo
883 1957 917 1998 ac
935 1934 1022 1998 tertio
1041 1934 1262 2011 contineantur,
1286 1945 1346 1997 tum

194 2039 224 2103 iu
241 2030 362 2122 reliqd'b
382 2038 516 2102 omnibus
534 2049 698 2101 ceterorum
720 2038 858 2101 librorum
875 2037 964 2102 tumis
982 2048 1051 2121 quot
1067 2036 1223 2121 unicnique
1244 2036 1346 2101 haere·

194 2161 243 2206 ses
257 2141 414 2205 attributae
430 2152 509 2205 suut.
556 2139 667 2204 Harum
684 2141 783 2226 itaque
797 2141 925 2204 omnium
941 2139 1036 2204 series
1053 2150 1099 2203 est
1113 2139 1267 2203 eiusmodi.
1312 2137 1346 2201 lu

194 2243 288 2331 primo
312 2243 386 2307 libro
411 2242 482 2306 tomi
506 2254 567 2307 tres
593 2253 678 2322 suut,
716 2243 855 2308 haereses
873 2240 979 2307 XLV!
1003 2243 1065 2307 suis
1088 2242 1253 2306 nominibus
1277 2264 1348 2305 con·

194 2357 313 2430 ceptae:
353 2343 558 2409 barbarismus
584 2345 722 2410 videlicet
748 2367 782 2409 ae
810 2342 1013 2431 Sppthismns,
1051 2344 1267 2424 Hellenisrnus,
1301 2342 1347 2408 lu·

194 2449 324 2513 daismus
340 2471 375 2512 ac
390 2445 624 2513 Samaritismns.
670 2446 847 2512 insecundo
862 2448 935 2512 libro
951 2448 1021 2513 torni
1035 2449 1092 2512 duo
1106 2459 1185 2526 sunt,
1209 2448 1348 2511 haereses

195 2548 320 2616 XXlll.
367 2548 399 2613 lu
418 2551 504 2615 tertio
523 2550 597 2614 libro
617 2551 779 2630 tomiduo,
813 2534 953 2616 haereses
970 2548 1029 2614 ΧΙ.
1077 2549 1109 2614 ln
1132 2550 1238 2637 prioris
1252 2551 1350 2634 itaque

195 2664 275 2718 tomo
292 2652 385 2736 primo
401 2653 540 2716 haereses
557 2650 621 2716 XX
642 2665 722 2733 snut,
745 2651 963 2734 barbarismus,
988 2651 1185 2738 Scythismns,
1210 2650 1351 2716 Graecis·

195 2775 279 2834 mus,
303 2751 478 2817 ludaismus.
525 2753 707 2820 Graecorum
732 2778 821 2842 porro
847 2755 1014 2821 discrimina
1044 2757 1207 2834 istasunt,
1241 2752 1350 2838 Pytha·

196 2856 298 2942 gorei,
332 2857 395 2920 sive
419 2853 627 2943 Peripatetici,
660 2856 772 2938 Stoici,
806 2858 956 2944 Epicurei.
1004 2856 1178 2924 Samaritica
1205 2858 1348 2933 haeresis,

197 2980 271 3045 qnae
288 2979 305 3020 a
323 2957 468 3022 ludaismo
485 2959 631 3040 manavi13
664 2957 842 3026 Samaritani
866 2973 992 3046 quatuor
1005 2963 1036 3025 in
1054 2959 1155 3050 partes
1169 2961 1346 3038 tribuuntur,

198 3057 386 3140 Gorthenos,
411 3061 582 3143 Sebuaeos,
607 3061 758 3144 Essenos,
790 3062 963 3129 Dositheos.
1010 3064 1185 3130 ludaeorum
1208 3066 1348 3130 haereses

197 3174 328 3251 septem,
354 3162 494 3246 Soribae,
518 3163 689 3246 Pharisaei,
713 3164 890 3247 Sadducaei,
917 3166 1202 3255 Hemerohaptistae,
1228 3164 1348 3248 Ossaei,

197 3265 376 3344 Nassuraei,
405 3265 579 3332 [herodiani.
627 3268 659 3332 ln
683 3270 812 3333 secundo
830 3282 908 3334 tomo
932 3270 997 3334 libri
1014 3271 1098 3358 primi
1114 3271 1253 3334 haereses
1271 3267 1349 3333 xltt

198 3380 283 3447 sunt,
319 3366 501 3450 Simoniani,
535 3369 759 3452 Menandriaui,
794 3370 1003 3453 Saturniiiani,
1037 3373 1225 3451 basilidiani,
1257 3371 1351 3437 Nico·

197 3471 305 3549 laitae,
338 3468 491 3551 Gnostici,
522 3473 622 3557 quiet
647 3470 1094 3554 StratiotioiacPhihionitae,
1128 3477 1163 3540 ab
1186 3476 1252 3541 aliis
1279 3497 1351 3540 vero

198 3569 395 3650 Secundiani,
419 3574 454 3636 ab
468 3574 534 3637 aliis
552 3573 732 3654 Socratitae,
756 3577 792 3639 ab
810 3579 875 3641 aliis
893 3577 1039 3643 Zacchaei
1059 3580 1212 3643 dicuutur:
1237 3575 1352 3663 Carpu-

199 3675 338 3754 cratitae,
370 3672 571 3754 cerinthiani,
603 3678 651 3760 qui
683 3687 714 3740 et
736 3675 944 3759 Merintbiani,
985 3680 1152 3761 Nazaraei,
1193 3679 1349 3759 Ebionaei,

199 3779 363 3857 Valentini,
388 3777 580 3856 secundiani,
605 3778 709 3862 quibus
725 3781 867 3844 accedunt
881 3780 1051 3869 Epiphanes
1067 3795 1097 3847 et
1116 3782 1256 3862 isidorus,
1280 3780 1352 3846 Pto·

199 3884 316 3950 lemaei.
364 3881 398 3946 ln
426 3883 513 3946 tertio
541 3893 637 3944 autem
663 3892 742 3944 tomo
768 3880 875 3967 prioris
901 3885 966 3949 libri
994 3887 1131 3951 haereses
1152 3887 1250 3949 itidem
1275 3882 1353 3948 xttl

199 3999 284 4068 suunt,
308 3984 469 4064 Marcosii,
494 3980 679 4062 Colorhasii,
705 3982 952 4068 Heracleonitae,
976 3984 1121 4074 Ophitue,
1146 3984 1271 4068 Caiani,
1296 3984 1352 4052 Se-

200 4089 309 4168 thiani,
333 4087 524 4168 Archontici,
549 4082 747 4166 Cerdouiani,
771 4085 958 4169 Marciones,
982 4089 1191 4170 Luciauislae‚
1216 4090 1353 4177 Appella-

201 4262 273 4312 ubest.
828 4261 869 4314 23.
888 4265 962 4325 Vulso
979 4262 1101 4328 recurat

234 4329 275 4379 21.
292 4330 357 4380 btbrd
374 4331 445 4391 culpo
462 4325 589 4381 Σατιανοί.
828 4329 869 4381 24.
890 4333 962 4393 tamo
978 4329 1127 4398 Ναζαραῖοι.

234 4395 275 4446 '22
294 4392 365 4478 stirpi
381 4399 448 4447 nunu
461 4400 534 4460 Epist.
549 4399 583 4447 ud
594 4399 664 4448 Aeac.
689 4399 762 4461 Vulpo
828 4398 869 4449 25.
887 4393 1053 4468 Κολοβράσιοι
1076 4403 1187 4451 meadum
1209 4405 1299 4465 tupopr.
1321 4405 1354 4452 eal

200 4464 255 4513 libat
277 4461 375 4532 ὲαυτῳ,
397 4480 441 4526 pro
463 4480 509 4527 qno
524 4466 635 4516 Pctunins
650 4480 763 4528 reponen-
797 4467 851 4517 ede't.
869 4469 950 4517 Petuu.
969 4470 1047 4520 Coton.
1064 4474 1133 4533 repet

201 4532 259 4583 dum
275 4547 323 4584 ease
340 4535 450 4596 copituua‘t
468 4527 576 4601 ἑκάστῳ.
