<?xml version="1.0" encoding="UTF-8"?>
<!DOCTYPE html PUBLIC "-//W3C//DTD XHTML 1.0 Transitional//EN"
    "http://www.w3.org/TR/xhtml1/DTD/xhtml1-transitional.dtd">
<html xmlns="http://www.w3.org/1999/xhtml" xml:lang="en" lang="en">
 <head>
  <title>
</title>
<meta http-equiv="Content-Type" content="text/html;charset=utf-8" />
  <meta name='ocr-system' content='tesseract 3.04.00' />
  <meta name='ocr-capabilities' content='ocr_page ocr_carea ocr_par ocr_line ocrx_word'/>
</head>
<body>
  <div class='ocr_page' id='page_1' title='image "./corporishaerese00unkngoog/corporishaerese00unkngoog_0011.png"; bbox 0 0 3096 5070; ppageno 0'>
   <div class='ocr_carea' id='block_1_1' title="bbox 279 288 1136 364">
    <p class='ocr_par' dir='ltr' id='par_1_1' title="bbox 279 288 1136 364">
     <span class='ocr_line' id='line_1_1' title="bbox 279 288 1136 364; baseline 0.001 -1"><span class='ocrx_word' id='word_1_1' title='bbox 279 303 301 363; x_wconf 80' lang='lat' dir='ltr'>t</span> <span class='ocrx_word' id='word_1_2' title='bbox 681 311 1046 364; x_wconf 78' lang='lat' dir='ltr'>nia.rsnn1rr1srota</span> <span class='ocrx_word' id='word_1_3' title='bbox 1133 288 1136 292; x_wconf 68' lang='grc'><strong>’</strong></span> 
     </span>
    </p>
   </div>
   <div class='ocr_carea' id='block_1_2' title="bbox 263 429 1439 4587">
    <p class='ocr_par' dir='ltr' id='par_1_2' title="bbox 263 429 1439 1689">
     <span class='ocr_line' id='line_1_2' title="bbox 279 429 1438 500; baseline 0 -18"><span class='ocrx_word' id='word_1_4' title='bbox 279 441 393 483; x_wconf 79' lang='lat' dir='ltr'>veterum</span> <span class='ocrx_word' id='word_1_5' title='bbox 418 431 495 500; x_wconf 88' lang='lat' dir='ltr'>magis</span> <span class='ocrx_word' id='word_1_6' title='bbox 517 449 590 500; x_wconf 89' lang='lat' dir='ltr'>quam</span> <span class='ocrx_word' id='word_1_7' title='bbox 615 430 767 499; x_wconf 75' lang='lat' dir='ltr'>Epiphanius</span> <span class='ocrx_word' id='word_1_8' title='bbox 794 441 873 498; x_wconf 80' lang='lat' dir='ltr'>egeat.</span> <span class='ocrx_word' id='word_1_9' title='bbox 908 433 965 494; x_wconf 85' lang='lat' dir='ltr'>Quo</span> <span class='ocrx_word' id='word_1_10' title='bbox 990 431 1016 480; x_wconf 92' lang='lat' dir='ltr'>in</span> <span class='ocrx_word' id='word_1_11' title='bbox 1041 447 1132 498; x_wconf 78' lang='lat' dir='ltr'>genere</span> <span class='ocrx_word' id='word_1_12' title='bbox 1156 429 1285 498; x_wconf 80' lang='lat' dir='ltr'>quamvis,</span> <span class='ocrx_word' id='word_1_13' title='bbox 1316 430 1438 482; x_wconf 77' lang='lat' dir='ltr'>cornerio</span> 
     </span>
     <span class='ocr_line' id='line_1_3' title="bbox 279 515 1439 586; baseline -0.001 -18"><span class='ocrx_word' id='word_1_14' title='bbox 279 529 434 586; x_wconf 88' lang='lat' dir='ltr'>praeeunte,</span> <span class='ocrx_word' id='word_1_15' title='bbox 457 517 570 567; x_wconf 80' lang='lat' dir='ltr'>Petarius</span> <span class='ocrx_word' id='word_1_16' title='bbox 586 531 611 567; x_wconf 90' lang='lat' dir='ltr'>et</span> <span class='ocrx_word' id='word_1_17' title='bbox 629 526 687 584; x_wconf 87' lang='lat' dir='ltr'>post</span> <span class='ocrx_word' id='word_1_18' title='bbox 705 533 760 566; x_wconf 91' lang='lat' dir='ltr'>enm</span> <span class='ocrx_word' id='word_1_19' title='bbox 776 516 913 566; x_wconf 80' lang='lat' dir='ltr'>Gatakerus</span> <span class='ocrx_word' id='word_1_20' title='bbox 932 532 1025 584; x_wconf 90' lang='lat' dir='ltr'>operae</span> <span class='ocrx_word' id='word_1_21' title='bbox 1043 516 1151 583; x_wconf 89' lang='lat' dir='ltr'>pretium</span> <span class='ocrx_word' id='word_1_22' title='bbox 1170 515 1292 582; x_wconf 84' lang='lat' dir='ltr'>iecerint,</span> <span class='ocrx_word' id='word_1_23' title='bbox 1319 515 1439 568; x_wconf 85' lang='lat' dir='ltr'>immensa</span> 
     </span>
     <span class='ocr_line' id='line_1_4' title="bbox 279 600 1438 669; baseline -0.002 -16"><span class='ocrx_word' id='word_1_24' title='bbox 279 611 362 654; x_wconf 87' lang='lat' dir='ltr'>tamen</span> <span class='ocrx_word' id='word_1_25' title='bbox 382 601 583 652; x_wconf 76' lang='lat' dir='ltr'>emendationum</span> <span class='ocrx_word' id='word_1_26' title='bbox 601 602 690 651; x_wconf 87' lang='lat' dir='ltr'>messis</span> <span class='ocrx_word' id='word_1_27' title='bbox 708 600 823 652; x_wconf 81' lang='lat' dir='ltr'>iacienda</span> <span class='ocrx_word' id='word_1_28' title='bbox 841 612 894 664; x_wconf 88' lang='lat' dir='ltr'>est,</span> <span class='ocrx_word' id='word_1_29' title='bbox 920 602 1062 669; x_wconf 89' lang='lat' dir='ltr'>priusquam</span> <span class='ocrx_word' id='word_1_30' title='bbox 1083 601 1234 669; x_wconf 74' lang='lat' dir='ltr'>Epiphanius</span> <span class='ocrx_word' id='word_1_31' title='bbox 1258 601 1304 651; x_wconf 91' lang='lat' dir='ltr'>sibi</span> <span class='ocrx_word' id='word_1_32' title='bbox 1330 601 1376 668; x_wconf 92' lang='lat' dir='ltr'>ipsi</span> <span class='ocrx_word' id='word_1_33' title='bbox 1394 619 1438 651; x_wconf 93' lang='lat' dir='ltr'>re-</span> 
     </span>
     <span class='ocr_line' id='line_1_5' title="bbox 279 685 1438 754; baseline -0.003 -16"><span class='ocrx_word' id='word_1_34' title='bbox 279 686 381 738; x_wconf 84' lang='lat' dir='ltr'>stitutus</span> <span class='ocrx_word' id='word_1_35' title='bbox 399 687 475 737; x_wconf 84' lang='lat' dir='ltr'>videri</span> <span class='ocrx_word' id='word_1_36' title='bbox 495 687 581 754; x_wconf 90' lang='lat' dir='ltr'>possit.</span> <span class='ocrx_word' id='word_1_37' title='bbox 617 685 667 736; x_wconf 85' lang='lat' dir='ltr'>Sed</span> <span class='ocrx_word' id='word_1_38' title='bbox 685 685 834 736; x_wconf 90' lang='lat' dir='ltr'>emendandi</span> <span class='ocrx_word' id='word_1_39' title='bbox 853 687 980 754; x_wconf 80' lang='lat' dir='ltr'>negotium</span> <span class='ocrx_word' id='word_1_40' title='bbox 997 686 1022 735; x_wconf 90' lang='lat' dir='ltr'>in</span> <span class='ocrx_word' id='word_1_41' title='bbox 1039 685 1179 754; x_wconf 82' lang='lat' dir='ltr'>Epiphanio</span> <span class='ocrx_word' id='word_1_42' title='bbox 1197 704 1228 736; x_wconf 91' lang='lat' dir='ltr'>eo</span> <span class='ocrx_word' id='word_1_43' title='bbox 1245 696 1284 735; x_wconf 86' lang='lat' dir='ltr'>est</span> <span class='ocrx_word' id='word_1_44' title='bbox 1301 685 1438 749; x_wconf 81' lang='lat' dir='ltr'>difficilius,</span> 
     </span>
     <span class='ocr_line' id='line_1_6' title="bbox 279 770 1437 840; baseline -0.001 -20"><span class='ocrx_word' id='word_1_45' title='bbox 279 772 347 840; x_wconf 90' lang='lat' dir='ltr'>quod</span> <span class='ocrx_word' id='word_1_46' title='bbox 366 773 408 822; x_wconf 91' lang='lat' dir='ltr'>ille</span> <span class='ocrx_word' id='word_1_47' title='bbox 427 771 525 823; x_wconf 85' lang='lat' dir='ltr'>dicendi</span> <span class='ocrx_word' id='word_1_48' title='bbox 543 787 635 838; x_wconf 78' lang='lat' dir='ltr'>genere</span> <span class='ocrx_word' id='word_1_49' title='bbox 653 771 766 839; x_wconf 87' lang='lat' dir='ltr'>squalido</span> <span class='ocrx_word' id='word_1_50' title='bbox 786 789 832 821; x_wconf 91' lang='lat' dir='ltr'>nee</span> <span class='ocrx_word' id='word_1_51' title='bbox 848 772 908 821; x_wconf 88' lang='lat' dir='ltr'>satis</span> <span class='ocrx_word' id='word_1_52' title='bbox 928 773 1025 822; x_wconf 86' lang='lat' dir='ltr'>Graeco</span> <span class='ocrx_word' id='word_1_53' title='bbox 1043 790 1098 823; x_wconf 86' lang='lat' dir='ltr'>usus</span> <span class='ocrx_word' id='word_1_54' title='bbox 1117 783 1175 833; x_wconf 89' lang='lat' dir='ltr'>est,</span> <span class='ocrx_word' id='word_1_55' title='bbox 1194 782 1221 821; x_wconf 91' lang='lat' dir='ltr'>ut</span> <span class='ocrx_word' id='word_1_56' title='bbox 1238 788 1313 839; x_wconf 89' lang='lat' dir='ltr'>saepe</span> <span class='ocrx_word' id='word_1_57' title='bbox 1330 770 1437 831; x_wconf 86' lang='lat' dir='ltr'>dubites,</span> 
     </span>
     <span class='ocr_line' id='line_1_7' title="bbox 279 854 1437 925; baseline -0.001 -18"><span class='ocrx_word' id='word_1_58' title='bbox 279 856 338 925; x_wconf 86' lang='lat' dir='ltr'>quid</span> <span class='ocrx_word' id='word_1_59' title='bbox 355 857 406 920; x_wconf 90' lang='lat' dir='ltr'>illi,</span> <span class='ocrx_word' id='word_1_60' title='bbox 424 857 484 925; x_wconf 89' lang='lat' dir='ltr'>quid</span> <span class='ocrx_word' id='word_1_61' title='bbox 503 857 658 908; x_wconf 78' lang='lat' dir='ltr'>librariorum</span> <span class='ocrx_word' id='word_1_62' title='bbox 677 856 797 906; x_wconf 83' lang='lat' dir='ltr'>barbariei</span> <span class='ocrx_word' id='word_1_63' title='bbox 815 857 1000 907; x_wconf 90' lang='lat' dir='ltr'>attribuendum</span> <span class='ocrx_word' id='word_1_64' title='bbox 1017 857 1058 908; x_wconf 90' lang='lat' dir='ltr'>sit.</span> <span class='ocrx_word' id='word_1_65' title='bbox 1094 858 1147 906; x_wconf 82' lang='lat' dir='ltr'>Huc</span> <span class='ocrx_word' id='word_1_66' title='bbox 1164 855 1272 917; x_wconf 87' lang='lat' dir='ltr'>accedit,</span> <span class='ocrx_word' id='word_1_67' title='bbox 1290 855 1356 923; x_wconf 91' lang='lat' dir='ltr'>quod</span> <span class='ocrx_word' id='word_1_68' title='bbox 1373 854 1437 906; x_wconf 86' lang='lat' dir='ltr'>scri-</span> 
     </span>
     <span class='ocr_line' id='line_1_8' title="bbox 278 941 1439 1010; baseline -0.003 -18"><span class='ocrx_word' id='word_1_69' title='bbox 278 954 379 1009; x_wconf 87' lang='lat' dir='ltr'>ptores,</span> <span class='ocrx_word' id='word_1_70' title='bbox 398 959 428 992; x_wconf 91' lang='lat' dir='ltr'>ex</span> <span class='ocrx_word' id='word_1_71' title='bbox 446 943 534 1010; x_wconf 90' lang='lat' dir='ltr'>quibus</span> <span class='ocrx_word' id='word_1_72' title='bbox 552 941 594 991; x_wconf 92' lang='lat' dir='ltr'>ille</span> <span class='ocrx_word' id='word_1_73' title='bbox 612 942 710 1004; x_wconf 87' lang='lat' dir='ltr'>hausit,</span> <span class='ocrx_word' id='word_1_74' title='bbox 729 941 828 991; x_wconf 90' lang='lat' dir='ltr'>dicendi</span> <span class='ocrx_word' id='word_1_75' title='bbox 845 958 937 1008; x_wconf 88' lang='lat' dir='ltr'>genere</span> <span class='ocrx_word' id='word_1_76' title='bbox 954 943 1020 992; x_wconf 90' lang='lat' dir='ltr'>inter</span> <span class='ocrx_word' id='word_1_77' title='bbox 1036 960 1063 992; x_wconf 92' lang='lat' dir='ltr'>se</span> <span class='ocrx_word' id='word_1_78' title='bbox 1081 959 1154 1010; x_wconf 84' lang='lat' dir='ltr'>quum</span> <span class='ocrx_word' id='word_1_79' title='bbox 1171 941 1278 992; x_wconf 89' lang='lat' dir='ltr'>maxime</span> <span class='ocrx_word' id='word_1_80' title='bbox 1295 941 1439 1008; x_wconf 87' lang='lat' dir='ltr'>discrepant</span> 
     </span>
     <span class='ocr_line' id='line_1_9' title="bbox 277 1025 1439 1094; baseline -0.003 -16"><span class='ocrx_word' id='word_1_81' title='bbox 277 1038 305 1078; x_wconf 84' lang='lat' dir='ltr'>et</span> <span class='ocrx_word' id='word_1_82' title='bbox 323 1027 502 1077; x_wconf 85' lang='lat' dir='ltr'>sententiarum</span> <span class='ocrx_word' id='word_1_83' title='bbox 521 1027 672 1078; x_wconf 86' lang='lat' dir='ltr'>obscuritate</span> <span class='ocrx_word' id='word_1_84' title='bbox 689 1025 756 1077; x_wconf 90' lang='lat' dir='ltr'>haud</span> <span class='ocrx_word' id='word_1_85' title='bbox 772 1044 831 1076; x_wconf 88' lang='lat' dir='ltr'>raro</span> <span class='ocrx_word' id='word_1_86' title='bbox 847 1026 972 1078; x_wconf 88' lang='lat' dir='ltr'>laborant.</span> <span class='ocrx_word' id='word_1_87' title='bbox 1008 1027 1069 1077; x_wconf 91' lang='lat' dir='ltr'>lnde</span> <span class='ocrx_word' id='word_1_88' title='bbox 1088 1028 1196 1087; x_wconf 84' lang='lat' dir='ltr'>lactum,</span> <span class='ocrx_word' id='word_1_89' title='bbox 1215 1036 1242 1076; x_wconf 90' lang='lat' dir='ltr'>nt</span> <span class='ocrx_word' id='word_1_90' title='bbox 1259 1038 1359 1094; x_wconf 86' lang='lat' dir='ltr'>praeter</span> <span class='ocrx_word' id='word_1_91' title='bbox 1374 1025 1439 1076; x_wconf 88' lang='lat' dir='ltr'>Cor-</span> 
     </span>
     <span class='ocr_line' id='line_1_10' title="bbox 277 1111 1439 1180; baseline -0.004 -16"><span class='ocrx_word' id='word_1_92' title='bbox 277 1113 381 1174; x_wconf 91' lang='lat' dir='ltr'>narium,</span> <span class='ocrx_word' id='word_1_93' title='bbox 400 1112 529 1163; x_wconf 81' lang='lat' dir='ltr'>Patavium</span> <span class='ocrx_word' id='word_1_94' title='bbox 545 1123 572 1161; x_wconf 89' lang='lat' dir='ltr'>et</span> <span class='ocrx_word' id='word_1_95' title='bbox 582 1112 734 1164; x_wconf 79' lang='lat' dir='ltr'>Gatakerum</span> <span class='ocrx_word' id='word_1_96' title='bbox 746 1126 822 1163; x_wconf 86' lang='lat' dir='ltr'>nemo</span> <span class='ocrx_word' id='word_1_97' title='bbox 834 1111 869 1165; x_wconf 79' lang='lat' dir='ltr'>sit</span> <span class='ocrx_word' id='word_1_98' title='bbox 882 1123 1003 1178; x_wconf 87' lang='lat' dir='ltr'>repertus,</span> <span class='ocrx_word' id='word_1_99' title='bbox 1021 1111 1063 1180; x_wconf 89' lang='lat' dir='ltr'>qui</span> <span class='ocrx_word' id='word_1_100' title='bbox 1074 1112 1237 1179; x_wconf 83' lang='lat' dir='ltr'>Epiphaniam</span> <span class='ocrx_word' id='word_1_101' title='bbox 1256 1112 1378 1178; x_wconf 90' lang='lat' dir='ltr'>integrum</span> <span class='ocrx_word' id='word_1_102' title='bbox 1396 1120 1439 1160; x_wconf 90' lang='lat' dir='ltr'>aut</span> 
     </span>
     <span class='ocr_line' id='line_1_11' title="bbox 277 1193 1438 1266; baseline -0.003 -17"><span class='ocrx_word' id='word_1_103' title='bbox 277 1215 308 1249; x_wconf 92' lang='lat' dir='ltr'>ex</span> <span class='ocrx_word' id='word_1_104' title='bbox 326 1210 397 1266; x_wconf 84' lang='lat' dir='ltr'>parte</span> <span class='ocrx_word' id='word_1_105' title='bbox 415 1196 448 1247; x_wconf 88' lang='lat' dir='ltr'>de</span> <span class='ocrx_word' id='word_1_106' title='bbox 465 1196 586 1247; x_wconf 88' lang='lat' dir='ltr'>industria</span> <span class='ocrx_word' id='word_1_107' title='bbox 605 1206 740 1256; x_wconf 89' lang='lat' dir='ltr'>tractaret,</span> <span class='ocrx_word' id='word_1_108' title='bbox 770 1207 847 1264; x_wconf 89' lang='lat' dir='ltr'>utque</span> <span class='ocrx_word' id='word_1_109' title='bbox 863 1212 895 1247; x_wconf 84' lang='lat' dir='ltr'>ex</span> <span class='ocrx_word' id='word_1_110' title='bbox 911 1193 1031 1247; x_wconf 85' lang='lat' dir='ltr'>immensa</span> <span class='ocrx_word' id='word_1_111' title='bbox 1049 1195 1232 1263; x_wconf 83' lang='lat' dir='ltr'>philologorum</span> <span class='ocrx_word' id='word_1_112' title='bbox 1249 1214 1339 1263; x_wconf 85' lang='lat' dir='ltr'>grege,</span> <span class='ocrx_word' id='word_1_113' title='bbox 1363 1212 1438 1246; x_wconf 91' lang='lat' dir='ltr'>exce·</span> 
     </span>
     <span class='ocr_line' id='line_1_12' title="bbox 276 1280 1439 1352; baseline -0.003 -20"><span class='ocrx_word' id='word_1_114' title='bbox 276 1283 328 1352; x_wconf 87' lang='lat' dir='ltr'>ptis</span> <span class='ocrx_word' id='word_1_115' title='bbox 345 1282 498 1350; x_wconf 79' lang='lat' dir='ltr'>philologiae</span> <span class='ocrx_word' id='word_1_116' title='bbox 516 1282 647 1342; x_wconf 89' lang='lat' dir='ltr'>heroibus,</span> <span class='ocrx_word' id='word_1_117' title='bbox 666 1282 792 1349; x_wconf 77' lang='lat' dir='ltr'>scaligero</span> <span class='ocrx_word' id='word_1_118' title='bbox 810 1293 836 1332; x_wconf 91' lang='lat' dir='ltr'>et</span> <span class='ocrx_word' id='word_1_119' title='bbox 854 1280 1011 1342; x_wconf 65' lang='lat' dir='ltr'>casaubono,</span> <span class='ocrx_word' id='word_1_120' title='bbox 1029 1280 1167 1349; x_wconf 90' lang='lat' dir='ltr'>horamque</span> <span class='ocrx_word' id='word_1_121' title='bbox 1183 1282 1285 1332; x_wconf 86' lang='lat' dir='ltr'>aemulis</span> <span class='ocrx_word' id='word_1_122' title='bbox 1304 1281 1361 1330; x_wconf 85' lang='lat' dir='ltr'>viris</span> <span class='ocrx_word' id='word_1_123' title='bbox 1379 1298 1439 1331; x_wconf 90' lang='lat' dir='ltr'>eru·</span> 
     </span>
     <span class='ocr_line' id='line_1_13' title="bbox 277 1365 1438 1434; baseline -0.002 -16"><span class='ocrx_word' id='word_1_124' title='bbox 277 1368 354 1429; x_wconf 88' lang='lat' dir='ltr'>ditis,</span> <span class='ocrx_word' id='word_1_125' title='bbox 383 1385 458 1418; x_wconf 92' lang='lat' dir='ltr'>nemo</span> <span class='ocrx_word' id='word_1_126' title='bbox 476 1367 642 1434; x_wconf 81' lang='lat' dir='ltr'>Epiphanium</span> <span class='ocrx_word' id='word_1_127' title='bbox 661 1385 711 1418; x_wconf 91' lang='lat' dir='ltr'>nou</span> <span class='ocrx_word' id='word_1_128' title='bbox 730 1367 787 1418; x_wconf 91' lang='lat' dir='ltr'>dico</span> <span class='ocrx_word' id='word_1_129' title='bbox 810 1366 947 1417; x_wconf 76' lang='lat' dir='ltr'>accuratius</span> <span class='ocrx_word' id='word_1_130' title='bbox 964 1366 1115 1433; x_wconf 76' lang='lat' dir='ltr'>inspiceret,</span> <span class='ocrx_word' id='word_1_131' title='bbox 1144 1366 1188 1416; x_wconf 90' lang='lat' dir='ltr'>sed</span> <span class='ocrx_word' id='word_1_132' title='bbox 1207 1365 1309 1417; x_wconf 89' lang='lat' dir='ltr'>omnino</span> <span class='ocrx_word' id='word_1_133' title='bbox 1336 1365 1438 1433; x_wconf 80' lang='lat' dir='ltr'>legeret.</span> 
     </span>
     <span class='ocr_line' id='line_1_14' title="bbox 277 1451 1439 1521; baseline -0.004 -15"><span class='ocrx_word' id='word_1_134' title='bbox 277 1453 403 1521; x_wconf 88' lang='lat' dir='ltr'>Theologi</span> <span class='ocrx_word' id='word_1_135' title='bbox 421 1465 505 1505; x_wconf 89' lang='lat' dir='ltr'>autem</span> <span class='ocrx_word' id='word_1_136' title='bbox 523 1453 658 1515; x_wconf 67' lang='lat' dir='ltr'>(samsari</span> <span class='ocrx_word' id='word_1_137' title='bbox 675 1452 794 1503; x_wconf 87' lang='lat' dir='ltr'>exstitere</span> <span class='ocrx_word' id='word_1_138' title='bbox 806 1452 901 1503; x_wconf 84' lang='lat' dir='ltr'>Petarii</span> <span class='ocrx_word' id='word_1_139' title='bbox 917 1462 943 1502; x_wconf 92' lang='lat' dir='ltr'>et</span> <span class='ocrx_word' id='word_1_140' title='bbox 956 1451 1087 1517; x_wconf 82' lang='lat' dir='ltr'>Gatakeri)</span> <span class='ocrx_word' id='word_1_141' title='bbox 1105 1451 1249 1519; x_wconf 90' lang='lat' dir='ltr'>plerumque</span> <span class='ocrx_word' id='word_1_142' title='bbox 1266 1451 1325 1500; x_wconf 89' lang='lat' dir='ltr'>satis</span> <span class='ocrx_word' id='word_1_143' title='bbox 1343 1451 1439 1501; x_wconf 87' lang='lat' dir='ltr'>habue-</span> 
     </span>
     <span class='ocr_line' id='line_1_15' title="bbox 277 1535 1438 1605; baseline -0.003 -16"><span class='ocrx_word' id='word_1_144' title='bbox 277 1550 353 1599; x_wconf 89' lang='lat' dir='ltr'>runt,</span> <span class='ocrx_word' id='word_1_145' title='bbox 375 1537 510 1589; x_wconf 87' lang='lat' dir='ltr'>haeresium</span> <span class='ocrx_word' id='word_1_146' title='bbox 529 1549 556 1588; x_wconf 91' lang='lat' dir='ltr'>et</span> <span class='ocrx_word' id='word_1_147' title='bbox 570 1537 713 1605; x_wconf 84' lang='lat' dir='ltr'>dogmatum</span> <span class='ocrx_word' id='word_1_148' title='bbox 730 1537 890 1605; x_wconf 86' lang='lat' dir='ltr'>testimonia,</span> <span class='ocrx_word' id='word_1_149' title='bbox 908 1548 1031 1605; x_wconf 91' lang='lat' dir='ltr'>utcunque</span> <span class='ocrx_word' id='word_1_150' title='bbox 1049 1536 1147 1586; x_wconf 90' lang='lat' dir='ltr'>mendis</span> <span class='ocrx_word' id='word_1_151' title='bbox 1165 1536 1255 1586; x_wconf 83' lang='lat' dir='ltr'>vitiata</span> <span class='ocrx_word' id='word_1_152' title='bbox 1271 1547 1297 1586; x_wconf 94' lang='lat' dir='ltr'>et</span> <span class='ocrx_word' id='word_1_153' title='bbox 1314 1535 1379 1585; x_wconf 89' lang='lat' dir='ltr'>male</span> <span class='ocrx_word' id='word_1_154' title='bbox 1396 1536 1438 1585; x_wconf 89' lang='lat' dir='ltr'>in-</span> 
     </span>
     <span class='ocr_line' id='line_1_16' title="bbox 263 1622 613 1689; baseline -0.003 -15"><span class='ocrx_word' id='word_1_155' title='bbox 263 1623 399 1689; x_wconf 63' lang='lat' dir='ltr'>tellectu,</span> <span class='ocrx_word' id='word_1_156' title='bbox 418 1641 449 1672; x_wconf 87' lang='lat' dir='ltr'>ex</span> <span class='ocrx_word' id='word_1_157' title='bbox 467 1641 497 1673; x_wconf 91' lang='lat' dir='ltr'>eo</span> <span class='ocrx_word' id='word_1_158' title='bbox 515 1622 613 1673; x_wconf 83' lang='lat' dir='ltr'>afferre.</span> 
     </span>
    </p>

    <p class='ocr_par' dir='ltr' id='par_1_3' title="bbox 272 1705 1438 3052">
     <span class='ocr_line' id='line_1_17' title="bbox 346 1705 1438 1775; baseline -0.005 -15"><span class='ocrx_word' id='word_1_159' title='bbox 346 1710 403 1771; x_wconf 85' lang='lat' dir='ltr'>Quo</span> <span class='ocrx_word' id='word_1_160' title='bbox 421 1708 498 1775; x_wconf 90' lang='lat' dir='ltr'>magis</span> <span class='ocrx_word' id='word_1_161' title='bbox 513 1710 583 1769; x_wconf 89' lang='lat' dir='ltr'>Tua,</span> <span class='ocrx_word' id='word_1_162' title='bbox 602 1707 634 1758; x_wconf 92' lang='lat' dir='ltr'>mi</span> <span class='ocrx_word' id='word_1_163' title='bbox 653 1708 774 1769; x_wconf 90' lang='lat' dir='ltr'>Oehlere,</span> <span class='ocrx_word' id='word_1_164' title='bbox 792 1708 923 1772; x_wconf 65' lang='lat' dir='ltr'>laudanda,</span> <span class='ocrx_word' id='word_1_165' title='bbox 933 1719 972 1759; x_wconf 91' lang='lat' dir='ltr'>est</span> <span class='ocrx_word' id='word_1_166' title='bbox 986 1707 1122 1768; x_wconf 83' lang='lat' dir='ltr'>industria,</span> <span class='ocrx_word' id='word_1_167' title='bbox 1141 1707 1198 1775; x_wconf 90' lang='lat' dir='ltr'>qui,</span> <span class='ocrx_word' id='word_1_168' title='bbox 1216 1722 1268 1756; x_wconf 90' lang='lat' dir='ltr'>non</span> <span class='ocrx_word' id='word_1_169' title='bbox 1286 1705 1438 1757; x_wconf 84' lang='lat' dir='ltr'>relormidn-</span> 
     </span>
     <span class='ocr_line' id='line_1_18' title="bbox 276 1789 1437 1861; baseline -0.006 -16"><span class='ocrx_word' id='word_1_170' title='bbox 276 1792 310 1845; x_wconf 81' lang='lat' dir='ltr'>tis</span> <span class='ocrx_word' id='word_1_171' title='bbox 327 1793 375 1861; x_wconf 91' lang='lat' dir='ltr'>iis,</span> <span class='ocrx_word' id='word_1_172' title='bbox 400 1811 463 1861; x_wconf 89' lang='lat' dir='ltr'>quae</span> <span class='ocrx_word' id='word_1_173' title='bbox 482 1793 549 1854; x_wconf 83' lang='lat' dir='ltr'>dixi,</span> <span class='ocrx_word' id='word_1_174' title='bbox 577 1793 668 1844; x_wconf 87' lang='lat' dir='ltr'>criseas</span> <span class='ocrx_word' id='word_1_175' title='bbox 687 1793 871 1860; x_wconf 84' lang='lat' dir='ltr'>Epiphanianae</span> <span class='ocrx_word' id='word_1_176' title='bbox 896 1793 1098 1861; x_wconf 79' lang='lat' dir='ltr'>impedimentis,</span> <span class='ocrx_word' id='word_1_177' title='bbox 1127 1790 1159 1842; x_wconf 88' lang='lat' dir='ltr'>ad</span> <span class='ocrx_word' id='word_1_178' title='bbox 1177 1808 1232 1841; x_wconf 91' lang='lat' dir='ltr'>eam</span> <span class='ocrx_word' id='word_1_179' title='bbox 1250 1802 1276 1840; x_wconf 92' lang='lat' dir='ltr'>te</span> <span class='ocrx_word' id='word_1_180' title='bbox 1299 1789 1437 1850; x_wconf 79' lang='lat' dir='ltr'>accinxisti,</span> 
     </span>
     <span class='ocr_line' id='line_1_19' title="bbox 276 1874 1438 1946; baseline -0.003 -18"><span class='ocrx_word' id='word_1_181' title='bbox 276 1878 386 1930; x_wconf 85' lang='lat' dir='ltr'>subsidia</span> <span class='ocrx_word' id='word_1_182' title='bbox 403 1879 500 1929; x_wconf 80' lang='lat' dir='ltr'>naviter</span> <span class='ocrx_word' id='word_1_183' title='bbox 516 1877 668 1946; x_wconf 71' lang='lat' dir='ltr'>explorasti,</span> <span class='ocrx_word' id='word_1_184' title='bbox 695 1878 824 1946; x_wconf 75' lang='lat' dir='ltr'>explorata</span> <span class='ocrx_word' id='word_1_185' title='bbox 842 1880 911 1930; x_wconf 89' lang='lat' dir='ltr'>Tuos</span> <span class='ocrx_word' id='word_1_186' title='bbox 928 1879 953 1928; x_wconf 91' lang='lat' dir='ltr'>in</span> <span class='ocrx_word' id='word_1_187' title='bbox 979 1896 1034 1929; x_wconf 87' lang='lat' dir='ltr'>usus</span> <span class='ocrx_word' id='word_1_188' title='bbox 1053 1877 1208 1929; x_wconf 85' lang='lat' dir='ltr'>convertisti.</span> <span class='ocrx_word' id='word_1_189' title='bbox 1242 1876 1306 1927; x_wconf 86' lang='lat' dir='ltr'>Nam</span> <span class='ocrx_word' id='word_1_190' title='bbox 1332 1874 1438 1942; x_wconf 88' lang='lat' dir='ltr'>primum</span> 
     </span>
     <span class='ocr_line' id='line_1_20' title="bbox 274 1960 1438 2032; baseline -0.003 -19"><span class='ocrx_word' id='word_1_191' title='bbox 274 1963 375 2032; x_wconf 89' lang='lat' dir='ltr'>quidem</span> <span class='ocrx_word' id='word_1_192' title='bbox 401 1963 494 2015; x_wconf 89' lang='lat' dir='ltr'>codicis</span> <span class='ocrx_word' id='word_1_193' title='bbox 512 1964 602 2014; x_wconf 83' lang='lat' dir='ltr'>Veneti</span> <span class='ocrx_word' id='word_1_194' title='bbox 628 1979 676 2031; x_wconf 90' lang='lat' dir='ltr'>ope</span> <span class='ocrx_word' id='word_1_195' title='bbox 704 1963 765 2014; x_wconf 85' lang='lat' dir='ltr'>lolia</span> <span class='ocrx_word' id='word_1_196' title='bbox 783 1965 935 2032; x_wconf 83' lang='lat' dir='ltr'>transposita</span> <span class='ocrx_word' id='word_1_197' title='bbox 952 1981 1009 2014; x_wconf 87' lang='lat' dir='ltr'>suas</span> <span class='ocrx_word' id='word_1_198' title='bbox 1027 1962 1059 2013; x_wconf 87' lang='lat' dir='ltr'>nd</span> <span class='ocrx_word' id='word_1_199' title='bbox 1076 1961 1147 2014; x_wconf 84' lang='lat' dir='ltr'>aedes</span> <span class='ocrx_word' id='word_1_200' title='bbox 1173 1961 1312 2022; x_wconf 84' lang='lat' dir='ltr'>revocasti,</span> <span class='ocrx_word' id='word_1_201' title='bbox 1339 1960 1438 2010; x_wconf 83' lang='lat' dir='ltr'>lacunas</span> 
     </span>
     <span class='ocr_line' id='line_1_21' title="bbox 275 2043 1437 2117; baseline -0.005 -17"><span class='ocrx_word' id='word_1_202' title='bbox 275 2048 415 2117; x_wconf 78' lang='lat' dir='ltr'>explevisti.</span> <span class='ocrx_word' id='word_1_203' title='bbox 434 2049 552 2115; x_wconf 90' lang='lat' dir='ltr'>plurimus</span> <span class='ocrx_word' id='word_1_204' title='bbox 569 2049 639 2099; x_wconf 87' lang='lat' dir='ltr'>lucus</span> <span class='ocrx_word' id='word_1_205' title='bbox 657 2061 789 2117; x_wconf 90' lang='lat' dir='ltr'>corruptos</span> <span class='ocrx_word' id='word_1_206' title='bbox 807 2049 961 2117; x_wconf 69' lang='lat' dir='ltr'>personanti,</span> <span class='ocrx_word' id='word_1_207' title='bbox 979 2067 1060 2116; x_wconf 92' lang='lat' dir='ltr'>neque</span> <span class='ocrx_word' id='word_1_208' title='bbox 1079 2066 1138 2098; x_wconf 84' lang='lat' dir='ltr'>vero</span> <span class='ocrx_word' id='word_1_209' title='bbox 1156 2045 1296 2115; x_wconf 80' lang='lat' dir='ltr'>neglexisti,</span> <span class='ocrx_word' id='word_1_210' title='bbox 1315 2062 1378 2113; x_wconf 90' lang='lat' dir='ltr'>quae</span> <span class='ocrx_word' id='word_1_211' title='bbox 1395 2043 1437 2095; x_wconf 87' lang='lat' dir='ltr'>alii</span> 
     </span>
     <span class='ocr_line' id='line_1_22' title="bbox 275 2130 1437 2202; baseline -0.005 -17"><span class='ocrx_word' id='word_1_212' title='bbox 275 2133 376 2185; x_wconf 87' lang='lat' dir='ltr'>codices</span> <span class='ocrx_word' id='word_1_213' title='bbox 393 2152 468 2185; x_wconf 87' lang='lat' dir='ltr'>manu</span> <span class='ocrx_word' id='word_1_214' title='bbox 486 2133 574 2201; x_wconf 86' lang='lat' dir='ltr'>scripti</span> <span class='ocrx_word' id='word_1_215' title='bbox 591 2145 617 2184; x_wconf 90' lang='lat' dir='ltr'>et</span> <span class='ocrx_word' id='word_1_216' title='bbox 635 2133 712 2184; x_wconf 90' lang='lat' dir='ltr'>editio</span> <span class='ocrx_word' id='word_1_217' title='bbox 731 2134 846 2202; x_wconf 88' lang='lat' dir='ltr'>princeps</span> <span class='ocrx_word' id='word_1_218' title='bbox 863 2134 895 2184; x_wconf 88' lang='lat' dir='ltr'>ad</span> <span class='ocrx_word' id='word_1_219' title='bbox 913 2133 1095 2185; x_wconf 86' lang='lat' dir='ltr'>emendandum</span> <span class='ocrx_word' id='word_1_220' title='bbox 1113 2132 1278 2201; x_wconf 85' lang='lat' dir='ltr'>Epiphanium</span> <span class='ocrx_word' id='word_1_221' title='bbox 1296 2130 1437 2182; x_wconf 76' lang='lat' dir='ltr'>conferunt.</span> 
     </span>
     <span class='ocr_line' id='line_1_23' title="bbox 275 2218 1436 2287; baseline -0.005 -18"><span class='ocrx_word' id='word_1_222' title='bbox 275 2218 388 2280; x_wconf 86' lang='lat' dir='ltr'>Deinde,</span> <span class='ocrx_word' id='word_1_223' title='bbox 415 2236 480 2287; x_wconf 87' lang='lat' dir='ltr'>quae</span> <span class='ocrx_word' id='word_1_224' title='bbox 497 2218 539 2268; x_wconf 92' lang='lat' dir='ltr'>ille</span> <span class='ocrx_word' id='word_1_225' title='bbox 557 2236 587 2268; x_wconf 90' lang='lat' dir='ltr'>ex</span> <span class='ocrx_word' id='word_1_226' title='bbox 607 2220 709 2270; x_wconf 85' lang='lat' dir='ltr'>lrenaeo</span> <span class='ocrx_word' id='word_1_227' title='bbox 727 2230 753 2269; x_wconf 92' lang='lat' dir='ltr'>et</span> <span class='ocrx_word' id='word_1_228' title='bbox 778 2219 832 2269; x_wconf 89' lang='lat' dir='ltr'>aliis</span> <span class='ocrx_word' id='word_1_229' title='bbox 857 2219 1020 2287; x_wconf 83' lang='lat' dir='ltr'>scriptoribus</span> <span class='ocrx_word' id='word_1_230' title='bbox 1045 2219 1141 2279; x_wconf 85' lang='lat' dir='ltr'>hausit,</span> <span class='ocrx_word' id='word_1_231' title='bbox 1163 2218 1195 2269; x_wconf 88' lang='lat' dir='ltr'>ad</span> <span class='ocrx_word' id='word_1_232' title='bbox 1224 2218 1324 2268; x_wconf 88' lang='lat' dir='ltr'>illorum</span> <span class='ocrx_word' id='word_1_233' title='bbox 1350 2231 1436 2265; x_wconf 89' lang='lat' dir='ltr'>exem-</span> 
     </span>
     <span class='ocr_line' id='line_1_24' title="bbox 274 2297 1436 2372; baseline -0.004 -18"><span class='ocrx_word' id='word_1_234' title='bbox 274 2302 355 2372; x_wconf 85' lang='lat' dir='ltr'>plaria</span> <span class='ocrx_word' id='word_1_235' title='bbox 380 2304 500 2371; x_wconf 87' lang='lat' dir='ltr'>exegisti;</span> <span class='ocrx_word' id='word_1_236' title='bbox 527 2322 589 2372; x_wconf 89' lang='lat' dir='ltr'>quae</span> <span class='ocrx_word' id='word_1_237' title='bbox 615 2315 698 2354; x_wconf 85' lang='lat' dir='ltr'>autem</span> <span class='ocrx_word' id='word_1_238' title='bbox 724 2304 826 2355; x_wconf 86' lang='lat' dir='ltr'>Photius</span> <span class='ocrx_word' id='word_1_239' title='bbox 853 2316 879 2355; x_wconf 90' lang='lat' dir='ltr'>et</span> <span class='ocrx_word' id='word_1_240' title='bbox 904 2304 945 2354; x_wconf 85' lang='lat' dir='ltr'>alii</span> <span class='ocrx_word' id='word_1_241' title='bbox 972 2322 1001 2354; x_wconf 85' lang='lat' dir='ltr'>ex</span> <span class='ocrx_word' id='word_1_242' title='bbox 1026 2303 1129 2365; x_wconf 86' lang='lat' dir='ltr'>iisdem,</span> <span class='ocrx_word' id='word_1_243' title='bbox 1156 2304 1244 2372; x_wconf 90' lang='lat' dir='ltr'>quibus</span> <span class='ocrx_word' id='word_1_244' title='bbox 1269 2301 1326 2360; x_wconf 90' lang='lat' dir='ltr'>ille,</span> <span class='ocrx_word' id='word_1_245' title='bbox 1354 2297 1436 2351; x_wconf 85' lang='lat' dir='ltr'>ionti·</span> 
     </span>
     <span class='ocr_line' id='line_1_25' title="bbox 273 2384 1436 2457; baseline -0.004 -18"><span class='ocrx_word' id='word_1_246' title='bbox 273 2387 321 2439; x_wconf 85' lang='lat' dir='ltr'>bus</span> <span class='ocrx_word' id='word_1_247' title='bbox 344 2388 504 2451; x_wconf 79' lang='lat' dir='ltr'>derivarunt,</span> <span class='ocrx_word' id='word_1_248' title='bbox 532 2407 587 2440; x_wconf 90' lang='lat' dir='ltr'>cum</span> <span class='ocrx_word' id='word_1_249' title='bbox 612 2388 736 2457; x_wconf 86' lang='lat' dir='ltr'>excerptis</span> <span class='ocrx_word' id='word_1_250' title='bbox 762 2389 940 2457; x_wconf 87' lang='lat' dir='ltr'>Epiphanianis</span> <span class='ocrx_word' id='word_1_251' title='bbox 963 2388 1026 2439; x_wconf 91' lang='lat' dir='ltr'>scite</span> <span class='ocrx_word' id='word_1_252' title='bbox 1054 2388 1209 2456; x_wconf 83' lang='lat' dir='ltr'>comparasti</span> <span class='ocrx_word' id='word_1_253' title='bbox 1252 2394 1286 2437; x_wconf 81' lang='lat' dir='ltr'>Ac</span> <span class='ocrx_word' id='word_1_254' title='bbox 1310 2385 1331 2435; x_wconf 84' lang='lat' dir='ltr'>si</span> <span class='ocrx_word' id='word_1_255' title='bbox 1357 2384 1436 2435; x_wconf 90' lang='lat' dir='ltr'>minus</span> 
     </span>
     <span class='ocr_line' id='line_1_26' title="bbox 273 2470 1437 2543; baseline -0.003 -19"><span class='ocrx_word' id='word_1_256' title='bbox 273 2471 337 2524; x_wconf 85' lang='lat' dir='ltr'>haec</span> <span class='ocrx_word' id='word_1_257' title='bbox 363 2474 447 2525; x_wconf 86' lang='lat' dir='ltr'>omnia</span> <span class='ocrx_word' id='word_1_258' title='bbox 473 2492 528 2525; x_wconf 91' lang='lat' dir='ltr'>cum</span> <span class='ocrx_word' id='word_1_259' title='bbox 555 2474 694 2543; x_wconf 85' lang='lat' dir='ltr'>pulvisculo</span> <span class='ocrx_word' id='word_1_260' title='bbox 721 2475 862 2536; x_wconf 89' lang='lat' dir='ltr'>excussisti,</span> <span class='ocrx_word' id='word_1_261' title='bbox 900 2484 927 2525; x_wconf 89' lang='lat' dir='ltr'>at</span> <span class='ocrx_word' id='word_1_262' title='bbox 951 2475 1033 2525; x_wconf 87' lang='lat' dir='ltr'>multis</span> <span class='ocrx_word' id='word_1_263' title='bbox 1059 2484 1143 2524; x_wconf 86' lang='lat' dir='ltr'>tamen</span> <span class='ocrx_word' id='word_1_264' title='bbox 1181 2473 1292 2540; x_wconf 87' lang='lat' dir='ltr'>partibus</span> <span class='ocrx_word' id='word_1_265' title='bbox 1319 2470 1437 2539; x_wconf 87' lang='lat' dir='ltr'>scriptori</span> 
     </span>
     <span class='ocr_line' id='line_1_27' title="bbox 273 2542 1436 2628; baseline -0.004 -18"><span class='ocrx_word' id='word_1_266' title='bbox 273 2557 331 2610; x_wconf 86' lang='lat' dir='ltr'>Tuo</span> <span class='ocrx_word' id='word_1_267' title='bbox 349 2559 448 2628; x_wconf 84' lang='lat' dir='ltr'>egregie</span> <span class='ocrx_word' id='word_1_268' title='bbox 472 2560 598 2628; x_wconf 83' lang='lat' dir='ltr'>profuisti.</span> <span class='ocrx_word' id='word_1_269' title='bbox 634 2561 731 2620; x_wconf 87' lang='lat' dir='ltr'>Porro,</span> <span class='ocrx_word' id='word_1_270' title='bbox 758 2576 821 2627; x_wconf 89' lang='lat' dir='ltr'>quae</span> <span class='ocrx_word' id='word_1_271' title='bbox 839 2570 897 2627; x_wconf 90' lang='lat' dir='ltr'>post</span> <span class='ocrx_word' id='word_1_272' title='bbox 916 2542 1061 2610; x_wconf 81' lang='lat' dir='ltr'>carnarium</span> <span class='ocrx_word' id='word_1_273' title='bbox 1081 2558 1196 2609; x_wconf 85' lang='lat' dir='ltr'>Petavius</span> <span class='ocrx_word' id='word_1_274' title='bbox 1217 2570 1243 2608; x_wconf 89' lang='lat' dir='ltr'>et</span> <span class='ocrx_word' id='word_1_275' title='bbox 1263 2568 1363 2626; x_wconf 87' lang='lat' dir='ltr'>praeter</span> <span class='ocrx_word' id='word_1_276' title='bbox 1378 2555 1436 2606; x_wconf 84' lang='lat' dir='ltr'>illos</span> 
     </span>
     <span class='ocr_line' id='line_1_28' title="bbox 272 2641 1436 2712; baseline -0.003 -18"><span class='ocrx_word' id='word_1_277' title='bbox 272 2643 346 2712; x_wconf 84' lang='lat' dir='ltr'>pauci</span> <span class='ocrx_word' id='word_1_278' title='bbox 363 2644 463 2712; x_wconf 85' lang='lat' dir='ltr'>quidam</span> <span class='ocrx_word' id='word_1_279' title='bbox 481 2645 581 2712; x_wconf 88' lang='lat' dir='ltr'>ingenio</span> <span class='ocrx_word' id='word_1_280' title='bbox 600 2655 627 2695; x_wconf 89' lang='lat' dir='ltr'>et</span> <span class='ocrx_word' id='word_1_281' title='bbox 651 2643 765 2695; x_wconf 84' lang='lat' dir='ltr'>doctrina</span> <span class='ocrx_word' id='word_1_282' title='bbox 787 2644 938 2695; x_wconf 84' lang='lat' dir='ltr'>excellentes</span> <span class='ocrx_word' id='word_1_283' title='bbox 960 2644 1006 2694; x_wconf 84' lang='lat' dir='ltr'>viri</span> <span class='ocrx_word' id='word_1_284' title='bbox 1032 2643 1196 2695; x_wconf 86' lang='lat' dir='ltr'>coniectando</span> <span class='ocrx_word' id='word_1_285' title='bbox 1214 2641 1350 2711; x_wconf 88' lang='lat' dir='ltr'>periclitati</span> <span class='ocrx_word' id='word_1_286' title='bbox 1368 2649 1436 2702; x_wconf 87' lang='lat' dir='ltr'>sunt,</span> 
     </span>
     <span class='ocr_line' id='line_1_29' title="bbox 272 2727 1437 2798; baseline -0.004 -19"><span class='ocrx_word' id='word_1_287' title='bbox 272 2728 342 2780; x_wconf 82' lang='lat' dir='ltr'>Tuos</span> <span class='ocrx_word' id='word_1_288' title='bbox 360 2730 385 2780; x_wconf 91' lang='lat' dir='ltr'>in</span> <span class='ocrx_word' id='word_1_289' title='bbox 404 2747 460 2782; x_wconf 90' lang='lat' dir='ltr'>usus</span> <span class='ocrx_word' id='word_1_290' title='bbox 478 2730 566 2782; x_wconf 91' lang='lat' dir='ltr'>sedulo</span> <span class='ocrx_word' id='word_1_291' title='bbox 585 2729 737 2781; x_wconf 88' lang='lat' dir='ltr'>convertisti.</span> <span class='ocrx_word' id='word_1_292' title='bbox 774 2731 887 2798; x_wconf 85' lang='lat' dir='ltr'>Denique</span> <span class='ocrx_word' id='word_1_293' title='bbox 904 2729 958 2797; x_wconf 87' lang='lat' dir='ltr'>ipse</span> <span class='ocrx_word' id='word_1_294' title='bbox 973 2729 1043 2779; x_wconf 90' lang='lat' dir='ltr'>illam</span> <span class='ocrx_word' id='word_1_295' title='bbox 1060 2727 1208 2781; x_wconf 86' lang='lat' dir='ltr'>emendandi</span> <span class='ocrx_word' id='word_1_296' title='bbox 1226 2728 1356 2785; x_wconf 86' lang='lat' dir='ltr'>rationem,</span> <span class='ocrx_word' id='word_1_297' title='bbox 1374 2743 1437 2794; x_wconf 85' lang='lat' dir='ltr'>quae</span> 
     </span>
     <span class='ocr_line' id='line_1_30' title="bbox 273 2809 1437 2883; baseline -0.005 -18"><span class='ocrx_word' id='word_1_298' title='bbox 273 2814 418 2865; x_wconf 80' lang='lat' dir='ltr'>coniectura</span> <span class='ocrx_word' id='word_1_299' title='bbox 442 2816 602 2876; x_wconf 84' lang='lat' dir='ltr'>continetur,</span> <span class='ocrx_word' id='word_1_300' title='bbox 631 2826 748 2883; x_wconf 90' lang='lat' dir='ltr'>expertus</span> <span class='ocrx_word' id='word_1_301' title='bbox 767 2832 801 2865; x_wconf 88' lang='lat' dir='ltr'>es.</span> <span class='ocrx_word' id='word_1_302' title='bbox 845 2820 927 2882; x_wconf 82' lang='lat' dir='ltr'>Atque</span> <span class='ocrx_word' id='word_1_303' title='bbox 952 2814 1048 2865; x_wconf 86' lang='lat' dir='ltr'>etiamsi</span> <span class='ocrx_word' id='word_1_304' title='bbox 1065 2812 1191 2867; x_wconf 66' lang='lat' dir='ltr'>intudem</span> <span class='ocrx_word' id='word_1_305' title='bbox 1207 2812 1315 2863; x_wconf 79' lang='lat' dir='ltr'>l&#39;nrtasse</span> <span class='ocrx_word' id='word_1_306' title='bbox 1332 2809 1437 2862; x_wconf 88' lang='lat' dir='ltr'>calidior</span> 
     </span>
     <span class='ocr_line' id='line_1_31' title="bbox 272 2894 1437 2968; baseline -0.001 -23"><span class='ocrx_word' id='word_1_307' title='bbox 272 2895 344 2947; x_wconf 74' lang='lat' dir='ltr'>fuisti</span> <span class='ocrx_word' id='word_1_308' title='bbox 361 2897 386 2948; x_wconf 91' lang='lat' dir='ltr'>in</span> <span class='ocrx_word' id='word_1_309' title='bbox 404 2900 553 2952; x_wconf 87' lang='lat' dir='ltr'>coniecturis</span> <span class='ocrx_word' id='word_1_310' title='bbox 571 2899 596 2951; x_wconf 92' lang='lat' dir='ltr'>in</span> <span class='ocrx_word' id='word_1_311' title='bbox 615 2910 769 2963; x_wconf 81' lang='lat' dir='ltr'>contextam,</span> <span class='ocrx_word' id='word_1_312' title='bbox 787 2900 830 2968; x_wconf 94' lang='lat' dir='ltr'>qui</span> <span class='ocrx_word' id='word_1_313' title='bbox 847 2899 946 2962; x_wconf 88' lang='lat' dir='ltr'>dicitnr,</span> <span class='ocrx_word' id='word_1_314' title='bbox 964 2899 1122 2968; x_wconf 84' lang='lat' dir='ltr'>recipiendis,</span> <span class='ocrx_word' id='word_1_315' title='bbox 1138 2897 1220 2950; x_wconf 75' lang='lat' dir='ltr'>multo</span> <span class='ocrx_word' id='word_1_316' title='bbox 1237 2908 1321 2948; x_wconf 88' lang='lat' dir='ltr'>tameo</span> <span class='ocrx_word' id='word_1_317' title='bbox 1339 2894 1437 2963; x_wconf 86' lang='lat' dir='ltr'>saepius</span> 
     </span>
     <span class='ocr_line' id='line_1_32' title="bbox 273 2985 518 3052; baseline 0.012 -19"><span class='ocrx_word' id='word_1_318' title='bbox 273 2997 327 3033; x_wconf 69' lang='lat' dir='ltr'>mm</span> <span class='ocrx_word' id='word_1_319' title='bbox 342 3000 389 3034; x_wconf 88' lang='lat' dir='ltr'>acu</span> <span class='ocrx_word' id='word_1_320' title='bbox 405 2985 518 3052; x_wconf 84' lang='lat' dir='ltr'>tetigisti</span> 
     </span>
    </p>

    <p class='ocr_par' dir='ltr' id='par_1_4' title="bbox 271 3066 1437 3799">
     <span class='ocr_line' id='line_1_33' title="bbox 342 3066 1437 3138; baseline -0.001 -20"><span class='ocrx_word' id='word_1_321' title='bbox 342 3068 393 3119; x_wconf 83' lang='lat' dir='ltr'>Sed</span> <span class='ocrx_word' id='word_1_322' title='bbox 411 3079 449 3119; x_wconf 87' lang='lat' dir='ltr'>est</span> <span class='ocrx_word' id='word_1_323' title='bbox 467 3069 569 3121; x_wconf 89' lang='lat' dir='ltr'>omnino</span> <span class='ocrx_word' id='word_1_324' title='bbox 589 3070 703 3131; x_wconf 80' lang='lat' dir='ltr'>facilius,</span> <span class='ocrx_word' id='word_1_325' title='bbox 732 3070 797 3123; x_wconf 71' lang='lat' dir='ltr'>mam</span> <span class='ocrx_word' id='word_1_326' title='bbox 815 3070 846 3122; x_wconf 88' lang='lat' dir='ltr'>ab</span> <span class='ocrx_word' id='word_1_327' title='bbox 865 3069 915 3122; x_wconf 88' lang='lat' dir='ltr'>alio</span> <span class='ocrx_word' id='word_1_328' title='bbox 933 3088 979 3138; x_wconf 90' lang='lat' dir='ltr'>per</span> <span class='ocrx_word' id='word_1_329' title='bbox 994 3071 1052 3121; x_wconf 89' lang='lat' dir='ltr'>loca</span> <span class='ocrx_word' id='word_1_330' title='bbox 1069 3088 1157 3138; x_wconf 87' lang='lat' dir='ltr'>aspera</span> <span class='ocrx_word' id='word_1_331' title='bbox 1174 3078 1200 3119; x_wconf 91' lang='lat' dir='ltr'>et</span> <span class='ocrx_word' id='word_1_332' title='bbox 1218 3069 1325 3119; x_wconf 89' lang='lat' dir='ltr'>dumetis</span> <span class='ocrx_word' id='word_1_333' title='bbox 1342 3066 1437 3134; x_wconf 81' lang='lat' dir='ltr'>repleta</span> 
     </span>
     <span class='ocr_line' id='line_1_34' title="bbox 273 3148 1436 3224; baseline -0.001 -22"><span class='ocrx_word' id='word_1_334' title='bbox 273 3151 381 3219; x_wconf 89' lang='lat' dir='ltr'>primum</span> <span class='ocrx_word' id='word_1_335' title='bbox 399 3155 506 3205; x_wconf 88' lang='lat' dir='ltr'>excisam</span> <span class='ocrx_word' id='word_1_336' title='bbox 522 3155 646 3222; x_wconf 89' lang='lat' dir='ltr'>corrigere</span> <span class='ocrx_word' id='word_1_337' title='bbox 665 3167 691 3207; x_wconf 88' lang='lat' dir='ltr'>et</span> <span class='ocrx_word' id='word_1_338' title='bbox 709 3148 779 3224; x_wconf 87' lang='lat' dir='ltr'>quod</span> <span class='ocrx_word' id='word_1_339' title='bbox 792 3154 827 3209; x_wconf 79' lang='lat' dir='ltr'>sd</span> <span class='ocrx_word' id='word_1_340' title='bbox 841 3152 955 3207; x_wconf 84' lang='lat' dir='ltr'>laborem</span> <span class='ocrx_word' id='word_1_341' title='bbox 981 3154 1200 3207; x_wconf 88' lang='lat' dir='ltr'>consummandum</span> <span class='ocrx_word' id='word_1_342' title='bbox 1226 3154 1296 3204; x_wconf 86' lang='lat' dir='ltr'>deest</span> <span class='ocrx_word' id='word_1_343' title='bbox 1319 3151 1436 3213; x_wconf 86' lang='lat' dir='ltr'>adiicere,</span> 
     </span>
     <span class='ocr_line' id='line_1_35' title="bbox 272 3238 1436 3310; baseline 0.001 -23"><span class='ocrx_word' id='word_1_344' title='bbox 272 3251 347 3306; x_wconf 82' lang='lat' dir='ltr'>quam</span> <span class='ocrx_word' id='word_1_345' title='bbox 365 3239 473 3290; x_wconf 90' lang='lat' dir='ltr'>eundem</span> <span class='ocrx_word' id='word_1_346' title='bbox 494 3239 626 3307; x_wconf 86' lang='lat' dir='ltr'>suscipere.</span> <span class='ocrx_word' id='word_1_347' title='bbox 665 3242 766 3310; x_wconf 85' lang='lat' dir='ltr'>iniquus</span> <span class='ocrx_word' id='word_1_348' title='bbox 788 3249 874 3295; x_wconf 68' lang='lat' dir='ltr'>mm</span> <span class='ocrx_word' id='word_1_349' title='bbox 891 3252 918 3290; x_wconf 90' lang='lat' dir='ltr'>et</span> <span class='ocrx_word' id='word_1_350' title='bbox 934 3240 1064 3308; x_wconf 87' lang='lat' dir='ltr'>impudens</span> <span class='ocrx_word' id='word_1_351' title='bbox 1082 3241 1134 3300; x_wconf 88' lang='lat' dir='ltr'>sit,</span> <span class='ocrx_word' id='word_1_352' title='bbox 1158 3239 1199 3307; x_wconf 93' lang='lat' dir='ltr'>qui</span> <span class='ocrx_word' id='word_1_353' title='bbox 1217 3238 1346 3289; x_wconf 76' lang='lat' dir='ltr'>difficilem</span> <span class='ocrx_word' id='word_1_354' title='bbox 1371 3255 1436 3305; x_wconf 91' lang='lat' dir='ltr'>ope-</span> 
     </span>
     <span class='ocr_line' id='line_1_36' title="bbox 272 3322 1437 3394; baseline 0 -21"><span class='ocrx_word' id='word_1_355' title='bbox 272 3337 326 3373; x_wconf 70' lang='lat' dir='ltr'>ra·</span> <span class='ocrx_word' id='word_1_356' title='bbox 344 3322 464 3375; x_wconf 87' lang='lat' dir='ltr'>laudabili</span> <span class='ocrx_word' id='word_1_357' title='bbox 479 3325 563 3376; x_wconf 85' lang='lat' dir='ltr'>studio</span> <span class='ocrx_word' id='word_1_358' title='bbox 580 3336 723 3394; x_wconf 88' lang='lat' dir='ltr'>susceptam</span> <span class='ocrx_word' id='word_1_359' title='bbox 739 3324 800 3379; x_wconf 86' lang='lat' dir='ltr'>ldeo</span> <span class='ocrx_word' id='word_1_360' title='bbox 817 3324 927 3377; x_wconf 82' lang='lat' dir='ltr'>cavillari</span> <span class='ocrx_word' id='word_1_361' title='bbox 944 3326 1043 3385; x_wconf 88' lang='lat' dir='ltr'>audeat,</span> <span class='ocrx_word' id='word_1_362' title='bbox 1065 3324 1133 3394; x_wconf 91' lang='lat' dir='ltr'>qnod</span> <span class='ocrx_word' id='word_1_363' title='bbox 1150 3325 1187 3375; x_wconf 91' lang='lat' dir='ltr'>illi</span> <span class='ocrx_word' id='word_1_364' title='bbox 1203 3325 1236 3376; x_wconf 81' lang='lat' dir='ltr'>nd</span> <span class='ocrx_word' id='word_1_365' title='bbox 1254 3322 1437 3392; x_wconf 84' lang='lat' dir='ltr'>perlectionem</span> 
     </span>
     <span class='ocr_line' id='line_1_37' title="bbox 271 3405 1436 3480; baseline 0 -23"><span class='ocrx_word' id='word_1_366' title='bbox 271 3405 378 3458; x_wconf 84' lang='lat' dir='ltr'>multum</span> <span class='ocrx_word' id='word_1_367' title='bbox 395 3408 477 3460; x_wconf 89' lang='lat' dir='ltr'>adhuc</span> <span class='ocrx_word' id='word_1_368' title='bbox 493 3410 566 3460; x_wconf 87' lang='lat' dir='ltr'>desit.</span> <span class='ocrx_word' id='word_1_369' title='bbox 601 3412 690 3480; x_wconf 89' lang='lat' dir='ltr'>Neque</span> <span class='ocrx_word' id='word_1_370' title='bbox 707 3429 768 3462; x_wconf 83' lang='lat' dir='ltr'>vero</span> <span class='ocrx_word' id='word_1_371' title='bbox 786 3428 833 3478; x_wconf 89' lang='lat' dir='ltr'>ego</span> <span class='ocrx_word' id='word_1_372' title='bbox 852 3411 915 3461; x_wconf 87' lang='lat' dir='ltr'>haec</span> <span class='ocrx_word' id='word_1_373' title='bbox 931 3410 1048 3461; x_wconf 86' lang='lat' dir='ltr'>adulandi</span> <span class='ocrx_word' id='word_1_374' title='bbox 1067 3428 1138 3461; x_wconf 82' lang='lat' dir='ltr'>cansa</span> <span class='ocrx_word' id='word_1_375' title='bbox 1156 3409 1214 3463; x_wconf 89' lang='lat' dir='ltr'>Tibi</span> <span class='ocrx_word' id='word_1_376' title='bbox 1231 3409 1304 3474; x_wconf 87' lang='lat' dir='ltr'>dico,</span> <span class='ocrx_word' id='word_1_377' title='bbox 1328 3419 1371 3460; x_wconf 89' lang='lat' dir='ltr'>aut</span> <span class='ocrx_word' id='word_1_378' title='bbox 1388 3410 1436 3471; x_wconf 88' lang='lat' dir='ltr'>Ta,</span> 
     </span>
     <span class='ocr_line' id='line_1_38' title="bbox 273 3491 1436 3563; baseline 0.002 -21"><span class='ocrx_word' id='word_1_379' title='bbox 273 3491 333 3561; x_wconf 85' lang='lat' dir='ltr'>qnid</span> <span class='ocrx_word' id='word_1_380' title='bbox 351 3495 407 3546; x_wconf 85' lang='lat' dir='ltr'>Tuo</span> <span class='ocrx_word' id='word_1_381' title='bbox 424 3493 450 3544; x_wconf 90' lang='lat' dir='ltr'>in</span> <span class='ocrx_word' id='word_1_382' title='bbox 475 3494 562 3545; x_wconf 84' lang='lat' dir='ltr'>labore</span> <span class='ocrx_word' id='word_1_383' title='bbox 578 3512 693 3547; x_wconf 86' lang='lat' dir='ltr'>mancum</span> <span class='ocrx_word' id='word_1_384' title='bbox 710 3506 736 3547; x_wconf 86' lang='lat' dir='ltr'>et</span> <span class='ocrx_word' id='word_1_385' title='bbox 761 3495 937 3563; x_wconf 80' lang='lat' dir='ltr'>imperfectum</span> <span class='ocrx_word' id='word_1_386' title='bbox 955 3495 1003 3557; x_wconf 90' lang='lat' dir='ltr'>sit,</span> <span class='ocrx_word' id='word_1_387' title='bbox 1029 3495 1092 3546; x_wconf 85' lang='lat' dir='ltr'>alios</span> <span class='ocrx_word' id='word_1_388' title='bbox 1110 3494 1191 3546; x_wconf 86' lang='lat' dir='ltr'>celare</span> <span class='ocrx_word' id='word_1_389' title='bbox 1207 3494 1284 3562; x_wconf 89' lang='lat' dir='ltr'>cupis.</span> <span class='ocrx_word' id='word_1_390' title='bbox 1319 3493 1436 3562; x_wconf 81' lang='lat' dir='ltr'>Alioquin</span> 
     </span>
     <span class='ocr_line' id='line_1_39' title="bbox 272 3579 1437 3650; baseline 0.003 -23"><span class='ocrx_word' id='word_1_391' title='bbox 272 3593 354 3646; x_wconf 88' lang='lat' dir='ltr'>neque</span> <span class='ocrx_word' id='word_1_392' title='bbox 373 3580 413 3631; x_wconf 92' lang='lat' dir='ltr'>Tn</span> <span class='ocrx_word' id='word_1_393' title='bbox 430 3596 471 3631; x_wconf 91' lang='lat' dir='ltr'>me</span> <span class='ocrx_word' id='word_1_394' title='bbox 488 3579 521 3630; x_wconf 86' lang='lat' dir='ltr'>ad</span> <span class='ocrx_word' id='word_1_395' title='bbox 539 3580 666 3648; x_wconf 82' lang='lat' dir='ltr'>symbolas</span> <span class='ocrx_word' id='word_1_396' title='bbox 683 3581 709 3632; x_wconf 90' lang='lat' dir='ltr'>in</span> <span class='ocrx_word' id='word_1_397' title='bbox 728 3581 895 3650; x_wconf 83' lang='lat' dir='ltr'>Epiphaninm</span> <span class='ocrx_word' id='word_1_398' title='bbox 912 3579 1007 3631; x_wconf 86' lang='lat' dir='ltr'>dandas</span> <span class='ocrx_word' id='word_1_399' title='bbox 1023 3580 1171 3643; x_wconf 80' lang='lat' dir='ltr'>invitasses,</span> <span class='ocrx_word' id='word_1_400' title='bbox 1187 3589 1230 3631; x_wconf 91' lang='lat' dir='ltr'>aut</span> <span class='ocrx_word' id='word_1_401' title='bbox 1247 3596 1295 3647; x_wconf 89' lang='lat' dir='ltr'>ego</span> <span class='ocrx_word' id='word_1_402' title='bbox 1312 3597 1356 3643; x_wconf 91' lang='lat' dir='ltr'>ea,</span> <span class='ocrx_word' id='word_1_403' title='bbox 1373 3596 1437 3648; x_wconf 86' lang='lat' dir='ltr'>qnae</span> 
     </span>
     <span class='ocr_line' id='line_1_40' title="bbox 271 3660 1435 3735; baseline 0.002 -23"><span class='ocrx_word' id='word_1_404' title='bbox 271 3660 335 3714; x_wconf 85' lang='lat' dir='ltr'>haee</span> <span class='ocrx_word' id='word_1_405' title='bbox 358 3663 442 3716; x_wconf 89' lang='lat' dir='ltr'>studia</span> <span class='ocrx_word' id='word_1_406' title='bbox 468 3664 557 3726; x_wconf 86' lang='lat' dir='ltr'>decet,</span> <span class='ocrx_word' id='word_1_407' title='bbox 585 3665 740 3732; x_wconf 85' lang='lat' dir='ltr'>ingenuitate</span> <span class='ocrx_word' id='word_1_408' title='bbox 758 3666 783 3716; x_wconf 90' lang='lat' dir='ltr'>in</span> <span class='ocrx_word' id='word_1_409' title='bbox 809 3666 955 3735; x_wconf 88' lang='lat' dir='ltr'>supplendis</span> <span class='ocrx_word' id='word_1_410' title='bbox 972 3676 998 3716; x_wconf 89' lang='lat' dir='ltr'>et</span> <span class='ocrx_word' id='word_1_411' title='bbox 1015 3664 1168 3733; x_wconf 82' lang='lat' dir='ltr'>corrigendis</span> <span class='ocrx_word' id='word_1_412' title='bbox 1192 3664 1284 3732; x_wconf 80' lang='lat' dir='ltr'>vigiliis</span> <span class='ocrx_word' id='word_1_413' title='bbox 1301 3665 1361 3717; x_wconf 90' lang='lat' dir='ltr'>Tuis</span> <span class='ocrx_word' id='word_1_414' title='bbox 1378 3682 1435 3716; x_wconf 88' lang='lat' dir='ltr'>naus</span> 
     </span>
     <span class='ocr_line' id='line_1_41' title="bbox 273 3761 361 3799; baseline -0.011 0"><span class='ocrx_word' id='word_1_415' title='bbox 273 3761 361 3799; x_wconf 62' lang='lat' dir='ltr'>wem.</span> 
     </span>
    </p>

    <p class='ocr_par' dir='ltr' id='par_1_5' title="bbox 271 3833 1435 4587">
     <span class='ocr_line' id='line_1_42' title="bbox 340 3833 1435 3906; baseline 0 -22"><span class='ocrx_word' id='word_1_416' title='bbox 340 3833 407 3896; x_wconf 86' lang='lat' dir='ltr'>Quid</span> <span class='ocrx_word' id='word_1_417' title='bbox 424 3846 507 3888; x_wconf 84' lang='lat' dir='ltr'>autem</span> <span class='ocrx_word' id='word_1_418' title='bbox 525 3835 550 3886; x_wconf 93' lang='lat' dir='ltr'>in</span> <span class='ocrx_word' id='word_1_419' title='bbox 569 3836 689 3904; x_wconf 83' lang='lat' dir='ltr'>symbolis</span> <span class='ocrx_word' id='word_1_420' title='bbox 707 3837 769 3887; x_wconf 89' lang='lat' dir='ltr'>meis</span> <span class='ocrx_word' id='word_1_421' title='bbox 783 3836 890 3888; x_wconf 87' lang='lat' dir='ltr'>maxime</span> <span class='ocrx_word' id='word_1_422' title='bbox 902 3835 1067 3906; x_wconf 89' lang='lat' dir='ltr'>spectaverim</span> <span class='ocrx_word' id='word_1_423' title='bbox 1081 3845 1107 3886; x_wconf 92' lang='lat' dir='ltr'>et</span> <span class='ocrx_word' id='word_1_424' title='bbox 1121 3835 1208 3904; x_wconf 86' lang='lat' dir='ltr'>quibus</span> <span class='ocrx_word' id='word_1_425' title='bbox 1225 3836 1360 3888; x_wconf 87' lang='lat' dir='ltr'>instructus</span> <span class='ocrx_word' id='word_1_426' title='bbox 1373 3833 1435 3886; x_wconf 81' lang='lat' dir='ltr'>sob-</span> 
     </span>
     <span class='ocr_line' id='line_1_43' title="bbox 272 3915 1435 3991; baseline 0 -23"><span class='ocrx_word' id='word_1_427' title='bbox 272 3915 342 3969; x_wconf 90' lang='lat' dir='ltr'>sidiis</span> <span class='ocrx_word' id='word_1_428' title='bbox 365 3936 407 3971; x_wconf 92' lang='lat' dir='ltr'>eas</span> <span class='ocrx_word' id='word_1_429' title='bbox 431 3921 589 3989; x_wconf 89' lang='lat' dir='ltr'>scripserim,</span> <span class='ocrx_word' id='word_1_430' title='bbox 614 3922 680 3973; x_wconf 68' lang='lat' dir='ltr'>mdo</span> <span class='ocrx_word' id='word_1_431' title='bbox 706 3922 812 3974; x_wconf 86' lang='lat' dir='ltr'>lectores</span> <span class='ocrx_word' id='word_1_432' title='bbox 830 3941 861 3974; x_wconf 94' lang='lat' dir='ltr'>ex</span> <span class='ocrx_word' id='word_1_433' title='bbox 884 3922 914 3973; x_wconf 92' lang='lat' dir='ltr'>iis</span> <span class='ocrx_word' id='word_1_434' title='bbox 933 3941 996 3991; x_wconf 88' lang='lat' dir='ltr'>quae</span> <span class='ocrx_word' id='word_1_435' title='bbox 1022 3920 1082 3973; x_wconf 88' lang='lat' dir='ltr'>dedi</span> <span class='ocrx_word' id='word_1_436' title='bbox 1106 3938 1274 3989; x_wconf 79' lang='lat' dir='ltr'>cognoscere,</span> <span class='ocrx_word' id='word_1_437' title='bbox 1304 3936 1377 3989; x_wconf 82' lang='lat' dir='ltr'>quam</span> <span class='ocrx_word' id='word_1_438' title='bbox 1393 3917 1435 3969; x_wconf 88' lang='lat' dir='ltr'>hic</span> 
     </span>
     <span class='ocr_line' id='line_1_44' title="bbox 272 4001 1434 4077; baseline 0 -24"><span class='ocrx_word' id='word_1_439' title='bbox 272 4001 426 4055; x_wconf 82' lang='lat' dir='ltr'>ambitiosius</span> <span class='ocrx_word' id='word_1_440' title='bbox 443 4022 565 4058; x_wconf 85' lang='lat' dir='ltr'>enarrare</span> <span class='ocrx_word' id='word_1_441' title='bbox 602 4009 634 4057; x_wconf 85' lang='lat' dir='ltr'>Et</span> <span class='ocrx_word' id='word_1_442' title='bbox 660 4006 728 4058; x_wconf 87' lang='lat' dir='ltr'>istud</span> <span class='ocrx_word' id='word_1_443' title='bbox 745 4007 845 4076; x_wconf 90' lang='lat' dir='ltr'>quidem</span> <span class='ocrx_word' id='word_1_444' title='bbox 863 4019 955 4077; x_wconf 90' lang='lat' dir='ltr'>sponte</span> <span class='ocrx_word' id='word_1_445' title='bbox 973 4018 1096 4076; x_wconf 88' lang='lat' dir='ltr'>apparet,</span> <span class='ocrx_word' id='word_1_446' title='bbox 1122 4026 1163 4057; x_wconf 92' lang='lat' dir='ltr'>me</span> <span class='ocrx_word' id='word_1_447' title='bbox 1180 4026 1230 4059; x_wconf 93' lang='lat' dir='ltr'>non</span> <span class='ocrx_word' id='word_1_448' title='bbox 1247 4006 1328 4058; x_wconf 86' lang='lat' dir='ltr'>solum</span> <span class='ocrx_word' id='word_1_449' title='bbox 1346 4019 1434 4054; x_wconf 90' lang='lat' dir='ltr'>emen-</span> 
     </span>
     <span class='ocr_line' id='line_1_45' title="bbox 272 4085 1434 4161; baseline 0.003 -23"><span class='ocrx_word' id='word_1_450' title='bbox 272 4085 366 4151; x_wconf 86' lang='lat' dir='ltr'>dandi,</span> <span class='ocrx_word' id='word_1_451' title='bbox 384 4089 429 4139; x_wconf 86' lang='lat' dir='ltr'>aad</span> <span class='ocrx_word' id='word_1_452' title='bbox 447 4092 520 4142; x_wconf 58' lang='lat' dir='ltr'>marn</span> <span class='ocrx_word' id='word_1_453' title='bbox 538 4090 679 4143; x_wconf 84' lang='lat' dir='ltr'>illustrandi</span> <span class='ocrx_word' id='word_1_454' title='bbox 693 4092 826 4160; x_wconf 81' lang='lat' dir='ltr'>Epiphanii</span> <span class='ocrx_word' id='word_1_455' title='bbox 843 4111 927 4145; x_wconf 86' lang='lat' dir='ltr'>caram</span> <span class='ocrx_word' id='word_1_456' title='bbox 945 4092 1077 4154; x_wconf 85' lang='lat' dir='ltr'>habuisse,</span> <span class='ocrx_word' id='word_1_457' title='bbox 1095 4092 1163 4160; x_wconf 88' lang='lat' dir='ltr'>quod</span> <span class='ocrx_word' id='word_1_458' title='bbox 1181 4108 1284 4161; x_wconf 85' lang='lat' dir='ltr'>pensum</span> <span class='ocrx_word' id='word_1_459' title='bbox 1295 4091 1334 4140; x_wconf 88' lang='lat' dir='ltr'>Tu</span> <span class='ocrx_word' id='word_1_460' title='bbox 1349 4107 1364 4140; x_wconf 92' lang='lat' dir='ltr'>a</span> <span class='ocrx_word' id='word_1_461' title='bbox 1377 4089 1434 4141; x_wconf 86' lang='lat' dir='ltr'>Tuo</span> 
     </span>
     <span class='ocr_line' id='line_1_46' title="bbox 271 4171 1434 4245; baseline 0.001 -20"><span class='ocrx_word' id='word_1_462' title='bbox 271 4171 358 4225; x_wconf 73' lang='lat' dir='ltr'>labore</span> <span class='ocrx_word' id='word_1_463' title='bbox 376 4172 431 4224; x_wconf 82' lang='lat' dir='ltr'>l&#39;ere</span> <span class='ocrx_word' id='word_1_464' title='bbox 448 4176 579 4227; x_wconf 83' lang='lat' dir='ltr'>exclusisti</span> <span class='ocrx_word' id='word_1_465' title='bbox 615 4176 679 4228; x_wconf 91' lang='lat' dir='ltr'>lllud</span> <span class='ocrx_word' id='word_1_466' title='bbox 699 4195 760 4229; x_wconf 85' lang='lat' dir='ltr'>vero</span> <span class='ocrx_word' id='word_1_467' title='bbox 777 4178 826 4229; x_wconf 88' lang='lat' dir='ltr'>hoe</span> <span class='ocrx_word' id='word_1_468' title='bbox 842 4177 900 4230; x_wconf 90' lang='lat' dir='ltr'>loco</span> <span class='ocrx_word' id='word_1_469' title='bbox 916 4189 1000 4228; x_wconf 89' lang='lat' dir='ltr'>tacere</span> <span class='ocrx_word' id='word_1_470' title='bbox 1016 4177 1085 4237; x_wconf 91' lang='lat' dir='ltr'>nolo,</span> <span class='ocrx_word' id='word_1_471' title='bbox 1103 4178 1222 4245; x_wconf 89' lang='lat' dir='ltr'>plurimas</span> <span class='ocrx_word' id='word_1_472' title='bbox 1236 4174 1434 4238; x_wconf 88' lang='lat' dir='ltr'>emendationes,</span> 
     </span>
     <span class='ocr_line' id='line_1_47' title="bbox 271 4257 1430 4331; baseline 0 -21"><span class='ocrx_word' id='word_1_473' title='bbox 271 4274 345 4310; x_wconf 86' lang='lat' dir='ltr'>ame</span> <span class='ocrx_word' id='word_1_474' title='bbox 363 4258 442 4311; x_wconf 70' lang='lat' dir='ltr'>lamas</span> <span class='ocrx_word' id='word_1_475' title='bbox 459 4260 485 4309; x_wconf 90' lang='lat' dir='ltr'>in</span> <span class='ocrx_word' id='word_1_476' title='bbox 503 4262 650 4330; x_wconf 87' lang='lat' dir='ltr'>Methodio,</span> <span class='ocrx_word' id='word_1_477' title='bbox 681 4281 695 4314; x_wconf 88' lang='lat' dir='ltr'>e</span> <span class='ocrx_word' id='word_1_478' title='bbox 714 4263 783 4314; x_wconf 88' lang='lat' dir='ltr'>cuins</span> <span class='ocrx_word' id='word_1_479' title='bbox 807 4263 904 4331; x_wconf 86' lang='lat' dir='ltr'>scripto</span> <span class='ocrx_word' id='word_1_480' title='bbox 926 4261 984 4327; x_wconf 79' lang='grc' dir='ltr'>περὶ</span> <span class='ocrx_word' id='word_1_481' title='bbox 1001 4257 1166 4323; x_wconf 80' lang='grc' dir='ltr'>ἀναστάσεως</span> <span class='ocrx_word' id='word_1_482' title='bbox 1186 4259 1336 4329; x_wconf 77' lang='lat' dir='ltr'>Epiphanius</span> <span class='ocrx_word' id='word_1_483' title='bbox 1361 4260 1430 4329; x_wconf 85' lang='lat' dir='ltr'>larga</span> 
     </span>
     <span class='ocr_line' id='line_1_48' title="bbox 272 4345 1431 4417; baseline 0.003 -23"><span class='ocrx_word' id='word_1_484' title='bbox 272 4345 408 4412; x_wconf 86' lang='lat' dir='ltr'>specimina</span> <span class='ocrx_word' id='word_1_485' title='bbox 433 4355 551 4413; x_wconf 86' lang='lat' dir='ltr'>tanquam</span> <span class='ocrx_word' id='word_1_486' title='bbox 568 4363 676 4414; x_wconf 78' lang='lat' dir='ltr'>pannum</span> <span class='ocrx_word' id='word_1_487' title='bbox 694 4366 753 4401; x_wconf 85' lang='lat' dir='ltr'>rere</span> <span class='ocrx_word' id='word_1_488' title='bbox 780 4363 931 4417; x_wconf 87' lang='lat' dir='ltr'>purpureum</span> <span class='ocrx_word' id='word_1_489' title='bbox 959 4347 1059 4399; x_wconf 89' lang='lat' dir='ltr'>centuni</span> <span class='ocrx_word' id='word_1_490' title='bbox 1076 4365 1121 4399; x_wconf 90' lang='lat' dir='ltr'>suo</span> <span class='ocrx_word' id='word_1_491' title='bbox 1140 4345 1232 4408; x_wconf 88' lang='lat' dir='ltr'>assuit,</span> <span class='ocrx_word' id='word_1_492' title='bbox 1251 4345 1431 4414; x_wconf 74' lang='lat' dir='ltr'>prepediente</span> 
     </span>
     <span class='ocr_line' id='line_1_49' title="bbox 272 4430 1433 4502; baseline 0.004 -23"><span class='ocrx_word' id='word_1_493' title='bbox 272 4445 313 4481; x_wconf 90' lang='lat' dir='ltr'>me</span> <span class='ocrx_word' id='word_1_494' title='bbox 330 4430 502 4482; x_wconf 84' lang='lat' dir='ltr'>confirmatum</span> <span class='ocrx_word' id='word_1_495' title='bbox 520 4441 546 4481; x_wconf 88' lang='lat' dir='ltr'>et</span> <span class='ocrx_word' id='word_1_496' title='bbox 563 4431 713 4485; x_wconf 87' lang='lat' dir='ltr'>illustratum</span> <span class='ocrx_word' id='word_1_497' title='bbox 729 4433 760 4484; x_wconf 88' lang='lat' dir='ltr'>iri</span> <span class='ocrx_word' id='word_1_498' title='bbox 776 4431 802 4483; x_wconf 93' lang='lat' dir='ltr'>in</span> <span class='ocrx_word' id='word_1_499' title='bbox 816 4435 932 4484; x_wconf 77' lang='lat' dir='ltr'>Mslbodlo</span> <span class='ocrx_word' id='word_1_500' title='bbox 941 4436 1113 4498; x_wconf 77' lang='lat' dir='ltr'>Plutonitunte,</span> <span class='ocrx_word' id='word_1_501' title='bbox 1130 4449 1160 4482; x_wconf 87' lang='lat' dir='ltr'>ex</span> <span class='ocrx_word' id='word_1_502' title='bbox 1177 4449 1306 4500; x_wconf 86' lang='lat' dir='ltr'>quoquae</span> <span class='ocrx_word' id='word_1_503' title='bbox 1324 4432 1356 4483; x_wconf 89' lang='lat' dir='ltr'>ad</span> <span class='ocrx_word' id='word_1_504' title='bbox 1370 4432 1433 4502; x_wconf 83' lang='lat' dir='ltr'>Epi-</span> 
     </span>
     <span class='ocr_line' id='line_1_50' title="bbox 272 4514 1433 4587; baseline 0.003 -19"><span class='ocrx_word' id='word_1_505' title='bbox 272 4514 392 4582; x_wconf 79' lang='lat' dir='ltr'>phaniam</span> <span class='ocrx_word' id='word_1_506' title='bbox 407 4515 590 4570; x_wconf 87' lang='lat' dir='ltr'>emendandum</span> <span class='ocrx_word' id='word_1_507' title='bbox 605 4519 731 4587; x_wconf 86' lang='lat' dir='ltr'>pertinent</span> <span class='ocrx_word' id='word_1_508' title='bbox 746 4516 847 4571; x_wconf 87' lang='lat' dir='ltr'>nonnisi</span> <span class='ocrx_word' id='word_1_509' title='bbox 863 4519 1004 4572; x_wconf 87' lang='lat' dir='ltr'>summatim</span> <span class='ocrx_word' id='word_1_510' title='bbox 1020 4517 1138 4580; x_wconf 85' lang='lat' dir='ltr'>delibari,</span> <span class='ocrx_word' id='word_1_511' title='bbox 1155 4532 1188 4569; x_wconf 87' lang='lat' dir='ltr'>ne</span> <span class='ocrx_word' id='word_1_512' title='bbox 1204 4533 1260 4569; x_wconf 86' lang='lat' dir='ltr'>mea</span> <span class='ocrx_word' id='word_1_513' title='bbox 1275 4516 1351 4587; x_wconf 86' lang='lat' dir='ltr'>ipsius</span> <span class='ocrx_word' id='word_1_514' title='bbox 1368 4516 1433 4571; x_wconf 79' lang='lat' dir='ltr'>scri-</span> 
     </span>
    </p>
   </div>
   <div class='ocr_carea' id='block_1_3' title="bbox 0 0 1552 5070">
    <p class='ocr_par' dir='ltr' id='par_1_6' title="bbox 0 0 1552 5070">
     <span class='ocr_line' id='line_1_51' title="bbox 0 0 1552 5070; baseline 0 2"><span class='ocrx_word' id='word_1_515' title='bbox 0 0 1552 5070; x_wconf 95' lang='lat' dir='ltr'> </span> 
     </span>
    </p>
   </div>
  </div>
 </body>
</html>
