3066 5078
292 245 352 309 168
714 250 837 304 δΔΝῦΤί
854 250 1024 302 ΕΡΙΡΗΑΝΙΙ

291 376 342 440 καί
361 369 448 458 ἇγίου
462 370 630 451 πνεύματος
643 366 809 455 γράφοντες
827 365 901 433 ιιατύ
917 366 949 433 τό
967 363 1153 453 βραχύτατον
1167 364 1254 450 ἦμοῦν
1268 373 1323 450 τῆς
1337 363 1454 451 μετριό-

293 502 381 560 τητος
400 473 622 560 ἐξηγησόμεθα,
652 473 704 537 καί
723 473 755 536 ἐκ
771 475 831 535 τῶν
848 473 1081 557 προρρηθέντων
1095 471 1303 557 παρεθέμεθα.
1338 464 1407 534 Ἔτι
1423 469 1457 534 δέ

295 583 488 661 ἐπιμενοῦμεν
504 579 546 651 είς
564 573 703 639 σύστασιν
724 580 779 657 τῆς
795 575 908 639 ἐαυτοῦν
925 580 1002 657 ζωῆς
1021 569 1149 656 εύσεβιῦς
1166 576 1330 659 μαρτυρίας
1346 575 1457 659 φίρον.

295 708 358 761 τες,
387 681 438 745 καί
458 681 487 756 ἐξ
505 675 603 762 όρθοῦ
624 683 767 763 λογισμοῦ
791 672 919 759 εύσεβοῦς
943 677 1010 760 περί
1032 673 1174 759 θεότητος
1193 671 1453 758 διαλαμβάνοντες.

286 784 356 849 Ὅτι
374 782 428 865 μίν
442 781 499 867 γοὶρ
519 782 551 846 ἐν
567 789 630 854 τοῖς
649 776 727 864 ’πρό
745 777 853 845 τούτου
870 776 1031 862 ἀπεδείχθη
1051 777 1100 844 διδ
1119 784 1233 844 πολλῶν
1251 784 1416 864 μαρτυριῶν
1432 775 1453 844 ό

297 882 459 972 μονογενὴς
474 881 672 968 συμπράττων
688 889 729 969 τῷ
745 883 846 966 πατρί,
868 882 920 946 καὶ
933 880 969 946 τύ
986 884 1035 946 ίσα
1051 883 1083 946 ἐν
1099 878 1191 947 ύπασι
1206 888 1321 947 τελειοῦν
1333 882 1383 946 ταί
1397 907 1447 964 γα·

298 988 462 1075 ριζόμενος,
492 983 534 1062 οἷς
557 988 587 1062 ἐξ
612 981 704 1050 αύτοῦ
728 982 784 1063 οῦν,
813 986 864 1050 καί
889 981 945 1050 ούιι
964 980 1080 1060 ’ύλλοῑος
1099 981 1181 1069 παρδ
1200 983 1255 1066 τήν
1274 990 1325 1050 τοῦ
1337 980 1446 1067 πατρός

298 1090 427 1173 δύναμιν
449 1090 501 1153 καί
516 1089 662 1170 θεότητα,
692 1083 762 1151 ἇλλύ
788 1084 949 1169 όμοούσιος
969 1091 1066 1170 πατρί.
1114 1084 1159 1151 Ού
1183 1085 1278 1169 μόνον
1295 1088 1326 1152 δέ
1342 1083 1360 1153 ό
1375 1084 1447 1164 υίδς,

299 1191 369 1259 οίλλύ
393 1194 443 1259 καὶ
467 1189 499 1257 τό
526 1188 613 1275 ἅγιον
634 1196 752 1273 πνεῦμα
774 1190 964 1274 συμπράττον
989 1193 1047 1278 υίῷ
1070 1191 1121 1254 καὶ
1143 1191 1246 1275 πατρί,
1278 1190 1328 1255 ιιοιί
1350 1186 1385 1254 τύ
1403 1192 1453 1253 ίσα

301 1294 509 1382 ἐργαζόμενον,
539 1290 729 1379 δωρούμενον
749 1316 779 1356 τε
805 1295 856 1357 ταί
880 1291 1068 1375 χαριζόμενον
1095 1289 1136 1367 ιός
1159 1290 1312 1375 βούλεται,
1345 1288 1387 1368 οἷς
1406 1294 1458 1356 παλ

300 1396 373 1464 αύτό
391 1396 484 1472 ὄντας
501 1398 535 1461 ἐτι
551 1403 628 1460 θεοῦ
644 1393 689 1474 δν,
711 1397 762 1459 καί
776 1392 832 1461 ούιι
848 1394 1001 1480 ἆλλότριον
1016 1393 1128 1480 πατρός
1143 1397 1195 1459 καὶ
1208 1397 1290 1473 νίοῦ,
1311 1391 1374 1460 ἄλλ’
1390 1391 1462 1476 όμο-

301 1501 405 1568 ούσιον
419 1500 507 1582 πατρί
524 1500 575 1562 καί
591 1501 647 1586 υίρῦ
655 1548 663 1576 ,
693 1503 782 1562 παντί
805 1524 845 1586 τῳ
861 1500 953 1579 σαφὲς
970 1495 1045 1563 ιιοιτοί
1061 1501 1159 1562 ποίντα
1177 1499 1210 1563 ἐκ
1230 1504 1291 1562 τοῖν
1311 1495 1465 1562 τοσούτων

303 1609 473 1688 μαρτυριῶν
495 1599 657 1683 ἀπεδείχθη
675 1625 705 1664 τε
722 1602 772 1665 καί
790 1596 1043 1683 ύποδειγθύσεται.
1089 1606 1157 1665 Νῦν
1176 1600 1208 1665 δέ
1224 1598 1276 1664 διδ
1292 1597 1366 1675 τούς
1383 1596 1465 1664 όντι-

304 1707 416 1780 θίτους
429 1705 478 1769 καί
494 1701 621 1787 ἐχθρούς
633 1710 686 1768 τοῦ
703 1700 790 1789 ύγίου
806 1702 973 1785 πνεύματος
989 1705 1075 1786 ’περὶ
1092 1706 1187 1784 μόνου
1200 1710 1254 1767 τοῦ
1272 1699 1361 1788 ύγίου
1374 1700 1468 1766 πνεύ-

306 1833 398 1891 ματος
412 1805 449 1871 τύ
465 1803 571 1889 εὐσεβῆ
585 1813 639 1870 τοῦ
654 1804 754 1888 όρθοῦ
768 1813 909 1891 λογισμοῦ
925 1808 974 1870 καί
991 1804 1027 1871 τοί
1041 1805 1100 1871 ύπό
1115 1811 1287 1890 μαρτυριῶν
1299 1812 1355 1887 τῆς
1371 1802 1469 1887 αύτῆς

306 1915 393 1985 θείας
419 1916 539 1994 γραφῆς
560 1906 768 1993 διηγησάμενοι
786 1911 999 1992 περισσοτέρως
1019 1917 1105 1984 ’ταῖς
1126 1907 1271 1993 πρότερον
1287 1905 1468 1992 παραθησό-

307 2023 387 2096 μεθα
403 2015 594 2095 μαρτυρίαις,
617 2007 793 2086 ύκολούθως
808 2019 843 2100 τῇ
861 2013 929 2093 περὶ
951 2009 1037 2097 ύγίου
1057 2010 1222 2094 πνεύματος
1238 2009 1370 2100 όληθινῇ
1386 2009 1468 2076 εῦσε·

308 2119 383 2202 βείγ.
425 2111 478 2188 Ὡς
504 2115 559 2194 ἔχει
580 2110 663 2199 4γοίρ
687 2116 736 2178 καὶ
762 2116 822 2179 ἔστι
846 2121 962 2196 πνεῦμα
983 2113 1069 2198 όίγιον
1092 2113 1229 2197 ίὲνικόν,
1260 2111 1321 2179 ύπδ
1344 2114 1468 2179 πόντων

308 2218 587 2301 προςιιυυούμενον,
616 2223 706 2281 πᾶσιν
733 2215 921 2299 ἐπιπόθητοι*
942 2226 1004 2292 τοῖς
1023 2222 1159 2300 ιιτίσμασί
1175 2242 1205 2281 τε
1221 2218 1273 2281 καί
1291 2214 1461 2298 ποιήμασιν,

310 2318 408 2385 ούδενλ
440 2316 641 2399 ἐξισούμενον,
671 2318 728 2384 οὖν
749 2315 874 2407 οίγγέλῳ,
897 2317 933 2385 ού
963 2319 1106 2402 πνεύματι
1138 2322 1243 2408 ἑτέρῳ,
1277 2317 1337 2383 ἀλλ’
1359 2314 1458 2383 ἔνατόν.

307 2419 430 2502 Ἐπειδὴ
447 2418 502 2504 γύρ
517 2422 566 2484 καί
578 2420 670 2486 πολλοὶ
685 2421 836 2504 πνεύματοί
850 2425 920 2502 ἐστι,
931 2430 1019 2489 τοῦτο
1034 2425 1066 2488 δέ
1080 2422 1230 2488 ἄνοι’τατον
1242 2419 1365 2487 πόντιον
1375 2443 1461 2485 πνεν-

312 2523 423 2607 μύτιον,
447 2519 488 2597 οἷς
504 2521 539 2587 δν
552 2521 598 2587 σἰεί
611 2526 644 2589 ἐκ
659 2522 781 2608 πατρός,
804 2529 854 2589 ταὶ
870 2524 911 2609 μή
928 2524 989 2591 ύπό
1003 2533 1063 2590 τῶν
1076 2523 1170 2591 ἄλλων
1182 2531 1242 2590 τῶν
1257 2527 1287 2602 ἐξ
1302 2524 1361 2590 οῦν
1373 2520 1463 2589 ὄντων

316 2627 506 2712 θγενομένων
523 2622 566 2689 όν.
612 2624 712 2691 Πολλοί
735 2626 790 2712 γόρ
807 2630 866 2693 ἐστι
882 2628 1049 2711 πνεύματα,
1079 2632 1115 2693 ἓν
1137 2627 1168 2692 δέ
1183 2625 1216 2693 τό
1235 2627 1325 2713 δίγιον
1341 2633 1467 2707 πνεῦμα,

314 2727 411 2812 όίςπερ
430 2724 473 2803 είς
488 2723 577 2806 θεός,
600 2730 650 2793 καὶ
669 2725 711 2804 είς
724 2728 888 2816 μονογενὴς
902 2730 968 2808 υίός
981 2738 1036 2796 τοῦ
1053 2737 1136 2795 θεοῦ.
1183 2728 1271 2794 Οῦτοο
1286 2731 1338 2795 καλ
1354 2735 1471 2811 πνεῦμα

314 2830 400 2916 ύγιον
416 2837 508 2907 θεοῦ,
537 2828 597 2896 dno*
617 2832 649 2896 δὲ
668 2838 743 2898 θεοῦ
759 2836 808 2898 καί
831 2835 861 2898 ἐν
876 2840 949 2921 θεῷ.
989 2831 1077 2898 Ἀλλοί
1094 2829 1139 2898 ’ό
1157 2833 1209 2915 μὲν
1226 2829 1392 2917 μονογενὴς
1408 2830 1473 2906 υίός

315 2931 537 3014 ιἰιιατύληπτος,
567 2931 600 2998 τό
616 2935 648 2998 δέ
663 2943 778 3018 πνεῦμα
793 2934 1014 3018 ύκατύληπτον,
1037 2938 1069 3002 ἐκ
1086 2942 1162 3000 θεοῦ
1179 2935 1225 3012 δέ,
1247 2937 1297 2999 καί
1311 2934 1370 3001 ούιι
1388 2932 1474 3000 ἄλλο’-

315 3061 396 3117 τριον
414 3033 528 3120 πατρός
547 3039 596 3100 καί
613 3040 689 3103 νίοῦ.
737 3036 781 3103 Ού
798 3045 968 3129 7συναλιιγῇ
984 3042 1016 3103 δέ
1033 3041 1092 3103 ἐστι
1108 3040 1197 3122 πατρί
1214 3043 1263 3102 καὶ
1280 3041 1345 3125 υίρῦ.
1390 3034 1475 3101 'Ani

315 3136 399 3219 τριύς
420 3137 466 3201 σἰεὶ
491 3130 567 3202 ούσα
588 3147 638 3221 τῆς
663 3139 755 3224 αὐτῆς
779 3140 897 3219 οὐσίας,
930 3140 982 3224 ούγ
998 3143 1097 3225 ἑτέρας
1113 3140 1216 3216 οῦσίας
1233 3138 1314 3223 παρύ
1330 3138 1387 3224 τίγν
1404 3136 1474 3205 θεό-

315 3266 404 3322 τητα,
427 3236 480 3322 ούχ
494 3242 576 3324 ἕτίρα
592 3242 701 3325 θεότης
717 3244 798 3327 παρᾶ
817 3243 871 3326 την
890 3244 1011 3323 ούσίαν,
1036 3240 1132 3307 9ύλλδι
1151 3242 1351 3324 αύτοθεύτης,
1375 3244 1427 3307 ιιαί
1441 3243 1474 3307 ἐτι

316 3348 370 3423 τῆς
383 3341 476 3423 αὐτῆς
490 3342 634 3427 θεότητος
657 3345 722 3421 υἱός
746 3349 796 3410 καί
812 3346 844 3413 τό
864 3344 951 3431 ἅγιον
976 3355 1099 3429 πνεῦμα.
1145 3347 1206 3410 Καὶ
1225 3344 1257 3410 τό
1281 3346 1335 3426 μὲν
1355 3351 1476 3426 πνεῦμα

317 3451 434 3526 πνεῦμα
448 3444 542 3530 όίγιον,
565 3444 583 3512 ό
598 3448 629 3511 δέ
643 3447 708 3523 υίός
722 3449 795 3525 υίός.
844 3449 883 3515 Τό
899 3451 930 3514 δέ
945 3458 1061 3530 πνεῦμα
1083 3446 1164 3532 πυρύ
1181 3446 1293 3533 πατρός
1314 3445 1476 3527 ἐκπορευό

189 3583 241 3628 pag.
253 3573 298 3618 σοι.
317 3573 405 3630 μενον
420 3551 471 3612 καί
484 3555 537 3614 τοῦ
551 3552 619 3614 υίοῦ
635 3553 801 3632 λομβύνον,
824 3555 951 3637 ἐρευνῶν
967 3550 1003 3616 τό
1018 3552 1101 3634 βύθη
1118 3558 1170 3617 τοῦ
1187 3558 1274 3629 θεοῦ,
1297 3549 1478 3636 ύναγγίλλον

216 3702 220 3713 ,
317 3648 353 3714 τύ
372 3654 442 3716 νίοῦ
466 3653 496 3715 ἐν
511 3650 629 3741 κόσμῳ,
661 3651 796 3738 ύγιύζον,
820 3654 923 3740 ύγίους
945 3662 1095 3720 Ιοποιοῦν
1112 3652 1161 3720 διό
1178 3661 1233 3736 τῆς
1250 3651 1383 3738 τριόδος·
1417 3655 1476 3735 τρί-

318 3780 370 3817 τον
393 3761 430 3842 τη
453 3751 596 3843 όνομασίρι
624 3757 738 3841 (ἐπειδὴ
758 3757 780 3842 ἦ
800 3758 882 3840 τριύς
904 3761 963 3824 ἐστι
986 3756 1100 3842 πατὴρ,
1130 3759 1181 3821 καὶ
1203 3754 1284 3834 υίός,
1316 3755 1365 3819 ιιαδ
1392 3752 1479 3839 όγιον

319 3862 452 3938 πνεῦμα,
474 3853 668 3935 Ἀπελθόντες
685 3859 750 3946 γόρ,
774 3865 858 3945 φησί,
881 3867 1040 3944 βαπτίσατε
1055 3863 1097 3937 είς
1111 3857 1144 3925 τό
1162 3856 1259 3940 όνομα
1277 3864 1332 3923 τοῦ
1352 3854 1478 3940 πατρός,

356 4061 412 4111 Cn.
431 4064 477 4114 ΧΙ.
494 4093 527 4102 -
565 4067 584 4117 ί.
610 4063 658 4120 ύιτδ
676 4071 712 4118 ιδ.
733 4072 814 4122 Γαίου.
836 4075 880 4123 Co·
948 4067 972 4120 4.
992 4066 1175 4135 „Expunxen'm
1194 4063 1263 4133 γᾶρ“
1288 4067 1371 4118 Peleu.
1402 4067 1478 4114 Vm·

320 4132 365 4179 λοπ.
383 4136 462 4194 repet,
480 4137 565 4183 vitiose.
913 4144 962 4190 λοιει
977 4138 1020 4191 καὶ
1033 4144 1085 4199 post
1099 4135 1148 4202 γὰρ
1163 4152 1209 4187 ποτε
1226 4138 1294 4185 habet
1311 4135 1364 4184 οοιλ
1380 4135 1481 4194 mdia.

356 4218 380 4264 2.
397 4215 455 4279 περὶ
477 4214 552 4280 μόνον
575 4222 619 4273 τοῦ
645 4217 717 4289 οἱγίου
739 4220 880 4290 πνεύματος
949 4226 972 4272 5.
991 4219 1070 4274 ἑνικὸν
1085 4228 1117 4273 εει
1133 4224 1242 4271 Camurii
1255 4221 1388 4270 επαιδσίίο
1415 4219 1483 4268 Libri

322 4285 393 4331 verba
415 4287 548 4336 exciderunt
570 4292 601 4336 ab
623 4293 658 4339 ιδ
684 4293 758 4342 Ρειου
802 4296 880 4346 Coton
915 4295 976 4342 ονιίιιι
992 4294 1076 4340 λοῦται
1096 4287 1197 4342 ἐνοικδν.
1239 4291 1350 4340 Palm
1370 4289 1484 4337 mutuat

322 4357 392 4412 mm·
916 4365 975 4411 ιἰιιττ
991 4356 1070 4411 ἐνικδν
1088 4366 1109 4408 ει
1126 4356 1243 4410 ἐνοικοῦν.

356 4434 381 4488 3.
398 4436 448 4487 τῶν
466 4439 501 4487 εδ
519 4442 601 4491 Ρελου.
620 4446 698 4494 colon.
715 4452 785 4509 repet.
951 4442 975 4495 6.
992 4443 1131 4510 γενομένων
1155 4445 1239 4510 scripsi
1260 4444 1404 4495 Camurium
1431 4441 1486 4509 (Ν
