3096 5070
276 258 339 322 436
703 268 824 321 saum
842 269 1011 322 τειεκικο

279 391 415 470 πλευροῖν
436 385 546 462 αὐτοῦ,
569 386 621 449 καλ
638 381 830 472 μίκοδόμησεν
844 383 925 475 αὐτῷ
940 388 982 462 είς
998 394 1135 472 γυναῖκα·
1156 390 1208 452 ἵνα
1224 390 1304 478 δείξη
1318 387 1371 456 τόν
1382 390 1440 472 μέν

276 488 383 572 κόριον
410 484 471 551 είπό
500 492 625 569 Μαρίας
651 485 859 555 α’ναπλόσαντα
884 490 979 576 έαυτςδ
1004 495 1104 568 σῶμα,
1136 487 1185 554 ἄπ’
1210 490 1305 574 αὐτῆς
1328 493 1360 557 δὲ
1382 499 1439 575 τῆς

276 597 404 676 πλευρᾶς
428 593 668 673 οἰκοδομηθῆναι
687 592 856 673 ἐκκλησίαν,
885 592 917 656 έν
935 595 975 678 τῷ
995 598 1144 674 νυχθῆναι
1166 589 1258 664 αότοῦ
1278 591 1332 677 τῆν
1348 602 1434 660 πλευ·

275 691 349 779 ρδν,
380 695 432 758 καλ
453 690 489 758 τό
511 691 657 776 μυστήρια
685 701 740 759 τοῦ
762 697 887 776 αἵματος
914 694 966 757 καλ
995 692 1105 769 ὕδατος
1133 695 1164 759 ἐν
1184 692 1256 779 ἡμῖν
1276 696 1365 784 λότριι
1388 723 1436 783 γε·

275 797 390 861 νέσθαι.

139 914 208 985 [ιφ.
225 913 258 968 ί.
357 895 434 962 Ἀλλ’
457 896 538 979 ὅμως
562 900 637 982 έγνω
659 895 715 980 τῆν
738 902 865 984 Μαρίαν
888 894 1051 979 όἸωσῆφ,
1083 898 1121 963 οὖ
1143 897 1219 964 κατὰ
1238 904 1347 986 γνῶσίν
1367 927 1436 967 τινα

244 1008 248 1014 “
275 999 422 1087 χρήσεως,
453 1000 490 1064 οὐ
508 998 583 1065 κατιλ
598 1007 708 1086 γνοῖσιν
722 1005 889 1076 κοινωνίας.
930 997 1005 1065 Ἀλλ’
1021 1002 1096 1086 έγνω
1114 998 1207 1084 αότῆν
1223 1010 1315 1085 τιμοῖν
1329 1002 1383 1087 την
1399 995 1448 1070 ἐκ

141 1129 193 1177 μς.
208 1118 265 1163 κλει
278 1111 356 1169 θεοῦ
374 1105 573 1186 τετιμημένην.
620 1099 667 1168 Οό
688 1099 744 1188 γα“ρ
767 1101 833 1193 ᾔδει
857 1099 949 1186 αότῆν
970 1102 1109 1185 τοιαύτης
1129 1104 1218 1186 δόξης
1239 1097 1346 1184 οὖσαν,
1375 1109 1436 1183 ἕως

274 1206 322 1274 ὅτε
349 1203 407 1272 είδε
429 1205 536 1291 κόριον
560 1208 593 1271 ἐκ
615 1202 757 1291 γυναικός
781 1208 996 1292 γεγεννημένον.
1041 1207 1102 1270 Καὶ
1119 1204 1170 1285 τό,
1201 1208 1282 1292 Πρὶν
1296 1206 1318 1290 ἢ
1334 1217 1435 1275 συνελ-

273 1319 342 1376 θεῖν
356 1308 483 1387 αὐτοός,
512 1304 622 1392 εόρέθη
640 1311 672 1374 ἐν
686 1310 788 1394 γαστρλ
807 1311 928 1391 έγοασα,
951 1311 1000 1372 ἵνα
1014 1307 1056 1391 μῆ
1075 1334 1146 1373 ποτε
1161 1308 1293 1400 κρατῆση
1310 1307 1328 1376 ό
1343 1308 1435 1396 λόγος

273 1419 333 1479 τῶν
356 1410 534 1494 νομιζόντων
558 1413 591 1476 έκ
609 1416 765 1486 κοινωνίας
784 1408 893 1494 όνδρός
914 1407 989 1475 εἶναι
1005 1409 1038 1475 τό
1058 1418 1113 1476 τοῦ
1136 1418 1212 1476 θεοῦ
1231 1415 1434 1495 οίκονομηθέν

272 1514 443 1599 μυστήριον.
485 1510 588 1597 Ἔλεγε
611 1511 681 1598 γδρ,
716 1515 786 1598 πρίν
808 1511 830 1597 ἢ
849 1520 936 1579 τοῦτο
961 1515 1099 1598 γενέσθαι
1122 1512 1195 1599 ὅπερ
1221 1518 1431 1600 προςεδοκᾶτο.

275 1615 321 1681 Οίι
337 1619 438 1702 γέγονε
454 1617 486 1681 δέ
501 1623 589 1680 τοῦτο
607 1614 639 1680 τό
655 1622 783 1701 πρᾶγμα.
828 1619 871 1680 Εἰ
884 1614 940 1701 γδρ
956 1617 1007 1680 καλ
1023 1618 1223 1699 προςεδοκᾶτο
1243 1614 1264 1701 ῆ
1278 1620 1434 1704 παρθένος

271 1725 313 1808 τῷ
327 1716 442 1799 Ἰωσῆφ
467 1720 508 1793 είς
522 1716 701 1799 σουόφειον,
733 1715 774 1794 οῖς
793 1715 863 1783 οόδλ
881 1720 1029 1800 ἐπεδέχετο
1047 1716 1097 1783 διό
1114 1716 1147 1783 τδ
1163 1720 1320 1804 γηραλέον,
1350 1720 1434 1804 ὅμως

271 1820 475 1908 προλαμβάνει
496 1819 517 1903 ῆ
535 1819 655 1907 γραφῆ,
685 1822 734 1885 καλ
759 1816 832 1902 ἡμῖν
846 1817 1038 1900 ὑποτίθεται,
1068 1822 1119 1886 καὶ
1136 1819 1190 1904 τῆν
1208 1821 1344 1889 διάνοιαν
1360 1827 1429 1890 ἐπα·

271 1931 455 2007 σφσλίζεται,
486 1927 615 2006 δυνατῆς
630 1922 723 2006 οὔσης
737 1930 790 2006 τῆς
805 1920 979 1998 όποθίσεως
992 1921 1068 1988 κατολ
1087 1921 1138 1989 τόν
1155 1933 1242 1991 θεῖον
1260 1925 1349 1992 τόκον
1368 1937 1428 1992 πεῖ·

271 2049 321 2094 σοι
344 2028 448 2109 μηκέτι
472 2029 592 2111 ἐγγίζειν
615 2026 704 2111 ἀνδρὶ
730 2022 806 2109 πρός
828 2024 993 2105 συνοίφειαν
1017 2032 1053 2115 τῆ
1075 2028 1229 2116 παρθένῳ.
1271 2024 1324 2105 Ὦς
1343 2026 1430 2094 καλό

271 2127 391 2215 ίίγγελος
412 2127 463 2194 τόν
477 2126 591 2210 Ἰωσῆφ
610 2130 707 2194 ίπεισε
723 2126 763 2211 μῆ
783 2124 859 2192 εῖναι
881 2126 934 2212 τῆν
948 2125 1111 2207 ὑπόνοιαν,
1141 2126 1237 2212 ἥνπερ
1259 2127 1347 2205 αόεός
1363 2128 1425 2196 ἐνό-

271 2240 358 2315 μιζεν.
395 2230 524 2313 Ὅμοιον
545 2230 601 2317 γδρ
617 2238 657 2320 τῷ
676 2232 894 2318 προρρηθέντι,
930 2232 1010 2316 Πρὶν
1025 2228 1046 2312 ἢ
1062 2238 1214 2296 συνελθεῖν
1230 2229 1351 2307 αὐτοῖς,
1379 2226 1421 2304 οῖς

269 2335 534 2420 προςδοκωμένου,
567 2334 604 2400 οὗ
626 2336 786 2420 γενομένου
803 2334 850 2412 δέ,
880 2331 929 2412 τό,
962 2338 1086 2410 Δίκαιος
1111 2332 1154 2399 εῖν
1173 2335 1260 2418 ἐζήτει
1274 2331 1315 2415 μῆ
1327 2357 1417 2414 παρα-

270 2441 451 2523 δειγματίσαι
475 2434 586 2519 αότῆν,
619 2435 690 2500 α’λλολ
705 2435 804 2520 λόθρα
821 2435 967 2501 σἰπολῦσαι
981 2434 1092 2518 αὐτὴν,
1124 2433 1164 2512 οἷς
1177 2433 1291 2517 φαύλου
1309 2434 1362 2515 μέν
1376 2460 1418 2518 γι-

269 2543 397 2623 νομένου
423 2536 483 2604 όπό
511 2547 564 2604 τοῦ
587 2542 848 2623 παραδειγματίσαι
872 2535 981 2620 αὐτὴν,
1013 2535 1051 2603 οό
1073 2539 1229 2623 γενομένου
1251 2537 1293 2601 δέ.
1334 2530 1422 2612 Ὡςό

268 2639 388 2728 όγγελος
413 2643 546 2707 διδόσκει
568 2641 673 2725 λέγων,
706 2638 764 2723 Mu}
781 2645 925 2730 φοβηθῆς
946 2644 1129 2726 παραλαβεῖν
1152 2637 1282 2726 Μαριδμ
1300 2636 1355 2720 τὴν
1373 2665 1423 2724 γυ-

268 2745 358 2811 ναῖκά
373 2766 438 2821 σου,
455 2743 508 2825 τῆν
525 2744 647 2825 μηδέπω
665 2745 833 2829 γενομένην,
847 2747 897 2807 καλ
915 2746 959 2808 1εί
972 2745 1004 2808 έν
1019 2741 1145 2832 όπονοίιγ
1160 2741 1331 2825 σφάλματος
1344 2738 1426 2825 παρά

267 2853 315 2914 σοί
331 2849 422 2924 ίστιυ,
446 2844 506 2910 ἄλλ’
525 2845 596 2910 οὐδὲ
613 2845 708 2920 οὕτως
727 2843 826 2934 2οίίση
845 2843 886 2921 ιός
902 2849 974 2925 οῖει,
1006 2848 1056 2910 καλ
1073 2845 1109 2910 τᾶ
1124 2847 1198 2928 έξῆς.
1244 2842 1354 2919 Εόθός
1369 2840 1426 2928 γδρ

267 2946 443 3033 σίκολοόθως
464 2951 553 3034 λέγει,
589 2946 628 3013 Τό
651 2945 706 3032 γολρ
730 2948 872 3032 γεννηθέν
897 2951 928 3014 ἐν
944 2947 1036 3036 αὐτῆ,
1070 2944 1111 3023 οῖς
1129 2946 1186 3031 ἤδη
1203 2947 1427 3033 γεγεννημένου,

266 3050 353 3116 πόλιν
370 3049 467 3129 δὲτό,
495 3054 610 3127 Τέξεται
627 3047 711 3127 υῖόν,
744 3047 784 3124 οῖς
802 3052 850 3114 έπλ
869 3052 1031 3131 μέλλοντος.
1079 3048 1182 3125 Οὕτως
1200 3047 1256 3137 γιλρ
1276 3041 1321 3132 ἦν.
1366 3044 1427 3111 As&

265 3154 299 3219 δέ
314 3152 347 3219 τό
364 3160 571 3218 πεπιστοῖσθαι
589 3147 610 3233 ἡ
626 3150 895 3234 προαναφώνησις,
918 3149 959 3226 οῖς
974 3153 1026 3217 καλ
1040 3148 1090 3230 τό,
1123 3149 1238 3237 Πρλνῆ
1256 3158 1425 3216 συνελθεῖν·

265 3253 448 3342 όρκοόμενοι
471 3254 516 3321 ὅτι
532 3252 601 3320 οὐδ’
623 3253 699 3330 δλως
715 3257 880 3339 γεγένηται·
915 3252 1011 3330 ΒἝως
1029 3252 1100 3319 δτου
1117 3255 1196 3318 έτεκε
1216 3252 1269 3318 τόν
1287 3252 1356 3319 υἱόν
1371 3251 1425 3316 αὖ·

264 3367 320 3442 τῆς
333 3357 386 3425 τόν
401 3357 607 3443 πρωτότοκον,
629 3366 692 3432 τοῖς
706 3355 808 3433 αὐτοῖς
825 3360 902 3422 ἐστιν
918 3355 1168 3441 ἑρμηνευόμενον,
1191 3353 1241 3420 διοῖ
1256 3352 1288 3421 τό
1305 3366 1426 3439 θαυμα-

265 3469 336 3528 στόν
356 3469 409 3545 τῆς
431 3464 499 3548 περλ
522 3459 577 3544 τῆν
598 3461 753 3545 παρθένον
774 3459 910 3545 γυιόσεως
931 3459 1007 3547 πρός
1027 3457 1102 3526 θεόν
1122 3458 1319 3541 τετιμημένης.

124 4091 190 4160 Κεφ.
203 4088 254 4146 καί
350 4073 407 4158 Mt}
421 4079 528 4164 νομίση
547 4076 580 4140 δέ
595 4101 639 4150 τις
654 4076 687 4141 ἐκ
703 4082 757 4140 τοῦ
775 4077 878 4161 λέγειν,
902 4073 968 4162 Πρό
986 4082 1040 4142 τοῦ
1055 4083 1209 4141 συνελθεῖν
1224 4073 1352 4152 αὐτοός,
1375 4073 1430 4141 ότῖ

299 4247 357 4297 Cn.
374 4248 484 4298 ΧΧ.-
523 4252 544 4298 1.
563 4247 741 4312 είμοείίιιιλοκι
756 4253 822 4300 mli·
890 4249 914 4299 2.
943 4252 1096 4300 Scribendum
1119 4255 1177 4312 μαλο
1201 4245 1255 4300 ἐστὶ
1279 4263 1323 4310 pro
1346 4264 1374 4300 ου

262 4318 297 4365 tui
321 4331 351 4365 τε
374 4323 470 4379 utroque
494 4319 560 4367 οσδιλ
584 4333 639 4368 οισι.
675 4320 825 4368 θιωδινολευ·
856 4321 898 4367 σαί
914 4324 973 4368 τιτλε
992 4307 1065 4371 οὖσα.
1091 4320 1202 4367 Ριεουίυε
1216 4318 1328 4399 μμεηδοι
1334 4264 1423 4399 aa&

263 4386 289 4433 λιι
303 4386 386 4446 eduin
412 4391 436 4433 οε
452 4391 511 4435 τιτλε
531 4388 658 4436 συντονίαν
672 4390 824 4445 transtulerat
857 4379 925 4438 όταν.
945 4402 989 4469 σφ.
1006 4403 1032 4439 τε.
1051 4385 1092 4439 σολ
1108 4375 1201 4447 οὖσαν,
1225 4378 1279 4438 ἄλλ
1299 4377 1409 4438 ον’δλ”
1379 4401 1422 4437 ου·

263 4461 317 4500 σεε
306 4450 368 4499 siin
355 4452 498 4529 οειιεμίτίοι
500 4453 633 4520 ιεμοοσεεί
651 4453 822 4520 ομαδεετεε.
856 4470 908 4513 τως
925 4471 1010 4507 ουσαν

263 4521 296 4569 At
314 4535 396 4586 neque
412 4519 448 4570 sic
465 4530 517 4580 est,
536 4521 605 4571 velut
622 4531 695 4587 putas
712 4528 761 4573 ceu.
890 4524 913 4576 3.
933 4524 1091 4586 λεμιλικελοκι
1102 4528 1160 4585 puto
1173 4524 1318 4585 μσείὶσνλαυι
1332 4519 1377 4574 καὶ
1391 4534 1422 4572 ετ
