3096 5070
387 265 1044 321 canaanura.ru.ron.1.uueu.1.xxvu
1228 249 1291 316 tut

142 386 398 476 pronuntiaverat,
431 387 533 452 eadem
551 387 586 450 ad
604 387 690 451 finem
712 407 804 471 usque
825 385 929 450 iisdem
947 384 983 447 de
997 383 1103 461 rebus,
1135 403 1190 447 neo
1213 383 1292 448 aliud

142 501 294 577 praetcrea
314 499 426 554 narrat.
471 487 542 552 Non
568 491 710 574 mysteria
735 489 791 552 uita
807 488 892 552 uubis
916 486 1047 570 aperuit,
1078 506 1141 549 uun*
1161 486 1198 549 de
1223 487 1289 565 deo,

141 614 225 680 quem
240 595 390 678 protessus
406 602 479 666 erat,
505 591 614 670 docuit,
639 612 697 654 nnn
712 591 809 670 fidem,
834 591 917 654 cuius
934 587 1081 674 praesidio
1096 587 1170 650 mira
1184 587 1293 651 tacien-

142 707 186 761 tes
204 695 346 781 apostoli,
371 715 435 757 cum
453 692 575 755 solidam
593 693 724 757 veritatis
740 693 957 757 contessionem
975 689 1190 776 concepissent,
1214 710 1293 752 mur·

140 810 206 864 tuos
223 797 408 875 excitarunt,
438 794 656 880 elephantiacus
675 805 853 881 purgarunt,
886 794 1000 878 aliaque
1018 792 1168 878 praeclare
1188 790 1294 855 cohae-

139 901 235 966 rentia
253 899 480 987 praestiterunt,
504 917 577 981 quae
594 897 709 981 quidem
729 918 799 961 uere
818 919 876 960 uon
892 896 955 960 sula
973 896 1070 980 specie
1088 905 1214 981 patratu,
1239 913 1291 956 ve·

139 1005 182 1068 Ιιιι
198 1013 369 1085 argumenta
387 1012 473 1084 atque
494 999 600 1063 indicia
618 1001 823 1084 proferebant:
854 1010 885 1062 at
902 998 950 1062 iiie
967 1009 1068 1061 contra
1085 996 1156 1061 nihss
1172 1007 1292 1082 praeter

140 1107 316 1173 vanissimas
333 1114 363 1167 et
386 1113 525 1166 venturas
545 1096 783 1188 syllogismorum
808 1101 985 1165 subtilitates
1002 1100 1032 1163 in
1049 1100 1174 1163 medium
1191 1099 1291 1175 uffart,

141 1230 214 1294 quas
230 1208 310 1292 ipsas
333 1206 491 1290 repetendo
508 1204 633 1290 saepius·
647 1205 682 1268 ad
701 1205 865 1268 satietatem
883 1204 1009 1287 ingerit,
1042 1223 1097 1266 nec
1114 1201 1191 1264 atiud
1207 1221 1292 1284 prae-

140 1322 222 1374 terea
245 1309 390 1395 proponit.
436 1304 584 1390 Quocirca
606 1307 745 1370 lectorem
770 1316 903 1390 rugatum
922 1307 1072 1382 uolumus,
1105 1325 1142 1368 ne
1159 1303 1186 1366 id
1207 1301 1291 1366 nubis

141 1412 214 1476 vitio
238 1412 419 1475 tribuendum
445 1409 596 1473 existimet
618 1409 694 1493 quud
720 1419 750 1472 et
773 1408 829 1493 ipsi
846 1408 963 1494 saepius
982 1409 1082 1471 endem
1106 1416 1289 1492 repetamuap

142 1515 236 1599 quod,
266 1525 298 1578 ut
320 1513 360 1576 itti
384 1513 630 1599 respondeamus,
661 1512 759 1574 tacere
782 1511 837 1574 hoc
856 1511 922 1574 ioco
943 1512 1084 1596 cogimur.
1132 1506 1225 1593 igitur
1240 1528 1292 1592 ge·

142 1616 350 1693 uitascboies,
384 1636 436 1701 pru
454 1636 540 1679 enac
559 1613 738 1677 diuinitatem
757 1613 858 1691 decet,
893 1613 1080 1677 immutabilis
1100 1626 1161 1692 est,
1194 1615 1293 1678 sedet

142 1720 203 1804 ipse
220 1717 337 1802 genitur
351 1716 539 1781 immutabilis
554 1726 618 1794 est,
643 1715 882 1799 quemadmodum
900 1717 1046 1780 constanti
1061 1715 1152 1802 ipsius
1169 1727 1292 1780 naturae

142 1821 291 1886 convenit.
337 1816 478 1885 Ceterum
503 1819 621 1904 genitor
644 1818 685 1881 ita
711 1827 828 1896 manet,
862 1829 894 1881 ut
916 1838 1000 1903 quem
1026 1840 1043 1880 e
1067 1819 1165 1905 seipso
1191 1818 1294 1902 genuit

141 1934 282 2010 perpetuo
304 1942 404 1985 secum
429 1921 550 2001 habenta
583 1942 637 1985 nec
662 1920 748 1984 utinm
773 1920 897 1984 cuuuditis
919 1941 935 1982 a
959 1921 1100 1985 serebas
1126 1921 1292 2006 suspicandi

141 2025 326 2090 occasionem
346 2022 484 2108 praebet,
518 2034 548 2086 ut
570 2023 617 2088 vel
635 2023 700 2087 sine
724 2023 783 2087 ctio
806 2022 972 2106 intelligere
995 2033 1124 2108 patrem,
1155 2025 1202 2087 uel
1227 2024 1294 2088 sius

140 2139 223 2214 patre
239 2128 368 2213 genitum
387 2127 494 2203 tilium,
525 2137 576 2189 aut
594 2129 751 2212 portentum
768 2124 831 2188 cius
849 2125 1000 2209 spiritum,
1028 2131 1111 2207 quic
1123 2138 1208 2207 putre
1221 2149 1291 2208 prc-
1324 2144 1403 2190 rma.

140 2236 231 2304 cedit,
263 2233 532 2311 etcfidccccs‘prr't,
566 2229 663 2303 animo
688 2227 802 2313 possint
826 2227 993 2312 concipere.
1038 2227 1137 2311 Atque
1163 2230 1217 2293 huc
1238 2250 1291 2293 na-

141 2347 206 2399 tura
231 2331 276 2396 dei
303 2332 421 2416 dignum
443 2341 505 2409 est,
539 2330 721 2414 maximaque
744 2340 992 2408 consentancum,
1027 2330 1133 2393 nuttam
1148 2339 1180 2394 ut
1196 2331 1293 2417 spieu-

140 2437 220 2526 dcris
236 2435 438 2499 accessionem
455 2433 643 2496 extrinsecus
663 2432 809 2516 requirat,
842 2433 894 2496 sad
912 2442 1002 2496 tutum
1021 2433 1089 2496 iliud
1108 2444 1247 2519 perpetuo
1263 2434 1293 2498 iu

1329 2197 1406 2255 unsa

141 2537 256 2625 propria
278 2536 432 2601 identitate
454 2535 615 2599 contineat.

226 2638 308 2702 Astii
326 2635 424 2723 Caput
439 2634 529 2701 XVI.
574 2635 608 2702 Si
628 2636 751 2720 ingeniti
769 2657 830 2700 unx
847 2637 1038 2702 substantiam
1059 2638 1208 2724 exprimit,
1232 2659 1293 2703 me-

142 2741 199 2803 rito
228 2740 264 2804 ab
296 2741 386 2824 geniti
416 2739 595 2816 substantia,
633 2740 713 2803 vetut
744 2739 903 2803 membrum
933 2740 1085 2804 divisionis
1116 2742 1291 2826 oppositum,

143 2841 328 2905 discernitur.
375 2840 428 2907 Sin
447 2853 543 2907 autern
564 2841 633 2905 nihii
650 2841 768 2904 omuino
786 2842 956 2905 vccabulum
977 2842 1045 2905 ittud
1064 2844 1184 2927 ingeniti
1202 2843 1293 2928 signi·
1398 2845 1401 2852 '

143 2943 224 3019 dent,
255 2945 344 3008 multo
371 2945 466 3008 minus
490 2944 580 3028 geruiti
609 2965 668 3007 uox
691 2943 797 3027 aliquid
825 2943 986 3029 exprimat3
1018 2967 1112 3029 neque
1139 2945 1291 3031 quicquam

142 3046 286 3128 supererit
303 3048 378 3130 qnod
393 3047 423 3110 in
438 3047 581 3111 divisione
597 3046 680 3110 atteri
702 3048 887 3131 respondeat.
933 3046 1018 3131 Quod
1039 3048 1063 3110 si
1083 3049 1204 3132 ingeniti
1224 3070 1291 3134 prc-

141 3147 212 3210 latiu
227 3146 289 3231 ipsa
307 3169 323 3211 a
339 3148 430 3233 geniti
445 3150 625 3234 prolatione,
658 3149 739 3212 velut
763 3149 922 3213 membrum
943 3150 1095 3213 divisionis
1115 3152 1289 3237 oppositum,

142 3250 325 3329 secernitur,
356 3272 420 3313 cum
437 3253 595 3314 secundum
614 3250 879 3337 pronuntiationem
897 3263 1026 3331 tacetur,
1057 3249 1292 3318 Christianorum

140 3373 220 3437 spem
238 3352 323 3415 modu
341 3353 487 3432 existere,
521 3355 606 3418 modo
622 3353 754 3437 extingui
775 3374 897 3417 necesse
918 3364 981 3432 est,
1011 3377 1086 3439 quae
1103 3367 1162 3419 tota
1180 3357 1209 3419 iu
1226 3379 1293 3443 prc-

140 3453 322 3517 nuutiatiuuc
341 3454 499 3535 consistat,
523 3477 583 3519 non
598 3456 627 3519 in
648 3456 777 3534 naturis,
810 3478 884 3541 quae
902 3457 941 3520 ita
963 3478 1031 3522 sese
1051 3458 1176 3522 habeant
1190 3470 1223 3523 ut
1240 3481 1292 3524 vo·

141 3556 307 3621 cabuicrum
330 3557 502 3641 significatio
524 3557 588 3641 ipsa
610 3578 680 3640 prae
702 3578 735 3620 se
759 3559 835 3622 terre
857 3559 984 3624 videtur.

226 3654 347 3722 Cuntut.
368 3656 457 3722 XVI.
502 3654 657 3740 Quomodo
687 3680 762 3742 qnae
793 3673 894 3723 contra
923 3682 956 3724 se
987 3663 1096 3726 iaciunt
1126 3662 1292 3727 testimonia

138 3760 253 3845 priores
270 3781 413 3842 usurpare
428 3760 524 3823 scient
539 3759 558 3822 ii
577 3759 625 3843 qui
644 3761 790 3823 rudioruuu
810 3762 915 3826 animis
940 3757 1088 3846 stuporem
1110 3765 1232 3828 iniicere
1250 3765 1292 3829 di-

139 3864 292 3927 dicerunt?
335 3861 451 3924 Etenim
474 3861 599 3937 Attius,
631 3859 680 3944 qui
703 3861 811 3924 irrsntu
832 3867 1085 3947 pronuntiatione,
1119 3888 1176 3927 non
1199 3867 1291 3931 inrui

138 3967 282 4042 veritate,
313 3986 393 4050 spem
421 3985 536 4028 omnnem
559 3962 733 4039 collocavit,
768 3961 844 4027 istud
863 3964 956 4050 ipsum
975 3967 1058 4031 nobis
1074 3968 1203 4030 obiicere
1223 3968 1293 4031 nihii

139 4078 185 4131 cst
203 4068 333 4146 veritus,
367 4067 510 4151 cumipse
528 4064 575 4128 dci
592 4064 679 4128 titium
698 4067 840 4150 deumque
856 4078 968 4152 patrem
985 4069 1048 4131 sota
1066 4090 1140 4132 uoce
1160 4071 1292 4134 confiteri

140 4191 197 4233 non
215 4170 377 4234 erubuerit.
422 4166 500 4232 Nam
516 4167 592 4252 quud
616 4168 653 4230 ad
672 4191 726 4233 uns
751 4169 873 4247 attinet,
899 4171 1058 4234 naturatum
1076 4172 1208 4257 inprimis
1224 4194 1291 4238 caue

140 4282 250 4356 patrem
269 4273 448 4353 asserimus,
482 4282 511 4334 et
526 4270 686 4335 naturalem
704 4272 812 4351 tilium,
845 4284 874 4336 et
895 4274 1052 4336 naturalem
1072 4276 1205 4361 spiritum
1223 4298 1292 4344 sau·

138 4442 218 4577 giba
231 4449 302 4508 rnret.
316 4447 396 4496 otton
411 4448 536 4496 muratum
551 4439 700 4510 trpttnrdnc·
768 4440 791 4496 4.
814 4447 887 4512 Vutpn
904 4442 986 4514 μόνος.
