3096 5070
348 309 483 361 rausau
502 300 618 360 matu.
635 308 750 362 ronam.
767 306 868 359 naun.
882 306 988 359 uxxr.
1166 277 1168 282 ’
1183 294 1245 360 179

116 451 119 455 ’
178 426 239 494 Sed
258 449 324 492 com
340 429 449 493 nntium
467 428 660 493 succensendi
680 428 802 491 modum*
816 427 925 490 taceret
944 425 1071 506 A'erios,
1105 428 1190 491 rixae
1209 448 1243 492 ac
1267 443 1328 514 cap.
1346 446 1377 495 tt.

95 532 189 616 iurgio
212 532 242 594 in
264 530 328 594 dies
351 534 560 616 ingravescere
578 550 613 593 ae
637 539 754 592 mutuae
769 529 933 594 simultates
951 529 1065 612 augeri.
1112 530 1158 591 Ad
1177 529 1249 592 baec

93 634 213 722 pessimi
229 634 345 718 quidem
362 653 496 696 rumores
512 644 543 696 et
556 631 718 694 calumniae
739 632 883 694 adversus
900 622 1086 693 Eust'atbium
1107 629 1143 693 ab
1155 630 1249 693 Adria

95 738 206 823 spargi.
264 733 384 798 interim
412 732 585 798 Eustatluius
611 734 765 817 episcopus
791 743 943 795 evocatum
971 733 1006 796 ad
1034 752 1102 796 sese
1126 730 1248 795 Atinium

94 839 236 917 mulcere,
260 836 422 914 adhortari,
448 837 631 913 comminari,
655 834 756 913 irasci,
780 835 957 919 supplicare,
981 851 1077 918 neque
1096 834 1249 918 quiequam
1351 855 1353 861 ’

95 951 193 1005 tamen
221 939 266 1003 bis
292 939 381 1003 rebeus
403 939 531 1001 elbeere.
576 936 654 1002 Nam
671 937 746 1021 quod
765 935 801 999 ab
822 935 905 999 initio
923 937 1112 999 coristitutum
1131 935 1252 998 inchoa-

89 1054 216 1128 tumque
249 1043 362 1119 iuerat,
395 1041 543 1124 ingentem
570 1043 601 1102 in
631 1039 697 1102 mati
725 1037 782 1100 rim
806 1039 934 1123 erupit.
965 1036 1120 1102 Postremo
1148 1038 1252 1100 relicto
1340 1102 1354 1120 .

92 1144 296 1209 >mendicorum
321 1141 448 1226 bospitio
472 1141 595 1206 discedit
618 1141 738 1204 Aerios.
786 1136 853 1223 Quo
878 1161 918 1204 ex
940 1150 1071 1225 tempore
1088 1139 1117 1204 in
1136 1160 1252 1203 omnem

97 1244 284 1311 occasionem
310 1243 441 1307 intentus
466 1243 548 1307 velut
575 1243 622 1328 qui
649 1242 761 1305 bostem
787 1243 953 1328 opprimere
975 1263 1010 1306 ao
1030 1242 1096 1305 telis
1114 1253 1252 1328 appetere

97 1350 207 1424 studet,
230 1347 370 1409 versabat
386 1367 418 1409 se
437 1347 466 1408 in
485 1366 587 1408 omncs
604 1355 702 1429 partes
719 1356 749 1408 et
764 1346 837 1429 apud
853 1365 956 1407 omnes
974 1344 1154 1409 calumniose
1171 1346 1252 1408 dein-

95 1469 168 1534 ceps
186 1445 341 1512 Eustatbin
357 1448 526 1512 detrahens.
558 1445 629 1511 Nou
644 1447 671 1510 is
685 1457 742 1525 est,
762 1446 925 1531 inquiebat,
949 1446 1072 1532 amplius
1088 1447 1136 1531 qui
1153 1447 1253 1510 bacte-

99 1571 154 1614 nus
179 1550 249 1629 tuit,
280 1550 332 1638 sed
355 1551 391 1614 ad
414 1570 476 1612 rem
494 1560 624 1614 attentos
647 1559 709 1626 est,
744 1559 774 1610 et
791 1548 973 1612 cumulandis
992 1549 1095 1634 opibus
1111 1558 1190 1612 totus
1209 1550 1253 1613 in·

98 1653 218 1717 cambit.
253 1649 338 1736 Quae
353 1652 468 1736 quidem
483 1672 536 1738 per
550 1672 693 1715 summam
709 1650 883 1713 calumniam
900 1651 937 1713 ab
953 1651 1045 1714 A’erio
1057 1651 1251 1715 iactabanlur.

98 1753 270 1819 Eustatbios
285 1774 375 1833 vero,
409 1753 458 1838 qni
477 1753 622 1817 eeclesiae
640 1752 758 1836 negotia
776 1752 936 1831 tractabat,
973 1756 1071 1817 tacere
1090 1755 1176 1817 aliter
1193 1774 1252 1817 non

99 1866 231 1943 poterat,
254 1856 378 1939 ideoque
402 1855 590 1940 probabiliter
613 1855 685 1918 baee
706 1854 743 1917 ab
765 1854 858 1917 Adria
881 1855 1063 1919 dicebantur.

141 1967 143 1971 ’
185 1956 326 2023 Ceterum
351 1957 493 2019 dubitabit
509 1957 631 2020 tbrsitan
650 1956 774 2041 aliquis,
801 1957 937 2040 quoniam
957 1958 1041 2021 neni
1059 1958 1144 2021 istius
1166 1978 1252 2021 occa-

99 2062 184 2125 sione
206 2060 387 2122 mentionem
404 2056 549 2120 Eustatttii
567 2059 706 2137 fecimus,
737 2080 804 2121 num
824 2059 917 2142 ipsum
934 2060 1049 2122 tandem
1066 2057 1253 2123 Eustathiunn

98 2162 273 2228 laudandum
294 2160 481 2224 arbitremur.
526 2157 604 2224 Nam
629 2160 705 2244 qood
723 2161 758 2224 ad
776 2160 839 2223 eius
857 2161 935 2224 vitae
955 2162 1117 2224 institutum
1137 2162 1252 2242 attinet,

99 2284 158 2327 nou
182 2264 281 2349 paucis
300 2261 522 2325 admirationem
548 2260 670 2347 peperit.
716 2259 774 2346 Qui
793 2264 903 2327 utinam
922 2264 958 2326 ad
978 2273 1088 2327 rectam
1105 2283 1139 2326 ac
1157 2263 1253 2327 since-

97 2387 161 2430 ram
180 2366 264 2429 tidem
283 2363 482 2428 adhaesissetl
531 2361 641 2427 Verum
666 2364 712 2427 bic
733 2363 762 2428 in
786 2365 851 2427 Arii
872 2365 1008 2448 dogmate
1024 2387 1039 2427 a
1058 2365 1200 2449 principio
1218 2366 1254 2428 ad

97 2469 183 2532 daem
215 2488 308 2552 usqne
337 2465 559 2553 perseveravit,
593 2465 741 2549 nihiloque
772 2468 1007 2551 persecutionum
1040 2466 1254 2531 calamitatibus

97 2569 203 2633 melior
216 2572 309 2634 tentus
325 2579 382 2633 cst.
429 2565 580 2652 Siquidem
599 2588 665 2631 oum
688 2565 801 2632 Basilio
820 2578 851 2632 et
867 2567 989 2632 Eleusin
1009 2589 1045 2632 ac
1061 2569 1169 2632 eeteris
1188 2589 1254 2653 per·

97 2672 250 2735 montione
274 2672 401 2735 iactatus
419 2681 483 2748 est3
514 2671 684 2735 arridetur
704 2680 734 2734 et
750 2671 785 2734 ad
805 2668 956 2734 Liberium
974 2672 1079 2734 beatae
1095 2671 1254 2735 memoriae
1300 2659 1304 2666 ’

96 2770 263 2836 {lemanum
280 2774 447 2859 episcopum
463 2794 527 2835 cum
544 2773 611 2836 aliis
625 2772 776 2857 episeopis,
785 2773 960 2856 legationem
976 2774 1099 2853 obiisse,
1117 2784 1148 2836 et
1161 2793 1255 2857 expo·

98 2872 207 2937 sitione
223 2875 306 2952 tidei,
337 2894 411 2959 quac
435 2874 464 2936 iu
485 2873 620 2939 Nicaena
644 2876 758 2960 synodo
777 2876 927 2960 proposita
944 2877 1056 2956 tuerat,
1088 2897 1123 2939 ae
1145 2875 1255 2939 sinceri

99 2975 243 3059 dogmatis
257 2976 434 3061 professioni
450 2976 673 3060 subscripsisse.
718 2973 826 3041 Postea
843 2997 934 3055 vero,
958 2978 1071 3041 reluta
1089 2981 1202 3042 sonnmo
1222 2998 1255 3041 se

99 3098 245 3142 revocans
261 3099 296 3143 ac
312 3079 441 3162 priorum
461 3079 648 3157 recordatus,
672 3080 707 3142 ad
725 3078 867 3142 Arianam
884 3079 1045 3163 perfidiam,
1068 3100 1153 3164 qnam
1171 3080 1255 3143 initio

98 3190 289 3264 susceperat,
318 3180 493 3265 respiciendi
520 3181 604 3244 duem
629 3181 740 3245 uultum
768 3180 879 3244 habuit.
927 3178 1037 3244 Verum
1064 3183 1099 3244 ad
1116 3182 1253 3260 Atrium,

100 3283 136 3346 de
158 3303 216 3366 quo
237 3281 388 3345 institutus
410 3303 426 3344 a
449 3283 535 3346 uobis
556 3304 655 3348 sermo
680 3282 751 3361 tuit,
776 3283 942 3346 revocanda
966 3295 1013 3347 est
1034 3285 1142 3347 oratio.

187 3381 244 3447 liic
263 3384 353 3469 igitur
369 3395 489 3469 propter
504 3385 647 3449 eiusmodi
670 3385 802 3448 rationes
819 3386 947 3448 omnium
974 3407 1071 3448 rerum
1097 3385 1257 3449 abdicatio-
1275 3395 1334 3464 Cap.
1348 3397 1391 3446 ιιι.

101 3505 168 3549 nem
183 3483 267 3548 initio
283 3506 352 3570 prae
366 3507 400 3549 se
419 3487 495 3550 tulit.
542 3485 656 3550 Deinde
681 3487 903 3573 ptochotrophio
921 3489 1025 3552 relicto
1043 3509 1178 3572 magnam
1197 3487 1256 3550 vim

99 3609 201 3652 secum
224 3587 377 3672 utriusque
403 3608 496 3651 sexus
521 3588 668 3652 bominum
691 3589 832 3669 abduxit,
864 3591 912 3674 qui
934 3611 1035 3654 nonnos
1054 3590 1090 3653 ab
1107 3589 1255 3667 ecclesiis,

100 3690 192 3775 agris,
216 3688 299 3775 pagis
316 3698 346 3750 et
360 3688 473 3773 oppidis
488 3690 675 3752 arcebantur.
720 3692 767 3754 Ao
788 3713 1001 3776 saepenumero
1026 3681 1105 3756 totus
1122 3692 1170 3754 itte
1188 3711 1257 3754 coe·

101 3805 149 3858 tos
167 3793 236 3856 nive
258 3791 392 3876 pertusus
410 3791 516 3874 passim
534 3812 586 3875 per
601 3811 718 3874 campos
738 3793 792 3855 sub
810 3794 858 3855 dio
878 3795 1019 3877 degebat,
1049 3793 1153 3856 autad
1173 3810 1258 3877 prae·

101 3907 187 3983 rupta
202 3913 344 3960 saxorum
358 3892 506 3976 silvasque
525 3891 723 3974 confugiebat.
768 3891 825 3956 Est
839 3903 937 3958 autern
954 3897 1032 3959 illius
1047 3896 1152 3978 dogura
1169 3914 1257 3977 supra

102 3998 228 4063 bominis
245 4005 361 4082 oaptnnu
378 3995 519 4058 turiosum
533 4004 563 4057 et
578 3994 716 4056 immane.
763 3991 897 4079 inprimis
913 3997 1010 4075 enirn,
1036 3992 1189 4079 Quanam,
1212 3995 1257 4058 iu·

102 4099 177 4185 quit,
201 4101 230 4164 in
248 4121 280 4163 re
297 4100 472 4186 presbytero
488 4096 642 4183 episcopus
661 4096 829 4159 antecellit?
872 4095 992 4162 Nullum
1008 4099 1086 4161 inter
1103 4107 1257 4182 auumque

103 4272 175 4334 enno
192 4273 303 4333 praebent
319 4264 425 4335 'deplcn
695 4268 723 4317 tt
739 4283 795 4317 cum
813 4266 891 4316 multa
912 4285 956 4317 aaa
979 4266 1052 4318 turba
1076 4266 1205 4334 vigilantes
1226 4285 1257 4319 ac

136 4335 161 4389 7.
178 4335 334 4403 ἐπιτρεπτέον
351 4341 402 4389 cod.
421 4339 519 4401 ilbedig.
696 4334 773 4385 sobrii
790 4334 815 4384 in
833 4335 898 4402 agris
915 4335 1046 4402 degebant.

139 4402 198 4456 Cer.
212 4408 255 4456 nt.
271 4434 305 4445 -
341 4407 363 4457 t.
389 4409 425 4457 tto
450 4408 524 4457 edidit
546 4407 663 4456 Patavina.
729 4404 753 4454 2.
765 4406 801 4454 tto
815 4406 884 4454 codd.
900 4419 955 4455 snas.
973 4410 994 4454 et
1007 4407 1043 4455 ed.
1057 4407 1132 4466 princ.
1147 4407 1257 4456 Petonins

104 4468 244 4538 ustpc'pnence
258 4475 343 4525 babent
355 4477 423 4524 codd.
433 4489 489 4525 mas.
507 4479 528 4522 et
542 4475 579 4523 ed.
589 4476 664 4534 princ.
698 4474 771 4523 edidit
788 4467 874 4524 edroi.

103 4536 242 4607 unpdpencn
254 4545 364 4606 emtoutt
382 4545 524 4605 commum
541 4546 599 4592 certa
613 4555 664 4591 ver·

980 4627 1053 4692 12*
