3096 5070
311 268 446 323 rinnau
464 269 527 321 ura.
542 267 585 320 ιιι.
602 266 683 321 rou.
697 270 729 319 ιι.
747 264 846 319 naun.
862 264 1007 317 nxxvur.
1173 248 1237 317 tta

84 404 144 459 tum
161 391 231 457 illud
249 390 359 470 voluit,
392 389 475 454 ouius
495 387 589 466 lilius,
621 399 652 452 et
670 409 710 453 ox
728 408 785 472 qua
805 396 898 450 matre
915 382 1039 449 laeobus
1056 395 1138 448 esset
1154 385 1238 468 geni·

83 506 148 574 tua3
173 506 233 560 tum
247 504 313 558 uter
330 504 399 557 natu
416 491 557 576 grandior
573 491 661 554 toret.
708 489 826 554 Etenim
847 485 929 552 lesus
947 508 1025 551 auno
1042 486 1147 549 aetatis
1166 507 1238 550 suae

82 594 241 669 XXXlll.
264 597 294 660 in
317 617 433 661 ornnem
457 604 626 672 natusest,
657 591 706 676 qui
735 603 800 657 erat
823 589 951 655 llarodis
973 588 1113 653 Archelai
1135 584 1172 651 F.
1197 589 1240 651 vi·

83 701 227 786 gerimus.

168 803 259 868 Anno
276 801 382 885 qnippe
402 797 529 865 Herodis
551 797 679 862 senioris
695 796 842 882 Antipatri
860 793 896 859 F.
918 795 1005 859 tertio
1028 815 1063 857 ao
1086 791 1236 856 tricesimo
1254 806 1315 873 dap.
1334 807 1368 856 x.

85 901 225 971 Christus
241 900 407 967 Bethleemi
426 898 552 965 Iudaeae
571 901 718 978 nascitur,
743 898 871 984 Augusti
887 919 960 961 vero
978 894 1082 960 XLll.
1128 893 1242 958 Deinde

86 1018 152 1093 post
180 1028 276 1085 anno-s
300 1006 373 1069 duos
397 1004 426 1068 iu
443 1003 611 1089 Aegyptum
635 1002 671 1065 ab
695 1000 823 1086 losepho
845 1010 1060 1086 transportatus
1084 1007 1146 1076 est,
1179 1017 1243 1060 enm

87 1107 225 1173 llarodes
242 1107 279 1170 ob
299 1129 333 1170 ea
350 1126 424 1190 quae
440 1103 522 1191 Magi
539 1104 783 1169 renuntiaverant
799 1125 919 1189 puerum
938 1104 974 1166 ad
993 1122 1095 1166 neeem
1112 1098 1244 1183 require·

87 1221 145 1274 ret.
191 1206 294 1293 Quare
310 1209 339 1273 in
358 1209 524 1294 Aegyptum
542 1209 690 1294 protectus
707 1207 826 1270 biennio
841 1206 901 1268 illio
920 1217 1049 1268 moratus
1067 1214 1125 1267 est.
1170 1199 1245 1265 Post

89 1310 161 1375 baeu
179 1309 315 1375 Herodes
333 1311 404 1374 obiit
420 1332 498 1374 anno
515 1311 596 1394 regni
613 1310 659 1375 sui
678 1305 849 1373 XXXVll.
896 1305 952 1372 Cui
970 1306 1114 1371 suecessit
1129 1303 1244 1367 Arabe·

89 1412 152 1477 laus
174 1413 269 1491 filius,
304 1414 351 1498 qui
378 1411 424 1476 lX
449 1414 534 1478 annis
562 1413 709 1497 regnavit.
765 1409 809 1475 lta
834 1412 1017 1497 postmodum
1043 1405 1182 1474 Christus
1209 1426 1245 1469 eo

90 1515 186 1596 omni,
218 1517 300 1580 euius
321 1517 415 1600 gratia
440 1526 581 1594 venerat,
614 1515 749 1580 absoluto
770 1516 907 1597 negotio,
939 1513 968 1577 iu
986 1532 1103 1576 erucem
1120 1509 1244 1587 tollitur,

89 1639 167 1682 anno
184 1616 296 1681 Tiberii
316 1614 458 1683 Caesaris
473 1615 609 1695 XVlll.,
634 1617 681 1701 qui
699 1628 764 1680 erat
778 1617 928 1702 Agrippae
944 1613 1069 1700 Magni,
1103 1614 1168 1678 siue
1184 1610 1246 1674 tte-

90 1721 170 1784 rodis
195 1719 318 1784 iunioris
337 1719 477 1784 Archelai
493 1715 545 1797 F„
578 1740 674 1783 annus
692 1716 767 1781 XX.
813 1715 967 1803 Nusquam
993 1739 1065 1782 vero
1090 1712 1246 1800 losepbum

90 1823 258 1908 suscepisse
281 1822 390 1886 liberos
415 1822 593 1906 aoeepimua.
641 1818 701 1887 Sed
728 1841 822 1904 neque
845 1832 1034 1906 posteaquam
1052 1841 1092 1882 ex
1109 1819 1247 1902 Aegypto

91 1926 196 2006 rediit,
231 1924 279 1988 diu
302 1924 480 2009 superuixit.
526 1923 644 2008 Agebat
663 1935 722 1987 tum
741 1919 878 1988 Christus
903 1944 1010 1986 annum
1033 1921 1138 1985 aetatis
1160 1940 1247 2003 quar·
1298 1918 1306 1933 '

91 2037 164 2091 tum.
211 2023 354 2112 Iosephus
371 2023 556 2090 LXXXIV.
583 2037 773 2104 excesserat,
808 2047 873 2089 oum
890 2046 929 2089 ex
946 2026 1084 2110 Aegypto
1107 2042 1248 2087 reversus

94 2138 151 2192 est.
196 2127 269 2192 Post
284 2131 356 2193 baec
372 2127 438 2192 aliis
454 2125 529 2192 Vlll
548 2127 635 2193 vixit.
680 2126 758 2192 Nam
774 2122 1246 2209 Cbriatnsannnmagenlel.‚
1347 2195 1353 2205 ‚

93 2252 157 2294 oum
173 2230 409 2317 Hierusolymam
433 2232 556 2314 proleoti
580 2242 697 2311 essent,
727 2230 877 2315 quaesitus
901 2241 964 2307 eet,
997 2229 1073 2313 quod
1093 2228 1122 2290 in
1142 2227 1248 2290 itinere

93 2354 151 2397 non
168 2344 249 2397 esset
266 2345 420 2419 repertus,
454 2344 485 2397 ut
500 2330 602 2398 Luoae
622 2345 746 2398 testatur
760 2334 959 2417 evangelium.
1005 2329 1100 2394 Porro
1121 2331 1248 2393 nondum
1288 2352 1377 2397 noea

93 2435 221 2500 evolutis
237 2436 323 2500 annis
342 2435 400 2499 illis
420 2432 563 2521 losepbns
581 2435 720 2514 moritur,
745 2458 781 2500 an
798 2434 883 2499 lesus
901 2457 959 2498 uon
976 2434 1099 2519 amplius
1115 2431 1169 2495 sub
1185 2432 1248 2510 illo,
1302 2491 1304 2494 ⁴

94 2538 145 2601 sod
163 2538 193 2601 in
209 2539 273 2602 eius
290 2539 376 2601 domo
392 2537 535 2602 duntaxat
552 2540 693 2602 educatus
714 2549 771 2602 eat.
819 2537 896 2601 lline
912 2549 959 2601 est
978 2538 1053 2622 quod
1074 2537 1104 2599 iu
1122 2554 1251 2617 evange·

94 2638 134 2703 lio
153 2661 211 2703 non
230 2641 286 2704 ianr
305 2641 374 2705 illud
394 2642 517 2721 dicitur,
549 2639 642 2704 Venit
662 2652 744 2724 pater
761 2640 872 2726 ipsius,
906 2651 936 2702 et
956 2651 1067 2717 mater,
1097 2647 1127 2700 et
1146 2639 1252 2700 tratres

95 2738 178 2820 eius,
202 2743 274 2820 sed,
297 2747 372 2804 It'oee
386 2758 475 2805 muter
493 2755 541 2805 tuo
556 2756 585 2805 et
589 2746 704 2827 fratrer
717 2748 763 2804 tui
764 2745 845 2826 soris
858 2755 946 2804 stant.
994 2740 1054 2807 Sed
1072 2761 1167 2825 neque
1186 2760 1250 2802 cunt
1263 2759 1319 2803 due
1330 2758 1391 2815 nto.

97 2842 127 2906 in
144 2840 278 2908 Galilaea
293 2845 336 2908 sia
352 2844 430 2908 illurn
452 2846 688 2930 alloquerentur,
713 2849 801 2908 Nemo
816 2850 886 2907 doec
906 2867 994 2924 agens
1009 2850 1038 2907 ιἰι
1055 2848 1166 2906 oreulto
1189 2865 1251 2904 uer-
1264 2862 1393 2918 tommo.

96 2949 274 3026 sorieupt'15
305 2952 334 3009 si
350 2951 419 3009 duee
437 2951 529 3029 suono,
557 2950 664 3031 praebe
688 2961 715 3011 te
736 2951 928 3029 manifestum,
963 2969 1020 3010 non
1037 2947 1128 3026 dixit,
1161 2944 1253 3010 Pater

97 3047 189 3131 ipsius
208 3060 238 3111 et
253 3049 379 3128 trames,
411 3051 463 3114 sed
481 3047 606 3117 Fratres
622 3051 735 3136 ipsius3
769 3073 804 3114 eo
824 3052 900 3135 quod
921 3049 1062 3133 losepbus
1079 3050 1109 3113 in
1127 3069 1253 3133 corpore

98 3170 166 3214 eoae
189 3151 336 3215 desiisset.
392 3150 561 3237 Quinetiam
586 3157 616 3218 in
642 3155 707 3240 ipso
733 3154 809 3217 vitae
832 3153 934 3230 exitu,
969 3175 1033 3216 eum
1061 3150 1198 3218 Christus
1223 3153 1253 3215 in

98 3273 187 3316 uruee
212 3254 370 3338 penderet,
402 3264 434 3318 nt
455 3257 485 3320 in
501 3254 621 3322 Ioannis
645 3254 801 3339 evaugelio
824 3257 964 3340 seriptum
991 3270 1052 3335 est,
1083 3262 1250 3328 Conuersus,
1284 3273 1362 3317 ιοιιι.

98 3355 209 3439 inquit,
233 3360 303 3417 utilit
318 3360 500 3437 recautum,
529 3381 608 3442 quem
624 3361 763 3438 diligebat
774 3364 917 3433 domninus,
943 3359 1027 3442 eique
1044 3360 1080 3422 de
1096 3355 1195 3421 Maria
1212 3356 1254 3419 di·
1284 3326 1364 3379 Μ’

99 3456 162 3536 xit,
193 3462 269 3520 ane
285 3469 375 3520 nrnoer
392 3470 456 3533 tud,
490 3470 548 3523 tum
567 3461 669 3539 matri,
700 3465 869 3542 Eaeefila'uo
885 3474 959 3524 tuus.
1008 3461 1098 3544 Atqui
1112 3461 1138 3524 si
1156 3457 1255 3522 Maria

101 3557 209 3623 liberos
233 3559 400 3639 habuisset,
432 3571 481 3624 aut
501 3573 652 3646 superstes
672 3563 718 3626 vir
734 3565 799 3628 eius
817 3565 939 3643 luisset,
971 3585 1024 3628 eur
1040 3564 1118 3627 illam
1138 3560 1253 3639 loanni,

101 3659 242 3726 Ioannem
258 3662 300 3727 illi
319 3663 560 3726 commendaret?
604 3661 715 3727 Verum
732 3686 785 3728 eur
800 3687 858 3730 non
878 3664 967 3730 Petro
984 3665 1100 3751 potius,
1125 3665 1174 3729 rel
1192 3665 1255 3727 Au-

102 3764 210 3845 dreae,
250 3766 297 3830 vel
333 3761 505 3843 Matthaeo,
546 3761 812 3832 Bartholomaeove
851 3771 1054 3832 commendat?
1108 3766 1256 3831 Nimirum

103 3869 204 3934 loanni
225 3878 344 3954 propter
369 3865 565 3950 virginitatem
591 3866 647 3930 boo
664 3866 776 3931 tribuit.
822 3874 912 3944 Eece,
947 3871 1058 3954 inquit,
1089 3882 1179 3932 mater
1194 3882 1253 3931 tua.

103 4101 189 4162 κάτισι
205 4110 273 4160 eodd.
290 4123 346 4158 meo.
365 4113 458 4170 utaque
474 4113 496 4158 et
512 4109 548 4156 ed.
565 4109 640 4171 paine.
700 4108 758 4157 dum
773 4111 844 4158 etium
858 4114 972 4159 meunt
990 4111 1117 4161 Omoemus
1130 4116 1199 4174 oque
1213 4112 1260 4163 Pe·

136 4176 161 4228 3.
179 4174 209 4232 bb
224 4192 270 4227 om.
287 4178 337 4227 eod
356 4176 454 4238 llbedt'q.
700 4179 785 4226 mutuo.

138 4238 162 4294 t.
179 4243 291 4311 διέμενεν
306 4246 373 4294 codd
387 4258 441 4294 mss.
476 4241 597 4308 διέμιινιι
611 4244 666 4294 editi
734 4243 758 4296 7.
776 4243 843 4310 λέγει
859 4240 966 4309 φάσκων
983 4247 1034 4297 eod.
1050 4248 1149 4310 ltbaedtp.

104 4313 165 4364 tuat
733 4314 756 4363 λλ
775 4311 899 4381 Γαλιλαίᾳ
916 4317 1011 4364 contenit
1028 4318 1146 4365 Patauina.

139 4380 164 4430 b.
181 4375 195 4432 ὁ
210 4372 313 4448 Ἰωσὴφ
325 4382 393 4432 oodd.
409 4394 464 4431 mas
480 4386 581 4444 uterque
608 4372 666 4432 Ἰω-
733 4379 757 4431 9.
776 4375 800 4433 εἶ
816 4378 846 4435 δὲ
862 4384 913 4433 cod.
932 4384 1029 4447 ttbedtp.

106 4442 164 4568 epp
181 4448 237 4529 eum
251 4450 312 4499 ιιιιι
431 4489 451 4531 ·,
736 4449 774 4501 tu.
792 4443 909 4518 ἰιιρειᾳ
926 4453 1079 4502 contremo.

158 4551 163 4563 .
183 4517 336 4569 &nundum
349 4519 499 4584 δωδεκατῳ,
516 4519 666 4583 quemadmo-

981 4607 1057 4671 27*
