<?xml version="1.0" encoding="UTF-8"?>
<!DOCTYPE html PUBLIC "-//W3C//DTD XHTML 1.0 Transitional//EN"
    "http://www.w3.org/TR/xhtml1/DTD/xhtml1-transitional.dtd">
<html xmlns="http://www.w3.org/1999/xhtml" xml:lang="en" lang="en">
 <head>
  <title>
</title>
<meta http-equiv="Content-Type" content="text/html;charset=utf-8" />
  <meta name='ocr-system' content='tesseract 3.04.00' />
  <meta name='ocr-capabilities' content='ocr_page ocr_carea ocr_par ocr_line ocrx_word'/>
</head>
<body>
  <div class='ocr_page' id='page_1' title='image "./corporishaerese00unkngoog/corporishaerese00unkngoog_0304.png"; bbox 0 0 3096 5070; ppageno 0'>
   <div class='ocr_carea' id='block_1_1' title="bbox 439 240 1349 312">
    <p class='ocr_par' dir='ltr' id='par_1_1' title="bbox 439 240 1349 312">
     <span class='ocr_line' id='line_1_1' title="bbox 439 240 1349 312; baseline -0.009 0"><span class='ocrx_word' id='word_1_1' title='bbox 439 258 575 312; x_wconf 77' lang='lat' dir='ltr'>nassau</span> <span class='ocrx_word' id='word_1_2' title='bbox 593 258 658 310; x_wconf 80' lang='lat' dir='ltr'>nan.</span> <span class='ocrx_word' id='word_1_3' title='bbox 673 259 717 310; x_wconf 89' lang='lat'>111.</span> <span class='ocrx_word' id='word_1_4' title='bbox 733 256 816 310; x_wconf 80' lang='lat' dir='ltr'>nora.</span> <span class='ocrx_word' id='word_1_5' title='bbox 832 258 851 308; x_wconf 86' lang='lat' dir='ltr'>r.</span> <span class='ocrx_word' id='word_1_6' title='bbox 868 255 968 308; x_wconf 84' lang='lat' dir='ltr'>naen.</span> <span class='ocrx_word' id='word_1_7' title='bbox 980 255 1099 309; x_wconf 76' lang='lat' dir='ltr'>cxxvi.</span> <span class='ocrx_word' id='word_1_8' title='bbox 1285 240 1349 306; x_wconf 73' lang='lat'>297</span> 
     </span>
    </p>
   </div>
   <div class='ocr_carea' id='block_1_2' title="bbox 189 375 1426 4043">
    <p class='ocr_par' dir='ltr' id='par_1_2' title="bbox 189 375 1352 1482">
     <span class='ocr_line' id='line_1_2' title="bbox 191 375 1347 468; baseline -0.005 -24"><span class='ocrx_word' id='word_1_9' title='bbox 191 379 347 468; x_wconf 78' lang='lat' dir='ltr'>pedaticne</span> <span class='ocrx_word' id='word_1_10' title='bbox 362 379 514 445; x_wconf 83' lang='lat' dir='ltr'>confusus.</span> <span class='ocrx_word' id='word_1_11' title='bbox 550 376 630 443; x_wconf 88' lang='lat' dir='ltr'>Nam</span> <span class='ocrx_word' id='word_1_12' title='bbox 643 376 781 442; x_wconf 84' lang='lat' dir='ltr'>diviuitas</span> <span class='ocrx_word' id='word_1_13' title='bbox 797 396 893 462; x_wconf 90' lang='lat' dir='ltr'>neque</span> <span class='ocrx_word' id='word_1_14' title='bbox 909 375 1009 440; x_wconf 78' lang='lat' dir='ltr'>efferri</span> <span class='ocrx_word' id='word_1_15' title='bbox 1024 395 1093 439; x_wconf 88' lang='lat' dir='ltr'>sese</span> <span class='ocrx_word' id='word_1_16' title='bbox 1109 375 1246 460; x_wconf 87' lang='lat' dir='ltr'>postulat,</span> <span class='ocrx_word' id='word_1_17' title='bbox 1264 375 1347 460; x_wconf 79' lang='lat' dir='ltr'>quasi</span> 
     </span>
     <span class='ocr_line' id='line_1_3' title="bbox 191 477 1347 567; baseline -0.007 -20"><span class='ocrx_word' id='word_1_18' title='bbox 191 483 324 559; x_wconf 89' lang='lat' dir='ltr'>nonsit,</span> <span class='ocrx_word' id='word_1_19' title='bbox 358 501 454 567; x_wconf 89' lang='lat' dir='ltr'>neque</span> <span class='ocrx_word' id='word_1_20' title='bbox 477 481 685 546; x_wconf 72' lang='lat' dir='ltr'><strong>sublimitatem</strong></span> <span class='ocrx_word' id='word_1_21' title='bbox 711 479 853 564; x_wconf 73' lang='lat' dir='ltr'>requirit,</span> <span class='ocrx_word' id='word_1_22' title='bbox 887 478 957 542; x_wconf 87' lang='lat' dir='ltr'>licet</span> <span class='ocrx_word' id='word_1_23' title='bbox 982 478 1019 541; x_wconf 86' lang='lat' dir='ltr'>ab</span> <span class='ocrx_word' id='word_1_24' title='bbox 1043 477 1155 560; x_wconf 82' lang='lat' dir='ltr'>ignaris</span> <span class='ocrx_word' id='word_1_25' title='bbox 1177 477 1347 560; x_wconf 84' lang='lat' dir='ltr'>quibusdam</span> 
     </span>
     <span class='ocr_line' id='line_1_4' title="bbox 191 578 1349 672; baseline -0.006 -23"><span class='ocrx_word' id='word_1_26' title='bbox 191 584 386 672; x_wconf 85' lang='lat' dir='ltr'>praedicando</span> <span class='ocrx_word' id='word_1_27' title='bbox 409 605 468 648; x_wconf 91' lang='lat' dir='ltr'>non</span> <span class='ocrx_word' id='word_1_28' title='bbox 486 583 654 661; x_wconf 73' lang='lat' dir='ltr'>attollatur,</span> <span class='ocrx_word' id='word_1_29' title='bbox 689 602 783 666; x_wconf 88' lang='lat' dir='ltr'>neque</span> <span class='ocrx_word' id='word_1_30' title='bbox 804 581 889 646; x_wconf 93' lang='lat' dir='ltr'>ullius</span> <span class='ocrx_word' id='word_1_31' title='bbox 907 578 1032 643; x_wconf 90' lang='lat' dir='ltr'>bominis</span> <span class='ocrx_word' id='word_1_32' title='bbox 1051 579 1288 663; x_wconf 75' lang='lat' dir='ltr'>pronuntiatione</span> <span class='ocrx_word' id='word_1_33' title='bbox 1306 579 1349 642; x_wconf 90' lang='lat' dir='ltr'>di·</span> 
     </span>
     <span class='ocr_line' id='line_1_5' title="bbox 189 682 1349 766; baseline -0.006 -14"><span class='ocrx_word' id='word_1_34' title='bbox 189 687 321 753; x_wconf 83' lang='lat' dir='ltr'>vinitatis</span> <span class='ocrx_word' id='word_1_35' title='bbox 344 685 508 751; x_wconf 79' lang='lat' dir='ltr'>substantia</span> <span class='ocrx_word' id='word_1_36' title='bbox 531 695 658 748; x_wconf 85' lang='lat' dir='ltr'>constat.</span> <span class='ocrx_word' id='word_1_37' title='bbox 703 682 775 748; x_wconf 86' lang='lat' dir='ltr'>Non</span> <span class='ocrx_word' id='word_1_38' title='bbox 795 683 873 747; x_wconf 89' lang='lat' dir='ltr'>enim</span> <span class='ocrx_word' id='word_1_39' title='bbox 892 682 1038 747; x_wconf 90' lang='lat' dir='ltr'>bominum</span> <span class='ocrx_word' id='word_1_40' title='bbox 1061 691 1264 745; x_wconf 76' lang='lat' dir='ltr'>ceterorumve</span> <span class='ocrx_word' id='word_1_41' title='bbox 1283 703 1349 766; x_wconf 92' lang='lat' dir='ltr'>pro·</span> 
     </span>
     <span class='ocr_line' id='line_1_6' title="bbox 190 784 1349 875; baseline -0.009 -19"><span class='ocrx_word' id='word_1_42' title='bbox 190 790 261 857; x_wconf 84' lang='lat' dir='ltr'>latio</span> <span class='ocrx_word' id='word_1_43' title='bbox 282 789 402 875; x_wconf 80' lang='lat' dir='ltr'>gloriari</span> <span class='ocrx_word' id='word_1_44' title='bbox 419 787 528 873; x_wconf 89' lang='lat' dir='ltr'>poterit</span> <span class='ocrx_word' id='word_1_45' title='bbox 544 787 599 851; x_wconf 88' lang='lat' dir='ltr'>dec</span> <span class='ocrx_word' id='word_1_46' title='bbox 614 807 666 866; x_wconf 91' lang='lat' dir='ltr'>se,</span> <span class='ocrx_word' id='word_1_47' title='bbox 699 786 779 849; x_wconf 86' lang='lat' dir='ltr'>velut</span> <span class='ocrx_word' id='word_1_48' title='bbox 799 785 959 869; x_wconf 79' lang='lat' dir='ltr'>indigenti,</span> <span class='ocrx_word' id='word_1_49' title='bbox 989 785 1112 868; x_wconf 85' lang='lat' dir='ltr'>gloriam</span> <span class='ocrx_word' id='word_1_50' title='bbox 1132 784 1279 868; x_wconf 89' lang='lat' dir='ltr'>decusque</span> <span class='ocrx_word' id='word_1_51' title='bbox 1297 784 1349 847; x_wconf 89' lang='lat' dir='ltr'>tri-</span> 
     </span>
     <span class='ocr_line' id='line_1_7' title="bbox 189 885 1348 974; baseline -0.008 -15"><span class='ocrx_word' id='word_1_52' title='bbox 189 893 308 971; x_wconf 83' lang='lat' dir='ltr'>buisse,</span> <span class='ocrx_word' id='word_1_53' title='bbox 341 902 392 955; x_wconf 89' lang='lat' dir='ltr'>aut</span> <span class='ocrx_word' id='word_1_54' title='bbox 419 891 513 954; x_wconf 89' lang='lat' dir='ltr'>eidem</span> <span class='ocrx_word' id='word_1_55' title='bbox 544 889 735 974; x_wconf 84' lang='lat' dir='ltr'>omnipotenti</span> <span class='ocrx_word' id='word_1_56' title='bbox 755 889 963 973; x_wconf 88' lang='lat' dir='ltr'>adorandoque</span> <span class='ocrx_word' id='word_1_57' title='bbox 982 888 1038 951; x_wconf 92' lang='lat' dir='ltr'>deo</span> <span class='ocrx_word' id='word_1_58' title='bbox 1057 885 1223 952; x_wconf 90' lang='lat' dir='ltr'>ornamenti</span> <span class='ocrx_word' id='word_1_59' title='bbox 1242 885 1348 970; x_wconf 88' lang='lat' dir='ltr'>aliquid</span> 
     </span>
     <span class='ocr_line' id='line_1_8' title="bbox 190 990 1349 1076; baseline -0.007 -16"><span class='ocrx_word' id='word_1_60' title='bbox 190 995 345 1074; x_wconf 81' lang='lat' dir='ltr'>attulisse;</span> <span class='ocrx_word' id='word_1_61' title='bbox 380 1013 465 1076; x_wconf 87' lang='lat' dir='ltr'>quem</span> <span class='ocrx_word' id='word_1_62' title='bbox 491 991 608 1075; x_wconf 86' lang='lat' dir='ltr'>quidem</span> <span class='ocrx_word' id='word_1_63' title='bbox 634 992 720 1055; x_wconf 87' lang='lat' dir='ltr'>deum</span> <span class='ocrx_word' id='word_1_64' title='bbox 748 1002 779 1054; x_wconf 90' lang='lat' dir='ltr'>et</span> <span class='ocrx_word' id='word_1_65' title='bbox 802 1001 967 1054; x_wconf 72' lang='lat' dir='ltr'>creatorem</span> <span class='ocrx_word' id='word_1_66' title='bbox 998 990 1237 1074; x_wconf 81' lang='lat' dir='ltr'>conditoremque</span> <span class='ocrx_word' id='word_1_67' title='bbox 1265 1010 1349 1053; x_wconf 89' lang='lat' dir='ltr'>suum</span> 
     </span>
     <span class='ocr_line' id='line_1_9' title="bbox 190 1090 1349 1182; baseline -0.004 -23"><span class='ocrx_word' id='word_1_68' title='bbox 190 1096 336 1182; x_wconf 77' lang='lat' dir='ltr'>agnoscit.</span> <span class='ocrx_word' id='word_1_69' title='bbox 381 1092 452 1158; x_wconf 88' lang='lat' dir='ltr'>Non</span> <span class='ocrx_word' id='word_1_70' title='bbox 467 1093 557 1172; x_wconf 88' lang='lat' dir='ltr'>enim,</span> <span class='ocrx_word' id='word_1_71' title='bbox 580 1090 704 1181; x_wconf 74' lang='lat' dir='ltr'>opinor,</span> <span class='ocrx_word' id='word_1_72' title='bbox 730 1103 785 1156; x_wconf 91' lang='lat' dir='ltr'>tam</span> <span class='ocrx_word' id='word_1_73' title='bbox 803 1093 1000 1177; x_wconf 80' lang='lat' dir='ltr'>exquisitore</span> <span class='ocrx_word' id='word_1_74' title='bbox 1018 1093 1174 1178; x_wconf 84' lang='lat' dir='ltr'>splendore</span> <span class='ocrx_word' id='word_1_75' title='bbox 1190 1091 1349 1178; x_wconf 85' lang='lat' dir='ltr'>praeditam</span> 
     </span>
     <span class='ocr_line' id='line_1_10' title="bbox 192 1193 1351 1280; baseline -0.005 -18"><span class='ocrx_word' id='word_1_76' title='bbox 192 1196 361 1274; x_wconf 83' lang='lat' dir='ltr'>existimat,</span> <span class='ocrx_word' id='word_1_77' title='bbox 385 1208 418 1259; x_wconf 94' lang='lat' dir='ltr'>ut</span> <span class='ocrx_word' id='word_1_78' title='bbox 436 1197 525 1260; x_wconf 88' lang='lat' dir='ltr'>etiam</span> <span class='ocrx_word' id='word_1_79' title='bbox 545 1194 728 1267; x_wconf 74' lang='lat' dir='ltr'>conditorem</span> <span class='ocrx_word' id='word_1_80' title='bbox 746 1216 830 1259; x_wconf 89' lang='lat' dir='ltr'>suum</span> <span class='ocrx_word' id='word_1_81' title='bbox 849 1216 997 1260; x_wconf 67' lang='lat' dir='ltr'>aornare</span> <span class='ocrx_word' id='word_1_82' title='bbox 1015 1197 1119 1280; x_wconf 84' lang='lat' dir='ltr'>possit.</span> <span class='ocrx_word' id='word_1_83' title='bbox 1164 1193 1283 1279; x_wconf 81' lang='lat' dir='ltr'>Alioqui</span> <span class='ocrx_word' id='word_1_84' title='bbox 1303 1214 1351 1256; x_wconf 88' lang='lat' dir='ltr'>se·</span> 
     </span>
     <span class='ocr_line' id='line_1_11' title="bbox 193 1298 1352 1382; baseline -0.003 -20"><span class='ocrx_word' id='word_1_85' title='bbox 193 1298 344 1382; x_wconf 83' lang='lat' dir='ltr'>metipsum</span> <span class='ocrx_word' id='word_1_86' title='bbox 370 1299 548 1362; x_wconf 87' lang='lat' dir='ltr'>adorandam</span> <span class='ocrx_word' id='word_1_87' title='bbox 571 1318 638 1364; x_wconf 85' lang='lat' dir='ltr'>case</span> <span class='ocrx_word' id='word_1_88' title='bbox 653 1299 807 1377; x_wconf 83' lang='lat' dir='ltr'>crederet,</span> <span class='ocrx_word' id='word_1_89' title='bbox 839 1320 898 1362; x_wconf 93' lang='lat' dir='ltr'>non</span> <span class='ocrx_word' id='word_1_90' title='bbox 919 1319 984 1363; x_wconf 91' lang='lat' dir='ltr'>eum</span> <span class='ocrx_word' id='word_1_91' title='bbox 1003 1319 1088 1382; x_wconf 91' lang='lat' dir='ltr'>quem</span> <span class='ocrx_word' id='word_1_92' title='bbox 1107 1299 1210 1361; x_wconf 89' lang='lat' dir='ltr'>adorat</span> <span class='ocrx_word' id='word_1_93' title='bbox 1226 1317 1352 1364; x_wconf 85' lang='lat' dir='ltr'>venera-</span> 
     </span>
     <span class='ocr_line' id='line_1_12' title="bbox 193 1397 1348 1482; baseline -0.002 -18"><span class='ocrx_word' id='word_1_94' title='bbox 193 1412 287 1465; x_wconf 83' lang='lat' dir='ltr'>retur.</span> <span class='ocrx_word' id='word_1_95' title='bbox 332 1397 431 1482; x_wconf 86' lang='lat' dir='ltr'>Quare</span> <span class='ocrx_word' id='word_1_96' title='bbox 447 1402 556 1464; x_wconf 89' lang='lat' dir='ltr'>lrustra</span> <span class='ocrx_word' id='word_1_97' title='bbox 572 1402 716 1465; x_wconf 84' lang='lat' dir='ltr'>adversus</span> <span class='ocrx_word' id='word_1_98' title='bbox 731 1421 834 1464; x_wconf 90' lang='lat' dir='ltr'>omnes</span> <span class='ocrx_word' id='word_1_99' title='bbox 851 1412 911 1478; x_wconf 91' lang='lat' dir='ltr'>tua,</span> <span class='ocrx_word' id='word_1_100' title='bbox 936 1400 1051 1481; x_wconf 80' lang='lat' dir='ltr'>caen,</span> <span class='ocrx_word' id='word_1_101' title='bbox 1076 1399 1227 1465; x_wconf 87' lang='lat' dir='ltr'>contendit</span> <span class='ocrx_word' id='word_1_102' title='bbox 1241 1400 1348 1463; x_wconf 86' lang='lat' dir='ltr'>oratio.</span> 
     </span>
    </p>

    <p class='ocr_par' dir='ltr' id='par_1_3' title="bbox 193 1498 1351 1894">
     <span class='ocr_line' id='line_1_13' title="bbox 278 1498 1351 1588; baseline 0.001 -23"><span class='ocrx_word' id='word_1_103' title='bbox 278 1503 357 1566; x_wconf 79' lang='lat' dir='ltr'>Actii</span> <span class='ocrx_word' id='word_1_104' title='bbox 373 1498 473 1586; x_wconf 85' lang='lat' dir='ltr'>Caput</span> <span class='ocrx_word' id='word_1_105' title='bbox 486 1500 624 1569; x_wconf 81' lang='lat' dir='ltr'>xxvss.</span> <span class='ocrx_word' id='word_1_106' title='bbox 672 1499 705 1567; x_wconf 89' lang='lat' dir='ltr'>Si</span> <span class='ocrx_word' id='word_1_107' title='bbox 731 1524 796 1567; x_wconf 90' lang='lat' dir='ltr'>cum</span> <span class='ocrx_word' id='word_1_108' title='bbox 819 1524 856 1566; x_wconf 89' lang='lat' dir='ltr'>eo</span> <span class='ocrx_word' id='word_1_109' title='bbox 878 1504 957 1567; x_wconf 93' lang='lat' dir='ltr'>omni</span> <span class='ocrx_word' id='word_1_110' title='bbox 977 1504 1053 1588; x_wconf 90' lang='lat' dir='ltr'>quud</span> <span class='ocrx_word' id='word_1_111' title='bbox 1076 1504 1206 1587; x_wconf 84' lang='lat' dir='ltr'>genitum</span> <span class='ocrx_word' id='word_1_112' title='bbox 1227 1513 1274 1566; x_wconf 86' lang='lat' dir='ltr'>est</span> <span class='ocrx_word' id='word_1_113' title='bbox 1297 1501 1351 1566; x_wconf 84' lang='lat' dir='ltr'>irn-</span> 
     </span>
     <span class='ocr_line' id='line_1_14' title="bbox 193 1604 1351 1690; baseline 0.003 -23"><span class='ocrx_word' id='word_1_114' title='bbox 193 1604 299 1690; x_wconf 82' lang='lat' dir='ltr'>plieata</span> <span class='ocrx_word' id='word_1_115' title='bbox 321 1615 352 1668; x_wconf 91' lang='lat' dir='ltr'>et</span> <span class='ocrx_word' id='word_1_116' title='bbox 374 1605 531 1681; x_wconf 60' lang='lat' dir='ltr'>coniurata</span> <span class='ocrx_word' id='word_1_117' title='bbox 554 1625 676 1670; x_wconf 89' lang='lat' dir='ltr'>caussae</span> <span class='ocrx_word' id='word_1_118' title='bbox 690 1604 773 1670; x_wconf 91' lang='lat' dir='ltr'>notio</span> <span class='ocrx_word' id='word_1_119' title='bbox 790 1617 852 1684; x_wconf 88' lang='lat' dir='ltr'>est,</span> <span class='ocrx_word' id='word_1_120' title='bbox 886 1607 1017 1690; x_wconf 76' lang='lat' dir='ltr'>ingenita</span> <span class='ocrx_word' id='word_1_121' title='bbox 1035 1628 1107 1670; x_wconf 85' lang='lat' dir='ltr'>vero</span> <span class='ocrx_word' id='word_1_122' title='bbox 1124 1617 1227 1671; x_wconf 87' lang='lat' dir='ltr'>natura</span> <span class='ocrx_word' id='word_1_123' title='bbox 1246 1625 1351 1671; x_wconf 83' lang='lat' dir='ltr'>caussa</span> 
     </span>
     <span class='ocr_line' id='line_1_15' title="bbox 193 1706 1351 1794; baseline 0.002 -24"><span class='ocrx_word' id='word_1_124' title='bbox 193 1718 292 1786; x_wconf 89' lang='lat' dir='ltr'>caret,</span> <span class='ocrx_word' id='word_1_125' title='bbox 316 1729 380 1772; x_wconf 90' lang='lat' dir='ltr'>cnm</span> <span class='ocrx_word' id='word_1_126' title='bbox 398 1706 560 1794; x_wconf 66' lang='lat' dir='ltr'>ingenitum</span> <span class='ocrx_word' id='word_1_127' title='bbox 576 1706 717 1788; x_wconf 90' lang='lat' dir='ltr'>dicimus,</span> <span class='ocrx_word' id='word_1_128' title='bbox 741 1729 800 1771; x_wconf 94' lang='lat' dir='ltr'>non</span> <span class='ocrx_word' id='word_1_129' title='bbox 817 1729 952 1772; x_wconf 79' lang='lat' dir='ltr'>caussam</span> <span class='ocrx_word' id='word_1_130' title='bbox 974 1709 1120 1793; x_wconf 75' lang='lat' dir='ltr'>aliquam,</span> <span class='ocrx_word' id='word_1_131' title='bbox 1144 1710 1195 1773; x_wconf 94' lang='lat' dir='ltr'>sed</span> <span class='ocrx_word' id='word_1_132' title='bbox 1214 1709 1351 1773; x_wconf 88' lang='lat' dir='ltr'>substan·</span> 
     </span>
     <span class='ocr_line' id='line_1_16' title="bbox 193 1810 488 1894; baseline 0 -21"><span class='ocrx_word' id='word_1_133' title='bbox 193 1810 263 1874; x_wconf 88' lang='lat' dir='ltr'>tiam</span> <span class='ocrx_word' id='word_1_134' title='bbox 285 1810 488 1894; x_wconf 84' lang='lat' dir='ltr'>exprimimus.</span> 
     </span>
    </p>

    <p class='ocr_par' dir='ltr' id='par_1_4' title="bbox 191 1907 1426 4043">
     <span class='ocr_line' id='line_1_17' title="bbox 279 1907 1351 2007; baseline 0.003 -31"><span class='ocrx_word' id='word_1_135' title='bbox 279 1907 401 1976; x_wconf 86' lang='lat' dir='ltr'>Conlnt.</span> <span class='ocrx_word' id='word_1_136' title='bbox 429 1909 566 1977; x_wconf 85' lang='lat' dir='ltr'>XXVII.</span> <span class='ocrx_word' id='word_1_137' title='bbox 623 1909 710 1996; x_wconf 93' lang='lat' dir='ltr'>Quod</span> <span class='ocrx_word' id='word_1_138' title='bbox 743 1934 809 1975; x_wconf 92' lang='lat' dir='ltr'>cum</span> <span class='ocrx_word' id='word_1_139' title='bbox 840 1912 919 1976; x_wconf 88' lang='lat' dir='ltr'>omni</span> <span class='ocrx_word' id='word_1_140' title='bbox 948 1913 1049 1997; x_wconf 79' lang='lat' dir='ltr'>genito</span> <span class='ocrx_word' id='word_1_141' title='bbox 1078 1912 1254 2007; x_wconf 75' lang='lat' dir='ltr'>implicatam</span> <span class='ocrx_word' id='word_1_142' title='bbox 1283 1934 1351 1979; x_wconf 89' lang='lat' dir='ltr'>esse</span> 
     </span>
     <span class='ocr_line' id='line_1_18' title="bbox 193 2014 1348 2100; baseline 0.001 -21"><span class='ocrx_word' id='word_1_143' title='bbox 193 2034 317 2079; x_wconf 85' lang='lat' dir='ltr'>caussae</span> <span class='ocrx_word' id='word_1_144' title='bbox 333 2014 484 2078; x_wconf 83' lang='lat' dir='ltr'>notiorem</span> <span class='ocrx_word' id='word_1_145' title='bbox 502 2015 630 2093; x_wconf 86' lang='lat' dir='ltr'>asseris,</span> <span class='ocrx_word' id='word_1_146' title='bbox 661 2014 848 2079; x_wconf 84' lang='lat' dir='ltr'>verissimum</span> <span class='ocrx_word' id='word_1_147' title='bbox 869 2015 985 2100; x_wconf 91' lang='lat' dir='ltr'>quidem</span> <span class='ocrx_word' id='word_1_148' title='bbox 1008 2015 1070 2094; x_wconf 83' lang='lat' dir='ltr'>esl,</span> <span class='ocrx_word' id='word_1_149' title='bbox 1103 2017 1233 2080; x_wconf 92' lang='lat' dir='ltr'>sednon</span> <span class='ocrx_word' id='word_1_150' title='bbox 1258 2018 1348 2096; x_wconf 90' lang='lat' dir='ltr'>istud,</span> 
     </span>
     <span class='ocr_line' id='line_1_19' title="bbox 193 2115 1351 2204; baseline 0.003 -24"><span class='ocrx_word' id='word_1_151' title='bbox 193 2117 275 2202; x_wconf 87' lang='lat' dir='ltr'>quasi</span> <span class='ocrx_word' id='word_1_152' title='bbox 292 2138 310 2180; x_wconf 94' lang='lat' dir='ltr'>a</span> <span class='ocrx_word' id='word_1_153' title='bbox 326 2127 354 2180; x_wconf 89' lang='lat' dir='ltr'>te</span> <span class='ocrx_word' id='word_1_154' title='bbox 372 2116 576 2197; x_wconf 87' lang='lat' dir='ltr'>didicerimus,</span> <span class='ocrx_word' id='word_1_155' title='bbox 608 2117 792 2202; x_wconf 73' lang='lat' dir='ltr'>profitemur.</span> <span class='ocrx_word' id='word_1_156' title='bbox 838 2115 903 2180; x_wconf 90' lang='lat' dir='ltr'>lloc</span> <span class='ocrx_word' id='word_1_157' title='bbox 923 2118 999 2181; x_wconf 86' lang='lat' dir='ltr'>enim</span> <span class='ocrx_word' id='word_1_158' title='bbox 1021 2138 1091 2181; x_wconf 84' lang='lat' dir='ltr'>nera</span> <span class='ocrx_word' id='word_1_159' title='bbox 1109 2118 1172 2204; x_wconf 89' lang='lat' dir='ltr'>ipsa</span> <span class='ocrx_word' id='word_1_160' title='bbox 1190 2120 1265 2183; x_wconf 78' lang='lat' dir='ltr'>ludes</span> <span class='ocrx_word' id='word_1_161' title='bbox 1280 2120 1351 2182; x_wconf 88' lang='lat' dir='ltr'>iam-</span> 
     </span>
     <span class='ocr_line' id='line_1_20' title="bbox 193 2220 1350 2304; baseline 0.003 -22"><span class='ocrx_word' id='word_1_162' title='bbox 193 2220 299 2283; x_wconf 92' lang='lat' dir='ltr'>dudum</span> <span class='ocrx_word' id='word_1_163' title='bbox 325 2231 535 2303; x_wconf 81' lang='lat' dir='ltr'>praesenserat</span> <span class='ocrx_word' id='word_1_164' title='bbox 555 2229 585 2281; x_wconf 90' lang='lat' dir='ltr'>et</span> <span class='ocrx_word' id='word_1_165' title='bbox 611 2221 744 2304; x_wconf 89' lang='lat' dir='ltr'>prolessa</span> <span class='ocrx_word' id='word_1_166' title='bbox 771 2221 918 2283; x_wconf 87' lang='lat' dir='ltr'>lucratae</span> <span class='ocrx_word' id='word_1_167' title='bbox 933 2221 1091 2298; x_wconf 86' lang='lat' dir='ltr'>docuerat,</span> <span class='ocrx_word' id='word_1_168' title='bbox 1124 2221 1208 2285; x_wconf 88' lang='lat' dir='ltr'>deum</span> <span class='ocrx_word' id='word_1_169' title='bbox 1226 2242 1350 2286; x_wconf 86' lang='lat' dir='ltr'>caussae</span> 
     </span>
     <span class='ocr_line' id='line_1_21' title="bbox 191 2321 1350 2408; baseline -0.001 -21"><span class='ocrx_word' id='word_1_170' title='bbox 191 2342 259 2387; x_wconf 86' lang='lat' dir='ltr'>esse</span> <span class='ocrx_word' id='word_1_171' title='bbox 285 2322 380 2386; x_wconf 86' lang='lat' dir='ltr'>omnis</span> <span class='ocrx_word' id='word_1_172' title='bbox 406 2331 577 2408; x_wconf 88' lang='lat' dir='ltr'>expertem,</span> <span class='ocrx_word' id='word_1_173' title='bbox 608 2341 663 2383; x_wconf 91' lang='lat' dir='ltr'>nec</span> <span class='ocrx_word' id='word_1_174' title='bbox 691 2321 749 2385; x_wconf 92' lang='lat' dir='ltr'>nlla</span> <span class='ocrx_word' id='word_1_175' title='bbox 774 2343 807 2386; x_wconf 87' lang='lat' dir='ltr'>rc</span> <span class='ocrx_word' id='word_1_176' title='bbox 831 2322 1027 2408; x_wconf 86' lang='lat' dir='ltr'>permixtum,</span> <span class='ocrx_word' id='word_1_177' title='bbox 1060 2344 1115 2385; x_wconf 92' lang='lat' dir='ltr'>nec</span> <span class='ocrx_word' id='word_1_178' title='bbox 1140 2323 1175 2385; x_wconf 90' lang='lat' dir='ltr'>ad</span> <span class='ocrx_word' id='word_1_179' title='bbox 1198 2323 1284 2387; x_wconf 89' lang='lat' dir='ltr'>ullius</span> <span class='ocrx_word' id='word_1_180' title='bbox 1307 2324 1350 2386; x_wconf 90' lang='lat' dir='ltr'>rei</span> 
     </span>
     <span class='ocr_line' id='line_1_22' title="bbox 192 2421 1351 2510; baseline -0.001 -21"><span class='ocrx_word' id='word_1_181' title='bbox 192 2425 396 2509; x_wconf 87' lang='lat' dir='ltr'>aequalitatem</span> <span class='ocrx_word' id='word_1_182' title='bbox 414 2444 502 2509; x_wconf 85' lang='lat' dir='ltr'>posse</span> <span class='ocrx_word' id='word_1_183' title='bbox 516 2423 640 2487; x_wconf 90' lang='lat' dir='ltr'>demitti.</span> <span class='ocrx_word' id='word_1_184' title='bbox 671 2421 749 2488; x_wconf 89' lang='lat' dir='ltr'>Nam</span> <span class='ocrx_word' id='word_1_185' title='bbox 764 2437 920 2510; x_wconf 86' lang='lat' dir='ltr'>propterea</span> <span class='ocrx_word' id='word_1_186' title='bbox 935 2426 1005 2489; x_wconf 89' lang='lat' dir='ltr'>nihil</span> <span class='ocrx_word' id='word_1_187' title='bbox 1022 2426 1201 2490; x_wconf 91' lang='lat' dir='ltr'>adorandum</span> <span class='ocrx_word' id='word_1_188' title='bbox 1217 2436 1351 2510; x_wconf 87' lang='lat' dir='ltr'>putamus</span> 
     </span>
     <span class='ocr_line' id='line_1_23' title="bbox 192 2520 1352 2617; baseline 0.001 -27"><span class='ocrx_word' id='word_1_189' title='bbox 192 2527 268 2612; x_wconf 94' lang='lat' dir='ltr'>quod</span> <span class='ocrx_word' id='word_1_190' title='bbox 291 2525 390 2590; x_wconf 84' lang='lat' dir='ltr'>diviua</span> <span class='ocrx_word' id='word_1_191' title='bbox 412 2520 600 2617; x_wconf 44' lang='lat' dir='ltr'>*jutura</span> <span class='ocrx_word' id='word_1_192' title='bbox 619 2526 659 2589; x_wconf 87' lang='lat' dir='ltr'>sit</span> <span class='ocrx_word' id='word_1_193' title='bbox 680 2526 813 2590; x_wconf 77' lang='lat' dir='ltr'>interius.</span> <span class='ocrx_word' id='word_1_194' title='bbox 860 2525 977 2613; x_wconf 85' lang='lat' dir='ltr'>Quippe</span> <span class='ocrx_word' id='word_1_195' title='bbox 1001 2550 1066 2591; x_wconf 92' lang='lat' dir='ltr'>cum</span> <span class='ocrx_word' id='word_1_196' title='bbox 1090 2529 1118 2592; x_wconf 89' lang='lat' dir='ltr'>ei</span> <span class='ocrx_word' id='word_1_197' title='bbox 1141 2528 1195 2592; x_wconf 86' lang='lat' dir='ltr'>soli</span> <span class='ocrx_word' id='word_1_198' title='bbox 1214 2528 1261 2612; x_wconf 92' lang='lat' dir='ltr'>qui</span> <span class='ocrx_word' id='word_1_199' title='bbox 1282 2528 1352 2591; x_wconf 90' lang='lat' dir='ltr'>nulli</span> 
     </span>
     <span class='ocr_line' id='line_1_24' title="bbox 193 2626 1354 2716; baseline 0.003 -24"><span class='ocrx_word' id='word_1_200' title='bbox 193 2628 343 2692; x_wconf 87' lang='lat' dir='ltr'>subiectus</span> <span class='ocrx_word' id='word_1_201' title='bbox 367 2639 415 2693; x_wconf 90' lang='lat' dir='ltr'>est</span> <span class='ocrx_word' id='word_1_202' title='bbox 437 2626 478 2695; x_wconf 65' lang='grc' dir='ltr'><strong><em>ἠ</em></strong></span> <span class='ocrx_word' id='word_1_203' title='bbox 500 2628 549 2692; x_wconf 91' lang='lat' dir='ltr'>ille</span> <span class='ocrx_word' id='word_1_204' title='bbox 568 2629 664 2693; x_wconf 89' lang='lat' dir='ltr'>cultus</span> <span class='ocrx_word' id='word_1_205' title='bbox 684 2628 881 2707; x_wconf 90' lang='lat' dir='ltr'>adhibendus,</span> <span class='ocrx_word' id='word_1_206' title='bbox 913 2630 987 2715; x_wconf 90' lang='lat' dir='ltr'>patri</span> <span class='ocrx_word' id='word_1_207' title='bbox 1011 2630 1146 2695; x_wconf 89' lang='lat' dir='ltr'>videlicet</span> <span class='ocrx_word' id='word_1_208' title='bbox 1168 2629 1300 2716; x_wconf 84' lang='lat' dir='ltr'>ingenito</span> <span class='ocrx_word' id='word_1_209' title='bbox 1323 2642 1354 2695; x_wconf 90' lang='lat' dir='ltr'>et</span> 
     </span>
     <span class='ocr_line' id='line_1_25' title="bbox 195 2729 1353 2819; baseline 0.003 -26"><span class='ocrx_word' id='word_1_210' title='bbox 195 2729 274 2808; x_wconf 78' lang='lat' dir='ltr'>suto,</span> <span class='ocrx_word' id='word_1_211' title='bbox 298 2731 347 2814; x_wconf 90' lang='lat' dir='ltr'>qni</span> <span class='ocrx_word' id='word_1_212' title='bbox 364 2729 480 2814; x_wconf 86' lang='lat' dir='ltr'>abipso</span> <span class='ocrx_word' id='word_1_213' title='bbox 497 2731 615 2815; x_wconf 78' lang='lat' dir='ltr'>genitus</span> <span class='ocrx_word' id='word_1_214' title='bbox 633 2742 696 2809; x_wconf 87' lang='lat' dir='ltr'>est,</span> <span class='ocrx_word' id='word_1_215' title='bbox 728 2742 759 2793; x_wconf 91' lang='lat' dir='ltr'>et</span> <span class='ocrx_word' id='word_1_216' title='bbox 773 2731 886 2816; x_wconf 90' lang='lat' dir='ltr'>spiritui</span> <span class='ocrx_word' id='word_1_217' title='bbox 905 2745 1026 2811; x_wconf 92' lang='lat' dir='ltr'>sancto,</span> <span class='ocrx_word' id='word_1_218' title='bbox 1057 2734 1105 2817; x_wconf 91' lang='lat' dir='ltr'>qui</span> <span class='ocrx_word' id='word_1_219' title='bbox 1122 2734 1158 2797; x_wconf 89' lang='lat' dir='ltr'>ab</span> <span class='ocrx_word' id='word_1_220' title='bbox 1178 2734 1281 2796; x_wconf 90' lang='lat' dir='ltr'>eodem</span> <span class='ocrx_word' id='word_1_221' title='bbox 1301 2755 1353 2819; x_wconf 90' lang='lat' dir='ltr'>per</span> 
     </span>
     <span class='ocr_line' id='line_1_26' title="bbox 196 2831 1349 2918; baseline 0.003 -23"><span class='ocrx_word' id='word_1_222' title='bbox 196 2832 377 2915; x_wconf 81' lang='lat' dir='ltr'>unigenitum</span> <span class='ocrx_word' id='word_1_223' title='bbox 393 2834 552 2918; x_wconf 91' lang='lat' dir='ltr'>productus</span> <span class='ocrx_word' id='word_1_224' title='bbox 566 2845 622 2896; x_wconf 88' lang='lat' dir='ltr'>est.</span> <span class='ocrx_word' id='word_1_225' title='bbox 669 2831 912 2918; x_wconf 80' lang='lat' dir='ltr'>Quandoquidem</span> <span class='ocrx_word' id='word_1_226' title='bbox 929 2835 1000 2905; x_wconf 88' lang='lat' dir='ltr'>nibil</span> <span class='ocrx_word' id='word_1_227' title='bbox 1016 2835 1045 2898; x_wconf 92' lang='lat' dir='ltr'>in</span> <span class='ocrx_word' id='word_1_228' title='bbox 1061 2836 1192 2899; x_wconf 88' lang='lat' dir='ltr'>trinitate</span> <span class='ocrx_word' id='word_1_229' title='bbox 1206 2847 1349 2913; x_wconf 85' lang='lat' dir='ltr'>creatum,</span> 
     </span>
     <span class='ocr_line' id='line_1_27' title="bbox 194 2934 1352 3022; baseline 0.003 -24"><span class='ocrx_word' id='word_1_230' title='bbox 194 2934 265 2999; x_wconf 91' lang='lat' dir='ltr'>nibil</span> <span class='ocrx_word' id='word_1_231' title='bbox 283 2954 406 2999; x_wconf 88' lang='lat' dir='ltr'>caussae</span> <span class='ocrx_word' id='word_1_232' title='bbox 429 2934 478 2998; x_wconf 89' lang='lat' dir='ltr'>ulli</span> <span class='ocrx_word' id='word_1_233' title='bbox 496 2946 542 2999; x_wconf 89' lang='lat' dir='ltr'>est</span> <span class='ocrx_word' id='word_1_234' title='bbox 558 2934 732 3000; x_wconf 79' lang='lat' dir='ltr'>obnoxium.</span> <span class='ocrx_word' id='word_1_235' title='bbox 778 2934 848 2999; x_wconf 89' lang='lat' dir='ltr'>Non</span> <span class='ocrx_word' id='word_1_236' title='bbox 872 2938 949 3000; x_wconf 90' lang='lat' dir='ltr'>enim</span> <span class='ocrx_word' id='word_1_237' title='bbox 973 2938 1079 3022; x_wconf 89' lang='lat' dir='ltr'>aliquid</span> <span class='ocrx_word' id='word_1_238' title='bbox 1100 2938 1129 3002; x_wconf 91' lang='lat' dir='ltr'>in</span> <span class='ocrx_word' id='word_1_239' title='bbox 1146 2939 1194 3001; x_wconf 89' lang='lat' dir='ltr'>illa</span> <span class='ocrx_word' id='word_1_240' title='bbox 1211 2948 1256 3001; x_wconf 88' lang='lat' dir='ltr'>cst</span> <span class='ocrx_word' id='word_1_241' title='bbox 1272 2959 1288 3001; x_wconf 90' lang='lat' dir='ltr'>e</span> <span class='ocrx_word' id='word_1_242' title='bbox 1306 2940 1352 3002; x_wconf 92' lang='lat' dir='ltr'>ni-</span> 
     </span>
     <span class='ocr_line' id='line_1_28' title="bbox 195 3037 1352 3124; baseline 0.004 -24"><span class='ocrx_word' id='word_1_243' title='bbox 195 3037 254 3101; x_wconf 88' lang='lat' dir='ltr'>hilo</span> <span class='ocrx_word' id='word_1_244' title='bbox 273 3039 470 3123; x_wconf 82' lang='lat' dir='ltr'>produetum,</span> <span class='ocrx_word' id='word_1_245' title='bbox 487 3040 568 3102; x_wconf 86' lang='lat' dir='ltr'>velut</span> <span class='ocrx_word' id='word_1_246' title='bbox 583 3048 683 3102; x_wconf 90' lang='lat' dir='ltr'>cetera</span> <span class='ocrx_word' id='word_1_247' title='bbox 701 3059 775 3123; x_wconf 90' lang='lat' dir='ltr'>quae</span> <span class='ocrx_word' id='word_1_248' title='bbox 795 3060 928 3103; x_wconf 90' lang='lat' dir='ltr'>caussam</span> <span class='ocrx_word' id='word_1_249' title='bbox 945 3039 1072 3124; x_wconf 85' lang='lat' dir='ltr'>aliquam</span> <span class='ocrx_word' id='word_1_250' title='bbox 1089 3042 1193 3105; x_wconf 84' lang='lat' dir='ltr'>sortita</span> <span class='ocrx_word' id='word_1_251' title='bbox 1213 3062 1352 3105; x_wconf 88' lang='lat' dir='ltr'>caussae·</span> 
     </span>
     <span class='ocr_line' id='line_1_29' title="bbox 194 3138 1352 3225; baseline 0.004 -22"><span class='ocrx_word' id='word_1_252' title='bbox 194 3160 251 3225; x_wconf 87' lang='lat' dir='ltr'>que</span> <span class='ocrx_word' id='word_1_253' title='bbox 272 3140 404 3204; x_wconf 89' lang='lat' dir='ltr'>subiecta</span> <span class='ocrx_word' id='word_1_254' title='bbox 426 3150 506 3204; x_wconf 90' lang='lat' dir='ltr'>sunt.</span> <span class='ocrx_word' id='word_1_255' title='bbox 551 3138 700 3223; x_wconf 85' lang='lat' dir='ltr'>Quocirca</span> <span class='ocrx_word' id='word_1_256' title='bbox 721 3163 786 3204; x_wconf 90' lang='lat' dir='ltr'>cum</span> <span class='ocrx_word' id='word_1_257' title='bbox 801 3141 945 3205; x_wconf 89' lang='lat' dir='ltr'>eiusmodi</span> <span class='ocrx_word' id='word_1_258' title='bbox 962 3163 1095 3205; x_wconf 90' lang='lat' dir='ltr'>caussam</span> <span class='ocrx_word' id='word_1_259' title='bbox 1112 3144 1219 3208; x_wconf 87' lang='lat' dir='ltr'>unllam</span> <span class='ocrx_word' id='word_1_260' title='bbox 1235 3144 1352 3208; x_wconf 83' lang='lat' dir='ltr'>trinitas</span> 
     </span>
     <span class='ocr_line' id='line_1_30' title="bbox 194 3242 1353 3331; baseline 0.003 -25"><span class='ocrx_word' id='word_1_261' title='bbox 194 3242 316 3319; x_wconf 86' lang='lat' dir='ltr'>babeat,</span> <span class='ocrx_word' id='word_1_262' title='bbox 348 3242 534 3327; x_wconf 87' lang='lat' dir='ltr'>semetipsam</span> <span class='ocrx_word' id='word_1_263' title='bbox 551 3245 642 3307; x_wconf 86' lang='lat' dir='ltr'>solam</span> <span class='ocrx_word' id='word_1_264' title='bbox 659 3245 723 3308; x_wconf 90' lang='lat' dir='ltr'>sine</span> <span class='ocrx_word' id='word_1_265' title='bbox 744 3245 802 3307; x_wconf 92' lang='lat' dir='ltr'>ullo</span> <span class='ocrx_word' id='word_1_266' title='bbox 818 3263 920 3307; x_wconf 87' lang='lat' dir='ltr'>errore</span> <span class='ocrx_word' id='word_1_267' title='bbox 938 3247 1113 3309; x_wconf 88' lang='lat' dir='ltr'>adorandam</span> <span class='ocrx_word' id='word_1_268' title='bbox 1133 3246 1247 3326; x_wconf 74' lang='lat' dir='ltr'>docuit,</span> <span class='ocrx_word' id='word_1_269' title='bbox 1280 3269 1353 3331; x_wconf 92' lang='lat' dir='ltr'>quo·</span> 
     </span>
     <span class='ocr_line' id='line_1_31' title="bbox 194 3345 1350 3432; baseline 0.004 -24"><span class='ocrx_word' id='word_1_270' title='bbox 194 3346 271 3408; x_wconf 88' lang='lat' dir='ltr'>niam</span> <span class='ocrx_word' id='word_1_271' title='bbox 293 3345 357 3408; x_wconf 90' lang='lat' dir='ltr'>aula</span> <span class='ocrx_word' id='word_1_272' title='bbox 381 3365 503 3409; x_wconf 86' lang='lat' dir='ltr'>caussae</span> <span class='ocrx_word' id='word_1_273' title='bbox 528 3347 623 3410; x_wconf 89' lang='lat' dir='ltr'>omnis</span> <span class='ocrx_word' id='word_1_274' title='bbox 645 3358 692 3410; x_wconf 90' lang='lat' dir='ltr'>est</span> <span class='ocrx_word' id='word_1_275' title='bbox 716 3367 844 3432; x_wconf 84' lang='lat' dir='ltr'>expers,</span> <span class='ocrx_word' id='word_1_276' title='bbox 878 3345 991 3431; x_wconf 92' lang='lat' dir='ltr'>reliqua</span> <span class='ocrx_word' id='word_1_277' title='bbox 1013 3369 1085 3411; x_wconf 86' lang='lat' dir='ltr'>vero</span> <span class='ocrx_word' id='word_1_278' title='bbox 1110 3350 1206 3412; x_wconf 87' lang='lat' dir='ltr'>omniu</span> <span class='ocrx_word' id='word_1_279' title='bbox 1230 3370 1247 3412; x_wconf 88' lang='lat' dir='ltr'>a</span> <span class='ocrx_word' id='word_1_280' title='bbox 1270 3359 1350 3412; x_wconf 89' lang='lat' dir='ltr'>certa</span> 
     </span>
     <span class='ocr_line' id='line_1_32' title="bbox 193 3447 1426 3537; baseline 0.002 -26"><span class='ocrx_word' id='word_1_281' title='bbox 193 3467 300 3511; x_wconf 89' lang='lat' dir='ltr'>caussa</span> <span class='ocrx_word' id='word_1_282' title='bbox 324 3447 560 3532; x_wconf 78' lang='lat' dir='ltr'>proficiscuntur.</span> <span class='ocrx_word' id='word_1_283' title='bbox 607 3447 691 3512; x_wconf 85' lang='lat' dir='ltr'>llaec</span> <span class='ocrx_word' id='word_1_284' title='bbox 715 3450 792 3513; x_wconf 88' lang='lat' dir='ltr'>enim</span> <span class='ocrx_word' id='word_1_285' title='bbox 815 3452 891 3513; x_wconf 85' lang='lat' dir='ltr'>lactu</span> <span class='ocrx_word' id='word_1_286' title='bbox 913 3460 1127 3535; x_wconf 89' lang='lat' dir='ltr'>procreataque</span> <span class='ocrx_word' id='word_1_287' title='bbox 1151 3462 1237 3529; x_wconf 89' lang='lat' dir='ltr'>sunt,</span> <span class='ocrx_word' id='word_1_288' title='bbox 1269 3462 1353 3537; x_wconf 88' lang='lat' dir='ltr'>pater</span> <span class='ocrx_word' id='word_1_289' title='bbox 1425 3453 1426 3456; x_wconf 70' lang='grc'>’</span> 
     </span>
     <span class='ocr_line' id='line_1_33' title="bbox 193 3548 1351 3636; baseline 0.002 -22"><span class='ocrx_word' id='word_1_290' title='bbox 193 3551 363 3627; x_wconf 85' lang='lat' dir='ltr'>increatus,</span> <span class='ocrx_word' id='word_1_291' title='bbox 393 3548 484 3613; x_wconf 89' lang='lat' dir='ltr'>lilium</span> <span class='ocrx_word' id='word_1_292' title='bbox 510 3551 622 3614; x_wconf 86' lang='lat' dir='ltr'>babens</span> <span class='ocrx_word' id='word_1_293' title='bbox 642 3570 708 3615; x_wconf 90' lang='lat' dir='ltr'>ase</span> <span class='ocrx_word' id='word_1_294' title='bbox 725 3553 874 3636; x_wconf 80' lang='lat' dir='ltr'>genitum,</span> <span class='ocrx_word' id='word_1_295' title='bbox 905 3573 963 3615; x_wconf 93' lang='lat' dir='ltr'>non</span> <span class='ocrx_word' id='word_1_296' title='bbox 987 3564 1134 3632; x_wconf 88' lang='lat' dir='ltr'>creatum,</span> <span class='ocrx_word' id='word_1_297' title='bbox 1168 3565 1197 3616; x_wconf 91' lang='lat' dir='ltr'>et</span> <span class='ocrx_word' id='word_1_298' title='bbox 1219 3565 1351 3617; x_wconf 90' lang='lat' dir='ltr'>sanctum</span> 
     </span>
     <span class='ocr_line' id='line_1_34' title="bbox 193 3652 1349 3738; baseline 0.003 -23"><span class='ocrx_word' id='word_1_299' title='bbox 193 3653 326 3738; x_wconf 87' lang='lat' dir='ltr'>spiritum</span> <span class='ocrx_word' id='word_1_300' title='bbox 341 3671 404 3714; x_wconf 88' lang='lat' dir='ltr'>ase</span> <span class='ocrx_word' id='word_1_301' title='bbox 418 3654 637 3737; x_wconf 85' lang='lat' dir='ltr'>procedentem,</span> <span class='ocrx_word' id='word_1_302' title='bbox 655 3674 713 3716; x_wconf 90' lang='lat' dir='ltr'>non</span> <span class='ocrx_word' id='word_1_303' title='bbox 731 3656 849 3717; x_wconf 84' lang='lat' dir='ltr'>lactum.</span> <span class='ocrx_word' id='word_1_304' title='bbox 895 3652 981 3737; x_wconf 88' lang='lat' dir='ltr'>Quae</span> <span class='ocrx_word' id='word_1_305' title='bbox 994 3677 1058 3718; x_wconf 92' lang='lat' dir='ltr'>cum</span> <span class='ocrx_word' id='word_1_306' title='bbox 1073 3657 1112 3718; x_wconf 91' lang='lat' dir='ltr'>ita</span> <span class='ocrx_word' id='word_1_307' title='bbox 1128 3675 1196 3719; x_wconf 87' lang='lat' dir='ltr'>sese</span> <span class='ocrx_word' id='word_1_308' title='bbox 1211 3655 1349 3734; x_wconf 83' lang='lat' dir='ltr'>habeant,</span> 
     </span>
     <span class='ocr_line' id='line_1_35' title="bbox 194 3754 1351 3842; baseline 0.003 -24"><span class='ocrx_word' id='word_1_309' title='bbox 194 3776 289 3839; x_wconf 88' lang='lat' dir='ltr'>neque</span> <span class='ocrx_word' id='word_1_310' title='bbox 305 3754 422 3818; x_wconf 85' lang='lat' dir='ltr'>allectio</span> <span class='ocrx_word' id='word_1_311' title='bbox 441 3756 498 3818; x_wconf 88' lang='lat' dir='ltr'>ulla</span> <span class='ocrx_word' id='word_1_312' title='bbox 519 3754 548 3816; x_wconf 91' lang='lat' dir='ltr'>in</span> <span class='ocrx_word' id='word_1_313' title='bbox 568 3755 746 3817; x_wconf 90' lang='lat' dir='ltr'>adorandum</span> <span class='ocrx_word' id='word_1_314' title='bbox 768 3757 857 3818; x_wconf 81' lang='lat' dir='ltr'>lilium</span> <span class='ocrx_word' id='word_1_315' title='bbox 878 3757 925 3819; x_wconf 81' lang='lat' dir='ltr'>vel</span> <span class='ocrx_word' id='word_1_316' title='bbox 944 3758 1076 3842; x_wconf 89' lang='lat' dir='ltr'>spiritum</span> <span class='ocrx_word' id='word_1_317' title='bbox 1096 3769 1229 3821; x_wconf 90' lang='lat' dir='ltr'>sanctum</span> <span class='ocrx_word' id='word_1_318' title='bbox 1244 3760 1351 3823; x_wconf 90' lang='lat' dir='ltr'>redun-</span> 
     </span>
     <span class='ocr_line' id='line_1_36' title="bbox 193 3856 1351 3945; baseline 0.002 -24"><span class='ocrx_word' id='word_1_319' title='bbox 193 3859 243 3922; x_wconf 90' lang='lat' dir='ltr'>det</span> <span class='ocrx_word' id='word_1_320' title='bbox 258 3879 275 3921; x_wconf 90' lang='lat' dir='ltr'>a</span> <span class='ocrx_word' id='word_1_321' title='bbox 292 3878 416 3936; x_wconf 91' lang='lat' dir='ltr'>caussa,</span> <span class='ocrx_word' id='word_1_322' title='bbox 449 3857 563 3920; x_wconf 89' lang='lat' dir='ltr'>etiamsi</span> <span class='ocrx_word' id='word_1_323' title='bbox 583 3856 745 3940; x_wconf 85' lang='lat' dir='ltr'>genitorem</span> <span class='ocrx_word' id='word_1_324' title='bbox 770 3856 848 3919; x_wconf 78' lang='lat' dir='ltr'>lilius</span> <span class='ocrx_word' id='word_1_325' title='bbox 866 3856 971 3923; x_wconf 87' lang='lat' dir='ltr'>babeat</span> <span class='ocrx_word' id='word_1_326' title='bbox 994 3873 1124 3945; x_wconf 89' lang='lat' dir='ltr'>patrem,</span> <span class='ocrx_word' id='word_1_327' title='bbox 1157 3881 1251 3944; x_wconf 90' lang='lat' dir='ltr'>neque</span> <span class='ocrx_word' id='word_1_328' title='bbox 1269 3882 1351 3924; x_wconf 89' lang='lat' dir='ltr'>crea-</span> 
     </span>
     <span class='ocr_line' id='line_1_37' title="bbox 192 3958 1350 4043; baseline 0.001 -17"><span class='ocrx_word' id='word_1_329' title='bbox 192 3973 240 4026; x_wconf 81' lang='lat' dir='ltr'>tae</span> <span class='ocrx_word' id='word_1_330' title='bbox 256 3971 376 4024; x_wconf 89' lang='lat' dir='ltr'>ceterae</span> <span class='ocrx_word' id='word_1_331' title='bbox 393 3981 443 4024; x_wconf 88' lang='lat' dir='ltr'>res</span> <span class='ocrx_word' id='word_1_332' title='bbox 458 3958 622 4023; x_wconf 83' lang='lat' dir='ltr'>allectionis</span> <span class='ocrx_word' id='word_1_333' title='bbox 639 3969 780 4043; x_wconf 83' lang='lat' dir='ltr'>expertes</span> <span class='ocrx_word' id='word_1_334' title='bbox 799 3970 886 4038; x_wconf 84' lang='lat' dir='ltr'>sunt,</span> <span class='ocrx_word' id='word_1_335' title='bbox 911 3983 983 4041; x_wconf 84' lang='lat' dir='ltr'>quae</span> <span class='ocrx_word' id='word_1_336' title='bbox 999 3983 1038 4025; x_wconf 87' lang='lat' dir='ltr'>ex</span> <span class='ocrx_word' id='word_1_337' title='bbox 1056 3983 1179 4025; x_wconf 89' lang='lat' dir='ltr'>caussae</span> <span class='ocrx_word' id='word_1_338' title='bbox 1195 3964 1350 4028; x_wconf 87' lang='lat' dir='ltr'>sortitione</span> 
     </span>
    </p>
   </div>
   <div class='ocr_carea' id='block_1_3' title="bbox 194 4061 1474 4149">
    <p class='ocr_par' dir='ltr' id='par_1_5' title="bbox 194 4061 1474 4149">
     <span class='ocr_line' id='line_1_38' title="bbox 194 4061 1474 4149; baseline 0.002 -22"><span class='ocrx_word' id='word_1_339' title='bbox 194 4064 299 4141; x_wconf 90' lang='lat' dir='ltr'>oritur,</span> <span class='ocrx_word' id='word_1_340' title='bbox 325 4084 389 4125; x_wconf 90' lang='lat' dir='ltr'>cnm</span> <span class='ocrx_word' id='word_1_341' title='bbox 407 4064 467 4127; x_wconf 88' lang='lat' dir='ltr'>sint</span> <span class='ocrx_word' id='word_1_342' title='bbox 482 4084 499 4124; x_wconf 90' lang='lat' dir='ltr'>a</span> <span class='ocrx_word' id='word_1_343' title='bbox 517 4073 616 4147; x_wconf 86' lang='lat' dir='ltr'>patre,</span> <span class='ocrx_word' id='word_1_344' title='bbox 642 4061 702 4124; x_wconf 88' lang='lat' dir='ltr'>lilio</span> <span class='ocrx_word' id='word_1_345' title='bbox 718 4072 746 4124; x_wconf 91' lang='lat' dir='ltr'>et</span> <span class='ocrx_word' id='word_1_346' title='bbox 764 4061 868 4146; x_wconf 89' lang='lat' dir='ltr'>spiritu</span> <span class='ocrx_word' id='word_1_347' title='bbox 884 4074 986 4125; x_wconf 86' lang='lat' dir='ltr'>sancto</span> <span class='ocrx_word' id='word_1_348' title='bbox 1004 4076 1185 4149; x_wconf 86' lang='lat' dir='ltr'>procreatae.</span> <span class='ocrx_word' id='word_1_349' title='bbox 1230 4066 1272 4128; x_wconf 80' lang='lat' dir='ltr'>At</span> <span class='ocrx_word' id='word_1_350' title='bbox 1286 4068 1349 4131; x_wconf 88' lang='lat' dir='ltr'>uui·</span> <span class='ocrx_word' id='word_1_351' title='bbox 1469 4068 1474 4078; x_wconf 78' lang='grc'><em>“</em></span> 
     </span>
    </p>
   </div>
   <div class='ocr_carea' id='block_1_4' title="bbox 192 4165 1351 4463">
    <p class='ocr_par' dir='ltr' id='par_1_6' title="bbox 192 4165 1351 4463">
     <span class='ocr_line' id='line_1_39' title="bbox 192 4165 1350 4254; baseline 0.004 -25"><span class='ocrx_word' id='word_1_352' title='bbox 192 4167 308 4250; x_wconf 79' lang='lat' dir='ltr'>genitus</span> <span class='ocrx_word' id='word_1_353' title='bbox 328 4165 397 4228; x_wconf 90' lang='lat' dir='ltr'>nibil</span> <span class='ocrx_word' id='word_1_354' title='bbox 416 4186 455 4229; x_wconf 78' lang='lat' dir='ltr'>ea</span> <span class='ocrx_word' id='word_1_355' title='bbox 474 4165 637 4228; x_wconf 86' lang='lat' dir='ltr'>istiusmodi</span> <span class='ocrx_word' id='word_1_356' title='bbox 654 4185 777 4229; x_wconf 90' lang='lat' dir='ltr'>caussae</span> <span class='ocrx_word' id='word_1_357' title='bbox 794 4165 982 4227; x_wconf 88' lang='lat' dir='ltr'>attributione</span> <span class='ocrx_word' id='word_1_358' title='bbox 1004 4167 1130 4251; x_wconf 91' lang='lat' dir='ltr'>patitur,</span> <span class='ocrx_word' id='word_1_359' title='bbox 1155 4189 1249 4252; x_wconf 90' lang='lat' dir='ltr'>neque</span> <span class='ocrx_word' id='word_1_360' title='bbox 1266 4171 1350 4254; x_wconf 87' lang='lat' dir='ltr'>spiri·</span> 
     </span>
     <span class='ocr_line' id='line_1_40' title="bbox 193 4266 1351 4356; baseline 0.009 -26"><span class='ocrx_word' id='word_1_361' title='bbox 193 4278 241 4331; x_wconf 89' lang='lat' dir='ltr'>tus</span> <span class='ocrx_word' id='word_1_362' title='bbox 257 4280 397 4347; x_wconf 87' lang='lat' dir='ltr'>sanctus,</span> <span class='ocrx_word' id='word_1_363' title='bbox 422 4268 661 4352; x_wconf 86' lang='lat' dir='ltr'>quemadmodum</span> <span class='ocrx_word' id='word_1_364' title='bbox 682 4289 776 4351; x_wconf 89' lang='lat' dir='ltr'>neque</span> <span class='ocrx_word' id='word_1_365' title='bbox 795 4280 878 4352; x_wconf 86' lang='lat' dir='ltr'>pater</span> <span class='ocrx_word' id='word_1_366' title='bbox 895 4266 976 4352; x_wconf 82' lang='lat' dir='ltr'>ipsc;</span> <span class='ocrx_word' id='word_1_367' title='bbox 1007 4283 1160 4354; x_wconf 91' lang='lat' dir='ltr'>propterea</span> <span class='ocrx_word' id='word_1_368' title='bbox 1182 4274 1256 4356; x_wconf 92' lang='lat' dir='ltr'>quod</span> <span class='ocrx_word' id='word_1_369' title='bbox 1274 4274 1351 4340; x_wconf 88' lang='lat' dir='ltr'>lilius</span> 
     </span>
     <span class='ocr_line' id='line_1_41' title="bbox 194 4367 1350 4463; baseline 0.009 -31"><span class='ocrx_word' id='word_1_370' title='bbox 194 4370 292 4453; x_wconf 78' lang='lat' dir='ltr'>genita</span> <span class='ocrx_word' id='word_1_371' title='bbox 309 4373 427 4436; x_wconf 86' lang='lat' dir='ltr'>soboles</span> <span class='ocrx_word' id='word_1_372' title='bbox 445 4383 509 4449; x_wconf 90' lang='lat' dir='ltr'>est,</span> <span class='ocrx_word' id='word_1_373' title='bbox 540 4393 599 4434; x_wconf 93' lang='lat' dir='ltr'>non</span> <span class='ocrx_word' id='word_1_374' title='bbox 614 4382 760 4434; x_wconf 83' lang='lat' dir='ltr'>creatura.</span> <span class='ocrx_word' id='word_1_375' title='bbox 807 4367 907 4452; x_wconf 88' lang='lat' dir='ltr'>Quare</span> <span class='ocrx_word' id='word_1_376' title='bbox 933 4372 1038 4434; x_wconf 90' lang='lat' dir='ltr'>nnllam</span> <span class='ocrx_word' id='word_1_377' title='bbox 1057 4392 1096 4435; x_wconf 84' lang='lat' dir='ltr'>ex</span> <span class='ocrx_word' id='word_1_378' title='bbox 1117 4393 1153 4437; x_wconf 91' lang='lat' dir='ltr'>co</span> <span class='ocrx_word' id='word_1_379' title='bbox 1174 4377 1248 4463; x_wconf 93' lang='lat' dir='ltr'>quod</span> <span class='ocrx_word' id='word_1_380' title='bbox 1268 4379 1350 4462; x_wconf 81' lang='lat' dir='ltr'>geni·</span> 
     </span>
    </p>
   </div>
   <div class='ocr_carea' id='block_1_5' title="bbox 194 4506 1107 4577">
    <p class='ocr_par' dir='ltr' id='par_1_7' title="bbox 194 4506 1107 4577">
     <span class='ocr_line' id='line_1_42' title="bbox 194 4506 1107 4577; baseline 0.003 -18"><span class='ocrx_word' id='word_1_381' title='bbox 194 4522 304 4559; x_wconf 79' lang='lat' dir='ltr'>causraan</span> <span class='ocrx_word' id='word_1_382' title='bbox 315 4508 436 4576; x_wconf 71' lang='lat' dir='ltr'>panionia</span> <span class='ocrx_word' id='word_1_383' title='bbox 447 4508 567 4562; x_wconf 82' lang='lat' dir='ltr'>sortietur</span> <span class='ocrx_word' id='word_1_384' title='bbox 581 4507 658 4576; x_wconf 84' lang='lat' dir='ltr'>filius)</span> <span class='ocrx_word' id='word_1_385' title='bbox 671 4513 694 4559; x_wconf 83' lang='lat' dir='ltr'>ct</span> <span class='ocrx_word' id='word_1_386' title='bbox 706 4510 826 4565; x_wconf 74' lang='lat' dir='ltr'>Porum.</span> <span class='ocrx_word' id='word_1_387' title='bbox 860 4510 927 4562; x_wconf 80' lang='lat' dir='ltr'>Libri</span> <span class='ocrx_word' id='word_1_388' title='bbox 943 4513 1015 4577; x_wconf 74' lang='lat' dir='ltr'>culpo</span> <span class='ocrx_word' id='word_1_389' title='bbox 1030 4506 1107 4568; x_wconf 67' lang='lat' dir='ltr'>«isle.</span> 
     </span>
    </p>
   </div>
   <div class='ocr_carea' id='block_1_6' title="bbox 0 0 1555 5070">
    <p class='ocr_par' dir='ltr' id='par_1_8' title="bbox 0 0 1555 5070">
     <span class='ocr_line' id='line_1_43' title="bbox 0 0 1555 5070; baseline 0 0"><span class='ocrx_word' id='word_1_390' title='bbox 0 0 1555 5070; x_wconf 95' lang='lat' dir='ltr'> </span> 
     </span>
    </p>
   </div>
  </div>
 </body>
</html>
