3096 5070
425 297 563 350 aauauu
580 294 643 349 uro.
658 298 702 349 ur.
719 297 801 350 rou.
815 299 848 349 u.
864 297 966 349 naua.
978 296 1122 349 enarra.
1291 289 1352 352 423

193 415 388 481 immortalem
414 437 623 503 perseverasse
642 416 768 498 definio,
801 427 850 481 aut
870 427 964 480 utrum
988 427 1102 480 mortua
1119 417 1157 481 sit
1178 418 1353 484 confirmare

196 540 325 604 possum.
373 517 488 607 Quippe
508 520 654 604 scriptura
680 540 765 584 sacra
793 521 899 582 mentis
918 518 1061 583 humanae
1084 530 1198 602 captum
1222 532 1353 606 praeter-

194 643 298 705 gressa
319 644 379 685 rem
399 624 427 686 in
447 624 560 686 incerto
585 620 721 706 reliquit,
752 632 872 707 propter
895 641 949 684 vas
969 621 1038 684 illud
1059 621 1199 685 eximium
1217 643 1252 686 ao
1268 644 1353 709 prae·

194 735 295 804 stans,
320 747 357 788 ue
373 726 437 810 quis
453 724 550 789 carnis
570 726 717 809 propriam
738 723 824 786 ullam
843 724 870 786 ei
888 722 1055 787 foeditatem
1073 724 1232 787 adscribat.
1280 722 1353 790 Sive

194 825 283 912 igitur
301 838 416 890 mortua
432 827 488 907 sit,
521 827 687 904 nescimus,
720 826 784 888 sive
801 827 973 910 noausepolta
990 826 1045 899 sit,
1071 847 1129 889 nou
1151 837 1247 890 tameo
1264 827 1351 891 ullam

194 939 240 992 est
264 930 498 992 coniunctionem
530 928 661 1011 corporis
692 939 834 1013 experta;
871 927 947 991 absit
977 928 1103 991 utillud
1134 929 1351 994 existimemus.

195 1028 269 1114 Quis
287 1041 334 1093 est
350 1043 446 1094 autem
472 1030 519 1114 qui
548 1032 675 1093 furorem
698 1031 753 1094 sibi
772 1041 802 1093 et
820 1030 963 1093 insaniam
990 1031 1140 1094 asciscens
1158 1042 1267 1094 tantam
1283 1031 1352 1096 bea-

194 1143 242 1196 tae
259 1132 365 1216 virgini
390 1132 596 1197 contumeliam
619 1133 689 1195 velit
706 1132 875 1216 imponere,
909 1143 937 1195 et
954 1155 989 1196 os
1012 1155 1097 1197 suum
1116 1134 1258 1196 adversus
1273 1134 1351 1198 illam

193 1235 345 1311 attollere,
378 1236 479 1298 laxare
498 1237 643 1320 linguam,
676 1235 710 1297 ad
734 1234 902 1318 pestiferam
920 1236 998 1299 illam
1022 1235 1266 1320 pronuntiandam
1284 1256 1352 1299 seo-

193 1337 311 1399 tentiam
329 1336 410 1400 labra
426 1338 584 1402 diducere?
606 1359 658 1423 pro
676 1336 821 1414 laudibus,
839 1358 874 1399 ao
893 1339 1058 1422 praeconiis
1075 1339 1181 1423 probra
1199 1349 1352 1401 contnme·

193 1437 305 1523 liasque
324 1440 525 1503 comminisci?
555 1451 764 1503 sacrosanctae
787 1440 930 1503 insultare
950 1441 1078 1524 virginit
1111 1462 1164 1504 aas
1183 1441 1251 1505 illud
1269 1439 1352 1504 doni·

193 1561 250 1626 que
272 1542 351 1604 omni
375 1543 487 1605 honore
510 1543 627 1627 dignum
652 1541 730 1605 nullo
754 1541 865 1606 honore
889 1564 1010 1627 prorsus
1032 1544 1169 1606 allicere?

278 1640 364 1725 Quod
380 1645 404 1707 si
426 1655 456 1707 et
473 1644 589 1708 aliunde
613 1646 744 1708 rationes
771 1645 932 1707 transferre
953 1644 1057 1719 liceat,
1092 1644 1159 1729 quid
1179 1665 1276 1707 rernm
1301 1665 1351 1708 na·
1369 1657 1503 1724 uapxss.

197 1757 260 1810 tura
277 1746 338 1830 ipsa
358 1747 432 1810 terat
452 1746 597 1831 paululum
618 1749 849 1810 eorrsideremus.
897 1743 1045 1811 Leaeuam
1062 1748 1159 1831 itaque
1178 1749 1275 1810 lerunt
1291 1769 1350 1810 uon
1418 1831 1421 1839 Ι

193 1849 249 1911 nisi
266 1848 356 1911 semel
376 1869 500 1933 parere3
530 1850 611 1911 cuius
633 1848 676 1910 rei
701 1848 776 1911 hanc
802 1869 869 1911 esse
888 1850 1031 1912 rationem
1051 1851 1126 1932 quod
1146 1850 1253 1912 animal
1273 1850 1350 1914 istud

192 1952 414 2014 voracissimum
432 1951 488 2028 sit,
514 1951 613 2013 colore
632 1951 762 2030 fulvum,
787 1950 968 2014 validissimo
985 1951 1092 2015 robore
1113 1964 1218 2035 atque,
1244 1964 1275 2016 ut
1292 1975 1350 2016 uno

192 2053 285 2116 uerbo
302 2054 412 2131 dicam,
448 2054 528 2136 rogia
552 2053 674 2135 quadam
700 2053 841 2136 dignitate
867 2053 974 2116 ceteris
998 2054 1172 2133 antecellat,
1205 2077 1292 2138 porro
1310 2076 1351 2118 ex

192 2177 251 2218 runo
268 2156 393 2238 coniuge
411 2155 557 2238 concipiat
573 2156 737 2238 luctumque
754 2174 808 2217 sex
826 2167 857 2218 et
871 2156 974 2239 viginti
991 2166 1069 2218 totos
1086 2177 1203 2220 meuses
1218 2157 1247 2219 io
1265 2168 1349 2221 utero

191 2267 293 2341 gerat,
328 2257 402 2318 adeo
422 2267 460 2320 *ut
487 2256 535 2318 ille
562 2277 632 2341 prae
658 2257 871 2341 longinquitate
898 2258 1037 2342 temporis
1066 2258 1182 2321 adultus
1213 2258 1349 2322 dentibus

191 2359 324 2436 omuibus
346 2368 433 2443 atque
453 2357 599 2443 unguibus
615 2380 678 2422 eum
697 2359 774 2422 iusta
792 2361 923 2443 eorporis
943 2372 1055 2423 statura
1074 2360 1222 2444 praeditus
1241 2361 1280 2423 sit
1297 2382 1350 2424 on·

191 2471 306 2546 tequam
330 2462 358 2523 io
379 2461 473 2525 lucem
494 2461 632 2546 prodeat,
663 2472 751 2544 atqua
774 2472 804 2524 et
822 2462 1033 2540 claviculares,
1066 2483 1139 2546 quos
1162 2474 1288 2541 vocant,
1320 2475 1351 2527 et

190 2565 312 2627 caninos
336 2566 438 2627 dentes
463 2585 497 2627 ae
514 2564 641 2626 molares
661 2562 785 2644 lrabeat,
818 2575 847 2627 et
866 2565 922 2628 alia
940 2564 1037 2628 omnia
1056 2586 1130 2648 quae
1146 2565 1264 2628 animali
1282 2565 1348 2629 huic

189 2687 207 2728 a
228 2678 331 2729 natura
351 2687 494 2729 conoessa
513 2677 593 2729 suut.
641 2663 717 2729 llum
734 2666 825 2751 igitur
843 2669 944 2729 matris
962 2679 1046 2731 utero
1061 2668 1248 2745 continetur,
1280 2668 1348 2730 sub-

190 2769 325 2831 soltando
348 2769 549 2853 movendoque
576 2789 662 2847 sese,
695 2781 744 2833 aut
768 2770 826 2833 alio
848 2770 953 2853 quovis
977 2771 1078 2847 modo,
1114 2772 1216 2832 matris
1234 2781 1349 2833 uterum

191 2870 303 2933 laniare
319 2870 462 2953 unguibus
481 2892 515 2932 ac
533 2870 701 2955 discerpere
721 2882 852 2934 narrant.
900 2869 1001 2954 Qruare
1023 2874 1139 2937 eumad
1158 2883 1271 2958 partum
1290 2894 1349 2936 ma·

191 2982 237 3034 ter
252 2971 386 3049 venerit,
411 2974 514 3035 eadem
536 2974 585 3035 illa
607 2974 659 3036 die·
671 2973 708 3036 ab
725 2973 803 3036 omui
822 2973 1002 3058 parturiendi
1020 2975 1187 3037 conditione
1204 2995 1239 3037 ac
1258 2975 1350 3039 mole·

190 3074 246 3137 stia
262 3085 395 3137 ventrem
416 3075 494 3137 illius
519 3075 650 3138 liberari.
696 3073 849 3158 Siquidem
875 3077 903 3139 in
928 3077 992 3161 ipso
1016 3087 1097 3160 partu
1117 3086 1232 3139 uterum
1248 3077 1346 3155 simul,

190 3196 225 3239 ac
245 3177 394 3239 matricem
419 3178 542 3240 excerni
563 3178 737 3242 naturalium
757 3199 855 3242 rerum
880 3178 1067 3262 indagatores
1087 3191 1241 3257 asserunt,
1275 3181 1349 3243 adeo

191 3288 222 3341 ut
238 3278 314 3340 nulla
330 3277 359 3340 iu
378 3289 525 3362 posteram
540 3281 658 3344 veneris
675 3282 832 3365 eupiditate
851 3292 998 3364 tangatur,
1024 3280 1079 3343 nisi
1097 3282 1191 3365 aliqua
1208 3281 1252 3345 vis
1267 3281 1350 3344 adlui-

189 3379 305 3443 beatur.
351 3377 479 3462 Quodsi
502 3403 608 3445 marem
634 3384 764 3469 experiri
782 3394 921 3467 cogatur,
954 3404 1012 3446 oon
1030 3383 1153 3468 amplius
1172 3395 1268 3447 tameo
1288 3386 1350 3447 loe-

191 3491 250 3543 tum
272 3491 388 3565 gestare
412 3503 517 3564 posse,
552 3494 652 3568 utpute
678 3506 751 3568 quae
777 3487 897 3548 matrice
922 3497 1033 3549 careat.
1080 3483 1148 3568 Qua
1173 3486 1287 3570 quidem
1308 3507 1349 3549 ex

190 3584 360 3646 narratione
381 3583 416 3645 ad
435 3583 461 3646 id
484 3584 596 3668 dequo
617 3586 729 3668 agimus
752 3587 969 3651 similitudinem
994 3589 1136 3673 quandam
1160 3588 1229 3650 lieet
1253 3599 1349 3651 trans·

191 3685 286 3764 ferre,
311 3705 386 3768 quae
403 3685 554 3749 utilitatem
573 3687 668 3770 potius
689 3708 776 3770 quam
792 3691 927 3752 dauuuom
947 3691 1063 3774 aliquod
1081 3691 1233 3753 continere
1248 3690 1349 3753 videa-

191 3796 248 3850 tur.
303 3785 420 3850 Etenim
444 3789 468 3850 si
495 3788 620 3851 catulum
653 3788 747 3851 leonio
774 3787 872 3854 ludam
899 3789 987 3855 lauch
1016 3792 1170 3855 nominans
1197 3789 1346 3856 Christum
1361 3815 1488 3872 (κιαι.

190 3891 312 3975 quadam
341 3890 487 3952 sermonis
511 3890 601 3974 figura
631 3889 831 3970 adumbravit,
864 3914 928 3955 cum
952 3914 1046 3976 eoque
1070 3894 1137 3957 illud
1164 3915 1202 3957 ex
1229 3891 1347 3959 loannis

189 3992 371 4079 Apocalypsi
389 3993 537 4076 congruit,
560 3997 636 4054 Ecce
652 3997 721 4053 ut'eit
735 3995 777 4054 lea
792 3998 827 4054 de
842 3996 918 4054 tribu
933 4000 1015 4070 ludo,
1040 4008 1069 4057 et
1083 4001 1118 4058 de
1131 4002 1220 4078 stripe
1238 4002 1343 4073 1)(ιυίᾰ,Ι
1359 4023 1427 4080 apoc
1438 4021 1488 4080 qu,

189 4116 254 4159 cum
274 4096 351 4159 leoni
373 4095 508 4158 dominus
529 4094 734 4173 assimuletur,
760 4116 818 4157 non
836 4106 940 4159 natura
957 4097 1091 4180 quidem,
1116 4099 1167 4161 sed
1184 4098 1348 4163 similitudi·

189 4266 253 4316 cotto
787 4266 822 4316 cit
840 4266 922 4317 Iacob.

223 4329 247 4382 i.
273 4332 382 4400 σκνμνός
406 4336 457 4386 eod.
482 4337 528 4385 lm.
564 4336 677 4400 σκῆμνος
699 4337 750 4386 cod.
820 4336 844 4385 5.
862 4337 1015 4387 Soribmdum
1032 4340 1130 4401 {crtum
1143 4335 1186 4390 καί
1201 4355 1248 4391 nou
1264 4334 1289 4390 ἐν
1305 4338 1348 4407 τῇ.

190 4401 287 4463 fltaeda'p.
322 4397 432 4469 σκύμνος
455 4405 509 4452 edit
531 4407 606 4465 priua.
643 4402 751 4470 σκύμνον
787 4406 885 4456 Petouio
900 4407 1025 4455 videbatur
1039 4403 1105 4459 κατὰ
1119 4402 1177 4466 τοὺς
1193 4404 1270 4474 dua-p.
1288 4406 1348 4459 'Gor-

189 4470 225 4518 ed.
251 4471 348 4533 Petam,
378 4477 399 4521 et
425 4473 553 4521 cmuortoa
576 4474 616 4533 qut
636 4475 704 4522 umttt
723 4471 749 4521 si
783 4476 866 4523 nomm
882 4476 950 4525 cmo
973 4483 1000 4524 et
1016 4473 1041 4523 iu
1061 4473 1211 4543 Apocalypsi
1228 4474 1348 4543 scriptum

165 4543 169 4555 ¹
188 4535 255 4588 eoioa
269 4537 378 4589 matulam
395 4537 475 4591 leonia
493 4538 579 4590 ludam
594 4538 697 4591 obscura
711 4538 749 4590 di-
785 4549 831 4591 est.
