3096 5070
515 291 839 346 macseusuusosrs.
1187 278 1252 347 ⁸⁸⁸

99 413 203 477 mirum
229 423 380 497 postquam
404 408 501 475 Maria
526 412 611 495 virgo
627 409 771 475 Nazareti
796 410 971 477 aGahriele
994 414 1153 479 coelestem
1178 435 1253 479 umu-

99 515 169 580 tium
187 514 317 600 accepit,
341 535 375 578 ac
396 513 515 577 verbum
534 513 603 577 illud
622 514 751 596 genitum
770 524 835 594 est,
865 517 941 599 quod
959 515 1082 580 coelitus
1098 537 1114 580 e
1131 528 1253 599 paterno

98 617 165 682 sinu
181 618 303 704 prodiit,
335 628 402 680 ante
424 625 537 699 tempus
553 625 640 698 atque
656 615 769 679 initium
787 637 874 680 omne
895 618 1084 701 productum,
1117 619 1253 703 idemque

100 719 243 784 extremis
261 719 440 804 temporibus
456 717 614 802 allapsum,
646 718 718 780 deus
736 719 857 782 verhum
876 721 962 783 adeo
980 732 1063 807 patre
1078 742 1183 786 revera
1202 742 1254 806 ge-

99 822 195 901 nitus,
227 821 415 903 eiusdemque
441 840 506 882 cum
525 819 576 883 illo
596 818 798 898 substantiae,
830 842 885 884 nec
901 822 958 886 ulla
975 844 1007 886 re
1024 845 1040 885 a
1060 834 1142 909 patre
1159 834 1253 887 muta·

99 927 163 1003 tds,
197 924 248 989 sed
276 921 485 985 vicissitudinis
512 921 739 984 aemulationis
764 933 795 985 et
819 924 982 988 affectionis
1007 927 1104 990 omnis
1129 948 1251 1012 expers.

100 1024 159 1110 Qui
177 1047 242 1089 cum
263 1024 336 1087 citra
352 1025 439 1087 ullam
455 1023 543 1087 animi
559 1023 784 1086 commotionem
802 1025 921 1108 generis
945 1028 1037 1091 nostri
1054 1029 1192 1092 misertus
1210 1030 1254 1092 lo·

99 1139 161 1205 ret,
193 1126 501 1204 descenditecoelo,
533 1146 567 1188 ac
586 1126 622 1188 de
641 1125 745 1210 spiritu
767 1138 887 1206 sancto,
919 1150 1010 1194 noue
1032 1129 1109 1194 virili
1127 1132 1251 1210 semine,

100 1231 258 1314 productus
283 1251 384 1293 verum
403 1249 509 1313 corpus
526 1248 542 1290 e
559 1224 658 1290 Maria
676 1229 823 1313 suscepit,
854 1251 919 1293 cum
935 1252 951 1294 e
965 1243 1069 1295 sancto
1085 1233 1149 1297 cius
1168 1245 1253 1297 utero

99 1352 218 1394 carnem
238 1332 293 1396 sihi
310 1331 461 1408 tinxisset,
494 1330 705 1414 humanamque
732 1341 790 1393 tum
811 1332 955 1410 animam,
988 1345 1046 1397 tum
1065 1348 1192 1398 mentem
1208 1338 1253 1400 iu·

99 1434 228 1513 (luisset,
261 1456 295 1498 ac
312 1432 447 1517 quicquid
469 1431 588 1494 omnino
613 1453 677 1495 cum
703 1432 820 1496 homine
837 1435 1023 1500 coniunctum
1040 1447 1102 1514 est,
1136 1447 1254 1522 praeter

99 1547 250 1622 peccatum
267 1558 379 1614 secum,
404 1556 439 1597 ac
454 1555 519 1597 cum
537 1533 690 1596 divinitate
704 1555 757 1598 sua
774 1538 951 1621 copulasset.
999 1536 1071 1603 lude
1090 1537 1254 1604 Bethleemi

99 1641 128 1703 iu
148 1641 241 1703 lucem
257 1639 371 1717 editus,
396 1648 483 1720 atque
502 1635 710 1715 circumcisus,
743 1634 958 1725 Hierosolymis
974 1640 1088 1704 oblatus
1104 1652 1167 1718 est,
1199 1643 1254 1705 ihi·

99 1762 155 1827 que
172 1763 189 1804 a
205 1739 356 1827 Symeoue
371 1741 449 1802 inter
472 1735 591 1800 hrachia
608 1747 780 1820 susceptus,
812 1751 842 1802 et
861 1741 897 1804 ab
917 1742 1004 1806 Anna
1020 1741 1179 1808 Phanuelis
1196 1744 1253 1807 fllia

100 1845 283 1930 prophetissa
301 1842 505 1927 praedicatus,
529 1836 712 1901 Nazaretum
729 1840 898 1924 deportatus
914 1858 970 1907 est.
1018 1844 1095 1909 'l'um
1111 1867 1190 1910 anuo
1206 1867 1255 1911 se·

100 1946 200 2032 quenti
223 1966 256 2008 se
275 1963 372 2007 coram
394 1943 449 2006 deo
473 1939 725 2026 repraesentavit,
759 1951 845 2026 atque
868 1943 937 2008 inde
962 1945 1163 2012 Bethlermum
1187 1970 1255 2034 pro·

100 2061 165 2134 pter
182 2047 301 2132 generis
320 2043 562 2130 propinquitatem
582 2064 599 2104 a
619 2053 711 2106 matre
733 2045 846 2108 delatus
871 2057 927 2110 est.
975 2046 1035 2112 Sed
1058 2049 1174 2114 rursum'
1190 2049 1254 2115 Na·

98 2161 230 2214 caretum
248 2149 367 2212 rediens
383 2167 460 2209 anuo
475 2149 568 2208 altero
584 2156 720 2209 vertente
736 2144 963 2233 Hierosolyma,
994 2162 1129 2234 gestante
1147 2165 1252 2234 matre,

99 2256 256 2339 perductus
279 2261 336 2314 est.
382 2247 546 2312 Bethleemi
570 2268 658 2331 porro
676 2270 741 2311 cum
759 2250 795 2311 ad
812 2251 901 2313 aedes
919 2253 1055 2336 quasdam
1076 2276 1141 2318 oum
1161 2267 1254 2320 matrs

97 2377 133 2419 ac
160 2355 282 2440 losepho
308 2351 496 2429 divertisset,
528 2348 575 2432 qui
601 2349 658 2412 iam
683 2352 786 2434 grandi
811 2364 879 2415 natu
903 2375 967 2418 cum
992 2352 1090 2418 Maria
1116 2358 1253 2442 degebat,

98 2459 229 2523 secundo
257 2456 292 2519 ab
311 2453 474 2518 Nativitate
491 2472 570 2514 anuo
586 2450 620 2535 (a
637 2449 750 2536 Magis)
775 2466 939 2519 conventus
965 2477 1000 2519 ac
1027 2457 1112 2521 donis
1134 2470 1255 2523 ornatus

24 2565 26 2567 ’
99 2572 156 2623 est.
203 2558 315 2621 Eadem
332 2577 404 2620 vero
423 2565 511 2617 nocte
524 2575 588 2617 cum
608 2555 748 2638 losephus
766 2576 819 2640 per
833 2558 978 2622 somnium
997 2560 1032 2623 ab
1051 2562 1157 2646 angelo
1175 2573 1256 2626 esset

97 2662 262 2724 admonitus
286 2660 315 2722 in
339 2658 509 2741 Aegyptum
536 2657 724 2719 transfertur.
779 2655 863 2722 Unde
886 2681 988 2724 rursus
1014 2674 1080 2745 post
1105 2663 1254 2728 biennium

98 2774 213 2825 mortuo
236 2763 293 2823 iam
316 2757 436 2823 Herode
458 2779 493 2822 ac
514 2759 692 2822 succedente
714 2760 861 2825 Archelao
884 2764 1055 2828 revertitur.

187 2860 338 2946 Siquidem
362 2881 439 2922 auno
467 2859 594 2923 llerodis
617 2863 772 2940 xxxin,
804 2864 932 2948 Augusti
954 2867 1059 2947 XLll.,
1091 2866 1256 2932 Bethleemi

99 2963 129 3029 iu
149 2967 254 3028 ludaea
280 2964 413 3026 salvator
436 2963 578 3025 nascitur.
625 2960 703 3026 Tum
731 2962 859 3028 Herodis
874 2963 1015 3033 XXXV.
1039 2970 1070 3033 in
1089 2972 1254 3057 Aegyptum

98 3068 249 3153 protectus
272 3078 329 3129 est.
376 3063 488 3128 Eodem
510 3063 630 3129 Herode
655 3078 770 3130 mortuo
795 3068 830 3130 ab
848 3068 985 3155 Aegypto
1009 3073 1107 3137 rediit.
1154 3071 1256 3157 Quare

98 3188 223 3234 necesse
242 3178 287 3231 est
304 3170 452 3232 XXXVll.
476 3166 605 3230 Herodis
629 3188 707 3231 auno
727 3180 860 3252 quartum
887 3175 992 3237 aetatis
1011 3196 1083 3238 suae
1104 3178 1254 3261 puerulum

98 3273 215 3357 egisse,
247 3292 311 3333 cuna
330 3269 485 3348 llerodes,
518 3271 653 3354 inquam,
685 3282 797 3356 septem
817 3293 851 3336 ac
869 3275 987 3359 triginta
1013 3279 1257 3342 conlectisaunis

98 3373 217 3439 vivendi
238 3373 322 3435 tinem
340 3371 448 3434 hahuit.
493 3369 567 3434 Post
584 3373 660 3436 hunc
677 3373 842 3438 Archelaus
860 3398 965 3441 novem
985 3382 1070 3443 annis
1085 3381 1255 3465 imperavitq

98 3498 155 3560 quo
177 3497 301 3560 regnum
325 3474 445 3536 ineunte
466 3472 605 3557 losephus
629 3496 669 3537 ex
689 3477 828 3560 Aegypto
851 3500 916 3542 cum
935 3479 1032 3546 Maria
1052 3504 1087 3545 ac
1105 3503 1197 3567 puero
1212 3483 1255 3545 di-

97 3599 238 3662 gressus‚
271 3576 319 3640 uhi
345 3573 525 3638 Archelaum
553 3576 698 3659 imperare
723 3579 839 3657 didicit,
873 3581 902 3643 in
927 3580 1089 3648 Galilaeam
1117 3584 1254 3663 secessit,

96 3701 131 3744 ac
149 3691 207 3744 tum
223 3678 387 3744 Nazarethi
404 3675 549 3739 consedit.
597 3672 736 3741 Ceterum
754 3680 920 3746 Archelaus
940 3683 1089 3750 Herodem
1111 3688 1256 3751 iuniorem

96 3783 217 3867 genuit,
250 3782 299 3866 qui
316 3802 394 3843 nouo
413 3778 504 3864 patris
528 3799 605 3840 annu
622 3778 651 3840 in
671 3779 823 3865 imperium
846 3788 1002 3851 successit.
1050 3790 1186 3874 ldemquc
1204 3811 1257 3851 an·

95 3907 152 3950 nus
171 3908 187 3948 a
204 3883 356 3948 nativitate
375 3879 486 3947 Christi
508 3881 588 3942 ΧΙΙΙ.
610 3884 808 3949 numerandus
824 3898 881 3950 est.
929 3885 1160 3955 octavodecimo
1177 3913 1255 3955 anno

130 4055 170 4109 77.
189 4051 353 4122 ἄλλοιωμένον
370 4055 420 4104 cod
439 4053 537 4114 Itheds‘p.
546 4087 555 4114 ,
571 4056 592 4102 et
606 4053 658 4102 cod.
691 4059 766 4117 princ.

95 4127 141 4175 lea.
160 4139 176 4174 c
193 4140 224 4174 aa.
241 4141 279 4187 pr.
726 4125 767 4176 hl.
799 4122 941 4193 ἐπέστρεψε
976 4124 1168 4198 (ἳᾶπέστρεψε)
1203 4133 1253 4183 eod

129 4192 170 4246 78.
191 4196 265 4256 Vulgo
289 4190 430 4258 λειφθέντα.
464 4191 546 4239 Polou.
564 4203 594 4238 ea
610 4192 659 4239 Pc-
694 4195 788 4256 lthedtq.

95 4263 164 4309 curlo
190 4264 280 4311 uolebat
306 4255 482 4328 ἀπενεχθέντα,
530 4260 660 4308 Carnarius
725 4262 766 4312 δ’).
790 4262 899 4326 „Melius
920 4254 950 4317 od
974 4263 1000 4317 dv
1019 4261 1088 4336 α’ρχῄ
1110 4267 1159 4332 τῆς
1184 4271 1255 4336 βασι-

95 4332 164 4377 amu
183 4339 321 4396 assumptus
338 4330 363 4377 iu
384 4329 498 4377 Nazaret.
532 4327 572 4376 Sic
585 4330 659 4388 paulo
693 4329 761 4388 λείας
788 4328 889 4391 ἐξιών“.
914 4336 1026 4385 Pacorus
1077 4338 1151 4399 Vulpo
1172 4339 1255 4388 distin·

95 4397 160 4458 lusrc
176 4396 374 4462 παραληφῧέντα
392 4396 429 4456 εἰς
448 4397 577 4459 Αἴγυπτον.
691 4405 765 4461 puuat
782 4399 825 4451 τὸν
843 4399 912 4467 βίον,
927 4395 972 4466 'Ap
991 4402 1064 4463 έλαος
1081 4403 1111 4459 δὲ
1127 4411 1177 4456 cett.

129 4464 169 4517 79.
187 4466 221 4532 τῇ
239 4470 316 4515 omiss.
335 4470 359 4515 ta
376 4468 430 4515 edit.
449 4467 531 4516 Pelso.
725 4466 765 4518 t‘d.
785 4471 849 4518 Eds'ta'
865 4469 914 4535 τῆς
931 4421 1076 4530 I'alclulac.

128 4532 168 4586 80.
187 4533 389 4601 παραλειφὸέντα
408 4536 477 4587 codd.
493 4548 548 4585 urse
566 4539 588 4584 et
603 4535 658 4586 edu.
726 4535 766 4590 dl·
785 4538 851 4588 uuas
867 4542 937 4604 ovtpo
954 4537 1085 4606 Ναζαρέθ.
