3096 5070
270 289 312 354 32
695 301 819 354 ιιαοτι
836 301 1010 354 nummu

269 416 324 501 τήν
341 416 482 500 τοιαύτην
498 413 645 482 ύπόθτσιν
661 418 791 500 ίηοοσιῦν
809 417 863 499 τήν
879 422 1035 501 διοίκησιν.
1065 415 1143 483 Οῦτε
1159 417 1214 503 γάρ
1229 422 1260 497 ἐξ
1278 421 1429 497 7δξιταιδτ-

268 518 364 602 κοίτης
386 519 557 601 δυνάμεθα,
580 516 648 584 οὔτε
666 517 727 587 όπό
751 519 880 602 ι’ἐνάτης
893 519 1017 603 σελήνης
1035 519 1193 601 δυνάμεθα
1213 520 1361 605 ἄρξασθαι
1377 530 1431 604 τῆς

270 622 437 704 δβδομάδος
457 627 510 704 τῆς
533 625 718 705 ξηροφαγίας
743 625 794 688 καλ
819 624 925 704 Πάσχα
948 624 1132 703 καλουμένης
1147 619 1248 707 όγίας,
1275 621 1348 690 άλλά
1369 621 1429 690 άπό

271 724 396 805 δεκάτης
412 725 469 799 διας
483 722 714 805 ἕπεφοισκούσης
729 723 1002 805 πεντεκαιδεκάτης,
1025 723 1206 806 μεσαζοόαης
1217 732 1277 790 τῶν
1291 724 1347 792 δύο
1361 725 1431 810 δρό-

142 854 195 903 μς.
209 840 350 908 ειμιιν,
382 824 490 901 νυκτός
511 828 614 891 τεκαὶ
636 822 756 909 ἡμέρας.
803 830 864 891 Καί
888 829 1228 909 συναναλαμβανομίνον
1254 833 1307 893 τοῦ
1331 827 1432 894 αῦτιῦν

270 925 420 1012 άριθμοῦ,
450 935 510 994 τῶν
526 927 747 1010 δεκατεσσάρων
759 924 880 1012 ήμερτδν
895 935 947 1011 τῆς
962 928 1101 1010 σελήνης,
1123 925 1182 994 κάν
1196 952 1226 992 τε
1242 929 1431 1012 ταράττηται

270 1033 312 1107 είς
328 1034 488 1110 ἐπίψαυσιν
504 1037 557 1111 τῆς
573 1030 851 1112 πεντεκαιδεκάτης,
873 1031 923 1096 διά
938 1029 993 1113 τήν
1008 1033 1038 1107 ἐξ
1055 1028 1188 1115 άνάμκης
1204 1028 1357 1114 άκρίβειαν
1376 1040 1431 1098 τοῦ

270 1158 300 1198 τε
324 1129 452 1215 ήλιακοῦ
479 1130 595 1217 δρόμου
619 1131 690 1214 μετά
706 1131 759 1214 τήν
781 1135 949 1217 ἰσημερίαν,
978 1135 1029 1198 καλ
1050 1139 1106 1198 τού
1121 1141 1297 1216 σεληνιακοῦ
1315 1133 1431 1219 δρόμον

269 1233 320 1300 διό
342 1233 397 1318 τήν
419 1234 751 1316 τεσσαρεςκαιδεκάτην,
781 1236 832 1299 καλ
854 1241 907 1317 της
929 1233 1098 1317 ἑβδομάδος
1124 1237 1281 1322 0πλήρους
1303 1235 1353 1302 διά
1377 1236 1432 1320 τήν

269 1335 416 1423 κυριακήν
438 1339 489 1403 καλ
512 1336 564 1402 τόν
585 1334 646 1402 άπό
670 1334 796 1419 δεκάτης
819 1334 931 1420 ήμίρας
952 1337 1073 1420 σελήνης
1097 1336 1247 1423 άριθμδν,
1286 1338 1349 1422 ήτις
1371 1341 1430 1405 ίστί

270 1439 416 1522 σύλληψις
431 1446 484 1504 τοῦ
498 1437 653 1523 προβάτου
670 1441 720 1503 καλ
737 1435 904 1522 άτροστιχλς
920 1447 974 1505 τοῦ
993 1438 1137 1522 όνόματος
1153 1447 1207 1505 τοῦ
1222 1438 1331 1524 Ἰησοῦ,
1354 1443 1432 1506 ἕπει·

271 1541 310 1625 δή
331 1549 372 1630 τῷ
395 1539 518 1623 όνόματι
542 1538 635 1605 αότοῦ
664 1539 739 1606 10τό
762 1539 925 1607 άντίτυπον
948 1539 1042 1607 αύτοῦ
1064 1541 1217 1626 πρόβατον
1242 1541 1430 1626 ἐλαμβάνετο,

271 1643 333 1711 άπό
353 1641 479 1726 δεκάτης
494 1641 592 1718 ούτοις
607 1638 794 1726 ὁριζόμενον·
831 1650 841 1689 ¹
855 1641 973 1709 Ιοῦκδτι
989 1645 1021 1709 δὲ
1040 1644 1270 1727 λπιφωσκούσης
1292 1647 1432 1722 1’δξιιαι-

272 1746 407 1829 δεκάτης,
430 1743 497 1810 ούτε
513 1743 574 1810 ῦπό
599 1742 765 1827 1’ἒννάτης
780 1743 902 1828 σελήνης
917 1746 1074 1828 δυνάμεθα
1092 1747 1147 1828 τήν
1163 1745 1257 1831 όρηήν
1271 1750 1346 1831 δηειν
1362 1746 1384 1829 ἢ
1398 1745 1432 1813 τό

270 1852 360 1926 τίλας.
408 1851 448 1912 Οί
466 1847 524 1933 γάρ
547 1850 694 1926 ἐνιαυτοί,
723 1844 966 1932 άνθυπερβάτοις
983 1846 1174 1933 όστεροῦντες
1197 1848 1247 1914 διά
1269 1847 1432 1930 τοῦςδιηλ-

197 1967 203 1978 ’
270 1953 432 2038 λαμμίνους
449 1948 528 2034 πρός
541 1947 684 2032 άλλήλους
699 1949 849 2033 δρόμους,
872 1947 958 2032 ήλίου
972 1976 1002 2015 τε
1015 1953 1065 2015 καλ
1081 1951 1218 2035 σελήνης,
1246 1949 1357 2033 ταύτην
1378 1948 1433 2034 τήν

271 2050 429 2136 άνισότητα
447 2055 626 2131 ἐκτελοῦσιν,
648 2051 686 2118 ού
718 2053 926 2118 Ησκάνδαλον
950 2052 1032 2138 παρά
1055 2062 1133 2119 θεοῦ
1152 2051 1330 2137 ω’ρισμδνον,
1362 2050 1433 2118 άλλά

270 2163 323 2239 τῆς
340 2153 492 2240 άαριβείας
506 2153 613 2237 ταύτης
635 2157 667 2220 ἐκ
691 2162 768 2219 θεοῦ
782 2156 973 2240 τεταγμένης,
1005 2154 1075 2236 μετά
1091 2155 1146 2238 τήν
1160 2154 1320 2234 πάνσοφον
1338 2152 1433 2221 αύτοῦ

271 2262 433 2340 διοίκησιν,
463 2257 670 2339 ήνέχαρίσατο
696 2264 737 2343 τῷ
760 2260 826 2345 ίδίῷ
846 2259 948 2337 αίῷνι,
971 2257 1041 2334 τούς
1057 2255 1200 2342 όρισμούς
1214 2257 1302 2335 τάξας
1316 2256 1434 2340 φραστή-

270 2386 332 2445 ριιν
346 2384 376 2424 τε
392 2361 442 2424 ιταλ
460 2365 571 2443 καιρῶν
591 2361 640 2423 καλ
658 2364 761 2440 μηνῶν
780 2361 831 2424 καλ
850 2362 996 2425 ἐνιαυτῶν
1011 2364 1062 2425 καλ
1076 2369 1212 2444 τροπῶν,
1244 2363 1294 2424 καλ
1317 2367 1431 2444 ῑθπρο·

271 2459 413 2545 νοητικήν
434 2457 610 2547 άνθροίποις
631 2463 664 2526 ἐκ
687 2467 740 2543 τῆς
762 2460 856 2528 αύτοῦ
877 2467 1107 2549 φιλανθρωπίας
1128 2464 1300 2544 ἐπιμέλειαν.

133 2682 254 2754 [Μ’.
361 2675 421 2733 Τοῦ
445 2666 503 2752 γάρ
528 2668 667 2731 ἐνιαυτοῦ
693 2665 768 2732 κατά
794 2665 845 2730 τόν
873 2664 997 2749 ήλιακδν
1026 2666 1140 2750 δρόμον
1165 2668 1372 2751 πληρουμένου
1401 2668 1434 2732 δν

275 2774 479 2854 ιτριαιτοσίαις
501 2767 644 2852 ἑξήκοντα
671 2771 756 2832 πέντε
779 2763 903 2851 ήμὲραις
929 2772 977 2834 καλ
997 2768 1088 2851 άραις
1111 2771 1185 2853 τρισί
1204 2773 1365 2851 συμβαίνει
1382 2767 1433 2833 διά

269 2870 304 2936 τό
329 2869 383 2952 τήν
407 2869 529 2952 σελήνην
549 2880 645 2936 ποιεῖν
670 2868 722 2934 τόν
746 2868 882 2936 ἐνιαυτόν
905 2868 1029 2953 ήμίραις
1049 2870 1074 2935 τ’
1094 2871 1277 2953 πεντήκοντα
1299 2872 1435 2952 τέσσαρσι

271 2977 424 3037 λείπεσθαι
442 2978 484 3058 τῷ
501 2973 555 3055 μδν
573 2970 648 3037 κατά
661 2970 716 3053 τήν
730 2971 853 3054 σελήνην
871 2972 973 3061 δρόμῷ
990 2975 1094 3039 ἕνδεκα
1109 2970 1223 3056 ήμίρας
1235 2975 1287 3038 καλ
1303 2972 1384 3056 όόρας
1398 2971 1432 3057 μ’.

273 3075 335 3137 Καὶ
360 3080 401 3161 τῷ
427 3073 481 3155 μίν
505 3072 613 3162 πράτῷ
640 3076 765 3162 ἐνιαυτῷ
789 3080 919 3160 γίνονται
939 3078 973 3140 αι’
985 3075 1165 3157 καλούμεναι
1185 3077 1311 3139 ἐπακταλ
1328 3077 1432 3140 ίνδεκα

270 3176 321 3239 καλ
335 3167 412 3258 άραι
425 3185 520 3257 τρεῖς,
543 3177 668 3264 δευτίρῷ
686 3178 742 3241 ἔτει
760 3173 868 3262 ήμίραι
883 3180 977 3243 εἴκοσι
991 3178 1047 3242 δύο
1065 3171 1140 3259 ολραι
1154 3181 1203 3255 ἓξ,
1233 3181 1321 3263 τρίτῳ
1337 3177 1433 3240 ἐνιαυ-

270 3283 313 3366 τῷ
327 3274 434 3360 ήμίραε
451 3287 682 3362 τριακοντατρείς
700 3279 751 3342 καλ
767 3270 843 3362 ολραι
858 3278 899 3343 θ’.
944 3283 1006 3344 Καί
1026 3281 1159 3359 τίμνεται
1176 3276 1194 3343 ό
1209 3275 1251 3352 είς
1267 3276 1326 3358 μήν
1343 3271 1432 3355 δμβό-

270 3387 356 3461 λιμος
380 3380 570 3461 καλούμενος.
614 3378 872 3463 Ἐμβολιμεύονται
897 3380 954 3465 γάρ
977 3384 1011 3446 αδ
1024 3379 1183 3464 τριάκοντα
1205 3376 1328 3461 ήμίρατ,
1358 3372 1430 3440 ύπο-

271 3487 421 3547 λείπονται
437 3483 471 3546 δδ
487 3479 593 3565 ήμίραι
606 3491 699 3566 τρεῖς,
723 3474 800 3567 οδραι
815 3481 857 3560 θ’,
881 3485 990 3558 αἵτινες
1004 3483 1232 3563 προςτιθίμεναι
1248 3487 1314 3554 ταῖς
1328 3480 1431 3544 δνδεκα

269 3593 335 3660 ταίς
357 3581 418 3649 άπό
438 3582 577 3668 τετάρτου
600 3586 701 3662 ἔτους,
733 3587 784 3649 καλ
800 3581 891 3666 δι’ραις
908 3585 985 3666 τριολ
1001 3588 1131 3666 γίνονται
1152 3578 1256 3666 ήμίραι
1274 3581 1321 3658 ιδ’,
1353 3573 1429 3665 δραι

272 3685 311 3768 ιβ
314 3736 321 3750 .
364 3683 480 3751 ’Ἀλλων
505 3687 609 3752 δνδεκα
631 3686 887 3771 προςτιθεμδνιιν,
915 3686 965 3748 καλ
988 3681 1077 3767 ιόροδν
1098 3691 1204 3768 τριῶν,
1234 3689 1364 3770 γίνονται
1389 3680 1430 3748 κε’

273 3789 400 3854 δπακταλ
416 3791 466 3854 καλ
482 3781 560 3873 άραι
578 3787 620 3853 ιε’.
666 3788 725 3851 ίίαλ
743 3792 784 3872 τῷ
800 3787 875 3871 δκτῷ
891 3786 1014 3874 ἐνιαυτῷ
1030 3788 1269 3870 προςτιθεμίνεον
1283 3784 1377 3851 άλλοον
1392 3784 1431 3850 ια’

273 3896 328 3955 τοῦ
349 3892 449 3968 ίτους,
478 3893 529 3955 καλ
546 3887 635 3976 εόροῖν
651 3888 687 3975 γ’,
719 3891 848 3972 γίνονται
865 3883 971 3971 ήμίραι
988 3886 1027 3964 λς’
1042 3892 1092 3953 καλ
1108 3882 1182 3974 εδραι
1198 3888 1248 3973 ιη’,
1276 3893 1310 3954 αἲ
1323 3894 1429 3954 ποιοῦ-

271 4012 319 4057 σιν
336 3992 495 4075 ἐμβόλιμον
509 4000 589 4076 μῆνα
602 3994 669 4069 ἕνα,
691 3990 743 4055 καλ
760 3988 1022 4074 ’ἕνεβολεόθησαν
1038 3994 1089 4057 καλ
1101 3991 1176 4057 κατά
1190 3999 1257 4078 τρία
1274 3993 1325 4073 ἔτη
1341 3995 1432 4073 μῆνες

271 4092 342 4173 δύο,
366 4104 428 4171 τοῖς
441 4094 571 4182 πράτοις
589 4095 682 4181 τρισίν
695 4095 769 4158 ἔτεσι
785 4089 844 4175 μήν
862 4089 919 4172 είς,
943 4097 994 4158 καί
1011 4097 1042 4159 δν
1057 4104 1119 4171 τοῖς
1135 4091 1230 4170 άλλοις
1245 4093 1342 4178 τρισίν
1357 4094 1433 4159 δτεσε

302 4265 326 4320 7.
344 4265 527 4334 tammam:
541 4271 609 4319 οοδδ.
623 4282 677 4320 mss.
693 4273 796 4332 ιιίεεριιτ,
813 4272 833 4318 τί
903 4266 941 4317 10.
958 4265 1003 4318 τοῦ
1017 4269 1099 4316 vitium
1114 4273 1147 4319 εει
1159 4270 1194 4319 td.
1208 4270 1288 4319 Ρτλου.
1302 4267 1381 4317 coion.
1393 4279 1431 4317 τε·

269 4337 324 4387 τδίλ.
340 4340 415 4398 μήτε.
451 4333 636 4403 ἑκκαιδεκάτης
652 4339 687 4388 ιδ.
706 4340 786 4388 petav.
864 4339 912 4396 μοι.

302 4405 327 4454 8.
345 4401 450 4469 διαίτης
465 4407 516 4453 cod.
533 4406 629 4467 Βλτσιρ.
902 4400 940 4451 ll.
957 4395 1060 4454 οῦτίστι
1075 4405 1142 4454 τοῦδ.
1161 4416 1216 4453 mu.
1233 4407 1335 4465 ολεεηιιε.

302 4469 328 4521 9.
344 4464 445 4539 πλήρης
467 4473 536 4524 οοδιλ
554 4486 611 4522 mu.
624 4472 735 4537 αίαςαι,
758 4471 831 4521 eled.
904 4470 939 4518 λ’).
955 4466 1139 4536 λξκαιδεκοὶτης
1153 4472 1221 4520 οοδδ.
1234 4483 1289 4519 msa.
1303 4475 1397 4533 ιιειτηατ
1409 4474 1431 4521 τε

266 4541 344 4604 μελισ.
863 4537 918 4588 ιδίλ
933 4539 1011 4598 princ.
1046 4534 1231 4604 λκααιδεκάτης
1246 4539 1282 4588 οδ.
1299 4541 1381 4590 Ρειον.
