3096 5070
433 286 571 339 raunun
589 287 707 338 ursan.
726 285 1110 338 remuneratorium.
1279 272 1342 338 ste

189 406 274 472 uobis
291 405 486 491 anteponendi
502 416 587 470 erunt
604 403 772 469 Manichaei
789 426 824 468 ac
836 403 1060 485 Marcionistoe,
1085 416 1260 490 ceteraeque
1274 404 1344 469 hae·

112 519 114 523 ’
189 531 289 589 reses,
324 530 415 592 quiae,
449 529 486 571 ne
510 508 637 572 diuinam
663 509 846 571 maiestatem
871 508 1044 572 imminuere
1073 509 1246 586 videantur,
1279 528 1345 572 cur·

188 634 254 676 nem
275 613 302 675 ei
321 610 503 674 tribuendam
526 630 593 673 esse
614 632 672 673 non
698 611 880 674 existimant.
927 607 1039 673 Verum
1057 632 1115 672 non
1133 630 1173 674 ex
1196 609 1343 674 hominum

187 716 339 779 voluntate
366 712 501 777 veritatis
522 732 665 796 suspenso
690 712 736 775 vis
754 723 817 790 est,
850 713 901 775 sed
926 733 966 775 ex
985 713 1116 776 eiusdem
1132 712 1344 797 gubernatrice

187 816 332 903 snpientia
349 815 628 897 administrandique
652 814 807 893 facultate,
837 833 912 898 quae
930 814 1009 877 nullo
1030 815 1115 877 modo
1137 813 1345 898 comprehendi

189 930 303 1006 potest,
335 918 528 982 aestimanda.
575 911 722 998 Quocirca
747 938 813 979 cum
832 916 975 978 eiusmodi
996 918 1034 978 sit
1052 917 1116 980 fidei
1136 928 1254 980 nostroe
1277 937 1345 1001 pro·

188 1022 296 1098 lessio,
332 1038 427 1104 neque
451 1040 516 1081 curn
534 1016 710 1082 Manichaeo
735 1019 896 1082 sentiamus
924 1019 1097 1100 (nonenim
1121 1019 1281 1103 gratiiicari
1297 1019 1345 1082 ille

189 1121 334 1207 putandus
351 1132 415 1199 est,
447 1142 512 1183 cum
534 1120 568 1183 ad
585 1121 723 1183 maiorem
741 1117 853 1185 Christi
877 1122 1159 1185 commendationem
1183 1142 1301 1184 earnem
1318 1121 1345 1183 ei

190 1222 335 1301 detrahit,
368 1224 419 1286 sed
443 1222 601 1287 averitate
620 1222 716 1308 potius
740 1222 896 1300 abhorret,
929 1224 995 1285 dum
1017 1223 1095 1287 illius
1113 1224 1345 1288 incarnationem

191 1325 291 1410 specie
308 1324 372 1388 sola
395 1335 532 1388 constare
553 1325 671 1408 docet),
702 1325 804 1387 eodem
823 1325 908 1409 plane
933 1327 1018 1389 modo
1040 1326 1200 1389 vanissima
1226 1328 1346 1388 fratrum

192 1437 358 1490 nostrorum
374 1427 431 1491 erit
445 1427 492 1491 illu
508 1427 682 1512 disputatio,
722 1426 982 1511 inanissimumque
1001 1428 1076 1490 bene
1096 1429 1131 1490 de
1149 1424 1269 1492 Christo
1286 1447 1347 1490 me·

190 1528 273 1592 rendi
289 1529 428 1595 studium.
473 1527 590 1593 Etenim
611 1539 669 1593 tam
692 1529 732 1592 illi
749 1550 834 1612 quam
856 1530 981 1615 nosipsi
1004 1531 1039 1593 de
1058 1551 1147 1593 carne
1166 1526 1278 1594 Christi
1296 1550 1347 1592 ve·
1396 1517 1402 1524 ⁵

190 1631 279 1694 ritate
295 1642 376 1695 recte
398 1632 561 1707 sentimus3
592 1631 648 1694 nisi
667 1633 742 1695 torte
759 1631 846 1693 aliter
862 1641 993 1694 statuere
1011 1632 1175 1712 voluerint3
1208 1631 1348 1715 quemad·

191 1734 307 1797 modum
332 1735 463 1797 nonnulli
486 1754 574 1817 saepe
600 1755 638 1797 ex
662 1732 776 1796 illorum
801 1754 923 1796 numero
947 1744 1184 1818 argumentorum
1207 1735 1236 1797 vi
1253 1732 1347 1796 eoacti

191 1835 376 1920 convictique
393 1846 460 1900 snut
478 1846 509 1899 ut
525 1857 625 1899 veram
643 1856 659 1898 a
677 1831 797 1899 Christo
815 1856 934 1898 carnem
958 1849 1137 1922 assumptam
1154 1836 1277 1899 inliciari
1295 1857 1346 1899 au·

192 1937 314 2015 derunt,
347 1948 378 2001 ut
394 1948 480 2003 antea
497 1937 642 2017 diximus,
673 1959 708 2001 eo
727 1937 841 2002 seilicet
863 1939 1004 2001 adductus
1022 1940 1162 2023 quosdam
1181 1948 1213 2000 ut
1228 1959 1346 2001 carnem

192 2037 336 2103 divinitati
361 2039 638 2104 consubstantialem
667 2042 809 2103 lacerent.
856 2037 917 2102 Sed
944 2040 1195 2126 praetermittendi
1220 2062 1237 2103 a
1262 2039 1346 2102 nobis

191 2141 232 2206 illi
249 2153 334 2221 suut,
367 2153 465 2228 utpote
489 2143 730 2227 quisententiam
751 2141 946 2220 mutaverint,
979 2142 1346 2206 etaceterisexeodem

189 2265 281 2329 grege
300 2246 334 2308 dc
357 2241 468 2309 Christi
492 2267 580 2309 earne
599 2267 656 2309 nou
681 2244 755 2309 male
776 2244 970 2309 sentientibus
995 2256 1052 2307 tarn
1071 2245 1226 2308 absurdum
1247 2243 1283 2306 ob
1300 2265 1346 2307 er-

190 2368 288 2411 rorem
307 2349 449 2412 couiutnti
465 2349 535 2412 sint.
583 2344 643 2411 Sed
667 2348 801 2431 quicquid
825 2346 864 2409 sit
883 2348 918 2409 de
938 2347 1021 2422 aliis,
1053 2358 1133 2410 certe
1159 2345 1348 2430 religiosissi-

190 2470 256 2513 mus
278 2450 347 2513 illud
371 2472 430 2514 non
453 2450 572 2535 negabit
595 2448 787 2534 Apollinaris.

146 2629 148 2633 ¹
277 2550 460 2634 Quarecum
481 2551 604 2615 verbum
629 2551 674 2614 dei
694 2552 818 2617 coelitus
842 2552 991 2637 delapsum
1017 2571 1088 2614 vere
1112 2571 1152 2613 ex
1168 2547 1266 2614 Maria
1286 2551 1347 2613 vir·
1398 2559 1460 2622 unp.

189 2652 275 2738 gine,
307 2675 366 2717 non
383 2663 424 2718 'ex
441 2654 519 2717 virili
543 2653 674 2730 semiue,
706 2654 757 2716 sed
776 2654 930 2740 despiritu
953 2665 1347 2734 sanctocarnemsuseepe·
1372 2628 1482 2681 mn·

191 2756 248 2833 rit,
274 2754 351 2817 etin
372 2755 450 2819 illius
468 2766 554 2820 utero
570 2776 602 2819 re
620 2756 683 2840 ipsa
700 2765 832 2838 gestatus
849 2758 903 2835 sit,
935 2778 970 2819 ac
990 2755 1044 2819 sibi
1064 2777 1170 2840 corpus
1187 2755 1346 2835 effinxerit,

192 2872 293 2947 utpote
311 2862 401 2938 deus,
434 2879 468 2920 ae
485 2868 542 2920 tam
561 2858 644 2944 primi
663 2858 755 2921 nostri
772 2860 901 2944 parentis
919 2880 1004 2942 quarn
1025 2859 1201 2941 reliquarum
1218 2857 1347 2920 omnium

192 2985 291 3028 rerum
308 2964 394 3026 butor
409 2981 444 3023 ac
461 2959 613 3039 conditor,
638 2981 696 3023 non
713 2960 812 3043 utique
828 2961 910 3024 verbi
928 2960 1006 3024 illius
1022 2972 1068 3023 est
1086 2961 1236 3023 imminuta
1254 2959 1347 3042 digni·
1385 3035 1390 3051 ι

193 3075 255 3145 tus,
290 3066 341 3129 sed
359 3065 389 3128 in
409 3061 528 3149 propria
545 3072 577 3123 et
590 3061 761 3126 immutabili
785 3074 889 3127 natura
913 3063 1051 3148 perstitit.
1097 3060 1175 3125 Nam
1200 3085 1264 3126 cum
1283 3082 1349 3125 cnr·

192 3187 258 3231 nem
274 3167 386 3245 induit,
412 3165 519 3228 nullam
539 3163 770 3228 vicissitudinem
789 3175 836 3228 est
854 3187 975 3251 passus,
1000 3165 1093 3248 utqui
1111 3166 1166 3228 deo
1186 3166 1260 3250 patri
1277 3186 1348 3227 eon-

193 3268 397 3333 substantialis
418 3268 547 3344 existat,
580 3287 634 3330 nec
654 3288 670 3329 a
689 3267 761 3344 deo,
794 3267 842 3331 vel
861 3268 896 3331 ab
917 3268 995 3330 illius
1012 3268 1114 3352 spiritu
1131 3279 1233 3331 sacruto
1251 3268 1348 3331 direr-

192 3390 243 3434 sns
262 3380 312 3433 aut
329 3369 453 3433 alienus.
501 3366 587 3450 Quod
609 3369 634 3432 si
659 3369 734 3433 istud
759 3370 788 3432 iu
812 3370 948 3433 confesso
965 3381 1028 3448 est,
1061 3392 1179 3433 earnem
1204 3371 1283 3433 illum
1304 3371 1349 3432 in·

194 3471 292 3534 duisse
317 3482 403 3554 atque
427 3473 609 3534 incrementa
633 3473 765 3554 cepisse,
800 3473 913 3535 animae
941 3493 1049 3557 expers
1070 3493 1136 3536 esse
1158 3477 1345 3557 non'potest.

195 3567 341 3656 Quicquid
358 3572 435 3635 enim
452 3573 610 3652 adolescit,
643 3574 667 3636 si
686 3573 849 3637 immobiles
869 3594 917 3636 res
935 3575 1087 3658 excipias,
1121 3575 1216 3637 anima
1233 3583 1349 3638 constat

194 3686 223 3739 et
240 3695 375 3759 corpore.
421 3672 467 3737 Eo
491 3696 578 3760 porro
601 3676 763 3761 scripturae
786 3676 877 3739 verbu
904 3677 950 3739 illa
972 3678 1126 3739 referenda
1151 3687 1235 3740 sunt:
1267 3683 1492 3752 lesatensem

192 3791 284 3842 nutem
303 3780 447 3840 crescebat
460 3783 599 3859 snpe'entrh
615 3791 646 3839 et
660 3791 761 3840 aetate.
809 3777 867 3843 Ubi
890 3789 1010 3864 propter
1028 3799 1146 3842 carnem
1167 3790 1293 3842 aetatem
1309 3780 1349 3843 si·

190 3880 358 3967 gnificavit3
389 3891 473 3944 aetas
498 3902 570 3944 vero
592 3901 631 3944 ex
654 3881 768 3958 anima,
804 3881 844 3942 uti
870 3881 949 3961 dixi,
985 3892 1015 3944 et
1037 3902 1161 3964 corpore
1187 3882 1346 3965 perficitur.

191 3986 237 4049 Ac
262 3995 452 4071 posteaquam
470 3995 563 4045 aetate
582 3987 661 4044 illum
680 3989 852 4063 processisse
874 3984 964 4062 dixit,
995 3993 1213 4062 consentanee,
1245 3989 1285 4046 Et
1302 4007 1350 4046 so-

186 4093 314 4168 pe'catio,
348 4086 486 4150 subdidit.
533 4083 593 4148 lam
611 4106 683 4149 vero
707 4085 756 4169 qui
777 4085 919 4171 sapientia
936 4086 1027 4170 patris
1044 4097 1140 4163 esset,
1175 4087 1289 4171 quinam
1307 4088 1349 4151 ul·

192 4188 235 4251 las
251 4187 413 4273 sapientiae
433 4187 657 4271 progressiones
675 4188 782 4251 hahere
805 4189 914 4270 potuit,
947 4188 972 4251 si
990 4187 1026 4251 ab
1043 4188 1169 4251 hnmana
1190 4198 1287 4252 mente
1306 4190 1348 4251 di-

192 4287 489 4366 uersumrasillud,
520 4299 551 4351 ut
566 4287 604 4351 ita
626 4289 738 4368 dicant,
772 4290 846 4353 tuitt
890 4291 935 4353 Ac
952 4290 976 4353 si
994 4293 1099 4354 mentis
1117 4312 1226 4376 expers
1241 4293 1348 4355 extite-

193 4389 249 4467 rit,
284 4389 334 4473 qni
357 4390 418 4453 beri
438 4390 531 4473 potuit
552 4398 580 4451 ut
599 4389 742 4475 sapientia
758 4412 881 4474 corpore
903 4393 1057 4477 animaque
1075 4414 1249 4479 progressus
1268 4396 1346 4457 iace-

193 4491 260 4555 ret?
304 4488 395 4554 Vides
412 4510 497 4576 quam
515 4490 630 4557 detorta
644 4492 830 4577 uiolentaque
844 4493 883 4561 sit
903 4494 1017 4562 illorum
1032 4497 1199 4578 serrteutic,
1224 4519 1345 4591 quorum
