3096 5070
434 289 573 343 ransart
588 290 708 342 urent
726 290 808 371 rona.
827 292 858 342 u.
876 290 976 344 naua.
989 291 1123 345 dxxvrn
1295 280 1356 344 373

202 411 385 475 anathemate
409 410 514 474 damno
536 411 583 494 qui
607 410 783 495 propositam
807 431 842 474 ac
862 421 1009 496 receptam
1034 412 1064 475 iu
1084 411 1221 483 Nicaena
1243 417 1358 502 syuodo

202 514 291 577 fidem
312 525 471 600 respuunt,
503 533 598 597 neque
623 513 712 576 lilium
738 513 864 595 epatris
888 512 1052 578 substantia
1076 516 1277 598 processisse,
1308 531 1359 583 aut

202 617 294 682 eidem
317 616 596 681 consubstantialem
616 635 684 678 esse
702 615 890 678 confitentur.
937 612 998 679 Sed
1015 626 1046 679 et
1063 616 1129 680 illos
1151 618 1273 704 iusuper
1288 641 1359 684 oon·

201 722 305 784 demoo
329 721 377 805 qui
403 720 537 805 spiritum
556 727 690 781 sanctum
714 726 878 781 creaturam
902 738 970 780 esse
996 740 1049 803 per
1072 719 1160 783 lilium
1188 723 1357 806 productam

199 833 348 890 asserunt.
393 819 549 885 Postremo
575 817 694 884 Sabellii
721 840 756 883 ao
778 818 913 897 Plotini,
945 821 1078 906 adeoque
1100 822 1229 908 reliquas
1254 847 1356 890 omues

199 928 340 992 haereses
358 925 464 988 damno
481 923 566 1007 eique
589 922 654 986 fidei
676 922 847 1001 subscribo,
881 944 956 1008 quae
974 922 1004 986 in
1021 922 1157 989 Nicaeua
1173 927 1287 1011 synodo
1306 928 1357 992 de·

147 1071 149 1074 -
199 1042 280 1097 oreta
302 1039 365 1107 est,
390 1047 425 1090 ac
443 1026 568 1110 denique
591 1046 626 1087 ea
642 1025 804 1110 amplector
825 1025 922 1088 omnia
945 1046 1021 1109 quae
1043 1048 1132 1113 supra
1147 1028 1256 1115 scripta
1272 1042 1354 1095 sunt.
1386 1042 1392 1051 '

529 1143 710 1197 HACTENUS
727 1145 817 1195 trost
836 1144 1022 1196 PROFESSIO.

283 1325 450 1396 Secundum
466 1333 539 1397 haec
555 1331 683 1397 Vitalem
697 1333 817 1417 eiusque
833 1333 931 1396 socios
945 1333 989 1397 sic
1002 1334 1120 1398 allocuti
1134 1356 1253 1399 sumus:
1275 1332 1354 1419 Quid
1437 1363 1462 1414 p.

196 1444 292 1497 autem
311 1444 340 1497 et
360 1457 413 1498 vos
437 1435 553 1501 dicitis?
597 1433 630 1501 Si
649 1435 716 1520 quid
740 1435 864 1500 invicem
892 1435 1003 1499 dissidii
1030 1436 1162 1518 habetis,
1196 1438 1353 1504 conciliata

196 1555 268 1620 pace
295 1538 409 1622 penitus
430 1538 534 1602 tollite.
580 1539 708 1617 tritta,
740 1535 867 1615 Dicant,
901 1538 1006 1623 iuquit.
1052 1537 1128 1603 Tum
1147 1540 1354 1607 obiicientibus

196 1638 262 1701 aliis
279 1660 387 1723 negare
403 1640 482 1726 ipsos
498 1638 649 1706 Christum
669 1641 815 1705 hominem
832 1662 898 1705 esse
916 1643 1096 1727 perlectum,
1121 1654 1225 1707 eontra
1245 1642 1353 1709 Vitalis

196 1743 366 1827 respondit,
391 1741 453 1806 lmo
467 1765 540 1807 vero
556 1741 707 1809 Christum
724 1746 850 1808 latemur
868 1746 1028 1830 pericolum
1044 1745 1191 1810 hominem
1206 1746 1351 1812 induisse.

196 1839 282 1926 Quod
306 1846 370 1909 eius
395 1866 568 1931 responsum
594 1868 653 1910 nou
678 1845 820 1910 minorem
848 1847 1033 1911 audientibus
1061 1847 1240 1933 voluptatem
1266 1872 1353 1934 quam

195 1946 417 2012 admirationem
438 1948 545 2011 attulit.
591 1949 722 2026 Atros,
756 1949 805 2034 qui
825 1949 994 2013 callidorum
1014 1948 1180 2029 bominum,
1213 1952 1352 2036 aquibus

194 2049 300 2114 fratres
319 2050 413 2114 nostri
427 2051 456 2113 in
474 2062 604 2113 errorem
623 2050 857 2129 abducebantur,
887 2051 1007 2114 intimos
1025 2073 1132 2116 sensus
1153 2073 1188 2115 ac
1208 2056 1353 2139 tergiver-

194 2151 326 2216 sationes
344 2152 478 2238 cogoitas
492 2151 687 2231 habebamus,
711 2153 808 2218 aerius
823 2155 852 2217 in
867 2154 1077 2238 interrogando
1092 2155 1283 2241 perstitimus,
1308 2169 1349 2238 et,

193 2249 396 2335 Christumne,
420 2255 560 2334 diximus,
586 2255 701 2340 proprie
717 2277 834 2319 earnem
852 2257 1048 2341 assumpsisse
1066 2257 1233 2343 profiteris?
1276 2256 1351 2323 Pro·

190 2355 292 2437 dteor,
326 2358 430 2442 inquit.
485 2355 656 2421 Eandemne
680 2359 715 2421 de
736 2355 834 2422 Maria
862 2358 976 2443 virgine
1001 2359 1065 2422 sine
1092 2358 1171 2423 virili
1198 2370 1282 2440 satu,
1315 2383 1350 2426 ac

190 2460 401 2545 perspiritum
427 2471 558 2524 sanctum
587 2461 757 2545 accepisse?
799 2459 848 2524 Ne
871 2462 949 2525 istud
975 2461 1090 2545 quidem
1116 2461 1263 2526 inficiatus
1290 2474 1348 2528 est.

189 2558 363 2627 Utrumuam
380 2563 497 2649 proprie
516 2563 600 2626 deum
623 2562 745 2627 verbum
769 2563 872 2646 deique
889 2565 976 2627 hlium
994 2565 1149 2627 existimas
1166 2586 1182 2627 e
1198 2565 1281 2629 coelo
1300 2566 1350 2629 de·

190 2665 379 2728 secedentem
402 2685 520 2728 caruem
546 2667 706 2751 sumpsisse
731 2665 767 2729 dc
786 2666 921 2749 virgine?
963 2664 1074 2750 Magna
1099 2667 1149 2730 ille
1168 2688 1232 2730 cnm
1251 2668 1350 2750 gravi·

190 2775 250 2829 tate
276 2786 417 2830 assensus
441 2778 497 2831 est.
544 2766 587 2830 Ea
610 2789 658 2831 res
685 2768 769 2831 nobis
793 2789 924 2832 summae
953 2769 1093 2854 voluptati
1120 2769 1185 2832 luit.
1232 2766 1349 2856 Quippe

191 2886 208 2928 a
227 2865 376 2952 discipulis
393 2867 468 2946 illis,
493 2891 566 2954 quos
583 2870 613 2933 in
632 2866 762 2955 Cyprum
779 2870 813 2933 ad
832 2892 886 2934 nos
902 2872 1022 2935 venisse
1040 2881 1125 2934 antea
1149 2872 1345 2952 narravimus,

191 2968 334 3032 eiusmodi
353 2990 419 3032 esse
439 2971 543 3054 dogma
567 2973 682 3035 illorum
703 2973 905 3051 audieramus,
942 2969 1053 3037 Christi
1079 2995 1196 3037 carnem
1217 2973 1348 3038 eMaria

192 3068 271 3132 ottilo
288 3070 373 3134 modo
394 3092 459 3138 esse
479 3085 656 3160 susceptam.
704 3073 805 3159 Quare
823 3096 887 3139 curn
905 3076 1145 3159 religiosissimus
1165 3077 1219 3140 iste
1239 3074 1346 3141 Vitalis

192 3170 339 3235 dominum
362 3185 493 3238 nostrum
512 3173 608 3240 lesum
628 3175 778 3243 Christum
799 3200 917 3242 carnem
936 3199 952 3240 c
970 3176 1066 3241 Maria
1086 3179 1214 3243 traxisse
1231 3181 1346 3264 praedi-

191 3285 290 3352 caret,
326 3275 430 3339 iterum
455 3297 471 3339 a
496 3279 580 3343 uobis
607 3280 807 3364 interrogatus
831 3291 893 3358 est,
929 3302 996 3343 num
1020 3291 1050 3344 et
1069 3281 1194 3345 animam
1219 3282 1346 3345 indidem

190 3376 364 3461 accepisset.
409 3378 462 3441 llle
485 3382 547 3464 pari
574 3383 720 3464 gravitate
740 3405 775 3447 ac
798 3382 962 3447 constantia
986 3383 1136 3468 accepisse
1162 3385 1260 3448 lassus
1287 3395 1344 3464 est,

189 3499 284 3564 neque
304 3480 391 3543 aliter
417 3482 626 3562 asserendum,
660 3485 711 3546 sed
729 3486 759 3548 in
771 3485 912 3549 omuibus
937 3487 1012 3569 quod
1030 3507 1133 3549 verum
1151 3497 1195 3550 est
1216 3508 1347 3571 pronun·

191 3580 320 3644 tiaodum
340 3602 407 3644 esse
424 3583 508 3647 dixit.
554 3583 716 3647 Enimvero
739 3606 861 3650 necesse
884 3596 930 3650 est
948 3607 1014 3651 eum
1031 3588 1079 3671 qui
1097 3589 1131 3651 de
1150 3588 1275 3652 veritate
1293 3589 1346 3652 bo·

189 3681 316 3746 minibus
343 3684 452 3747 scribat
479 3696 540 3749 toto
557 3685 646 3750 animi
668 3698 774 3750 conatu
791 3689 865 3751 inid
886 3710 973 3751 neum
991 3689 1160 3753 incumbere
1179 3701 1210 3752 ut
1224 3690 1270 3754 dei
1289 3690 1346 3755 sibi

189 3785 323 3849 timorem
340 3786 378 3850 ob
394 3786 494 3850 oculos
512 3799 671 3874 proponat,
696 3808 790 3872 neque
805 3789 908 3852 falsum
926 3791 1076 3875 quicquam
1094 3812 1129 3855 ac
1146 3802 1258 3856 temere
1274 3813 1345 3856 cou-

188 3889 286 3954 betum
309 3889 344 3952 ad
367 3901 532 3974 susceptam
556 3889 745 3973 scriptionem
769 3890 937 3955 admisceat.

272 3989 367 4075 lgitur
383 3988 490 4055 Vitalis
509 3992 663 4055 humanam
679 4013 696 4055 a
713 3989 833 4057 Christo
853 3994 978 4058 animam
1002 4007 1166 4082 susceptam
1185 4016 1251 4059 esse
1272 4017 1342 4060 oon·
1396 4014 1456 4083 Gap.

188 4094 284 4158 lessus
309 4105 365 4156 est.
413 4090 465 4157 Sic
482 4094 558 4157 euim
584 4093 697 4157 aiebat:
723 4091 852 4160 Omnino
870 4098 1016 4181 perlectus
1034 4098 1119 4161 bomo
1136 4094 1272 4163 Christus
1289 4120 1343 4164 ex·
1375 4082 1474 4139 mv·

188 4193 257 4256 titit.
303 4193 418 4259 Deinde
441 4207 591 4282 postquam
617 4197 653 4260 de
674 4197 770 4261 anima
797 4209 827 4261 et
850 4220 939 4263 carne
964 4199 1105 4264 sciscitati
1131 4221 1249 4280 sumus,
1281 4213 1342 4266 tum

189 4294 303 4359 demum
319 4299 395 4364 istud
415 4299 451 4362 ab
471 4320 506 4362 eo
526 4299 736 4385 quaesivimus,
760 4298 933 4365 Mentemnc
952 4297 1089 4366 Christus
1106 4302 1239 4368 domiuus
1258 4325 1341 4369 acce-

188 4397 250 4485 piet
294 4395 365 4468 Sine
382 4402 438 4466 ulla
454 4402 639 4468 cunctatione
653 4402 784 4492 negarit.
828 4401 905 4468 Tum
922 4425 976 4469 uos
994 4426 1032 4471 ex
1050 4406 1189 4488 adverso,
1215 4405 1340 4496 Quinam
