3096 5070
333 319 472 372 rsnssn
490 320 553 371 ers.
572 317 1005 372 ursumpileatum.
1207 303 1247 369 83

91 449 156 518 est,
192 442 392 521 Udt'sopierrs?
437 440 623 502 Udr'scra'du?
668 440 723 501 Udi
737 442 911 520 conquisitor
934 439 1045 497 soeculi
1063 439 1180 516 tumr)
1202 456 1249 498 re·
1274 447 1331 495 tntu.
1344 448 1377 490 to.

91 543 255 626 darguens‚
280 542 387 606 nullam
406 541 453 604 bin
471 540 645 625 sapientiam
664 541 810 604 sermonis
828 539 1047 617 accommodam
1081 558 1117 601 ue
1138 538 1250 623 argutis

88 643 161 707 iisce
180 645 324 707 rationum
351 642 530 706 coniecturis
545 641 702 726 religiosus
725 644 762 705 de
782 651 863 726 patre
890 640 1009 724 filioque
1026 660 1132 704 seusus
1155 640 1250 704 inanis

89 746 158 825 lint,
194 748 317 830 quiunt
343 745 379 809 ab
404 755 529 828 utroque
555 745 721 829 passionem
745 742 906 807 excludens
930 764 1064 822 omnem,
1098 752 1250 826 patienia

89 848 190 933 seipso
205 850 278 912 citra
295 846 466 932 prolluvium
484 856 536 908 aut
551 845 738 909 allectionem
761 845 886 929 aliquam
906 845 996 909 lilium
1021 845 1161 930 genuisse
1179 845 1251 909 lide-

89 950 165 1015 libus
188 951 335 1028 declaret,
369 959 399 1010 et
416 969 481 1012 eum
502 948 616 1031 quidem
644 947 734 1011 lilium
756 948 805 1033 qui
828 948 902 1032 patri
924 948 1028 1011 similis
1047 957 1077 1010 et
1094 946 1130 1011 ab
1148 947 1250 1010 eodem

89 1053 250 1117 secundum
270 1051 464 1114 substantiam
478 1051 612 1134 genitus,
638 1051 786 1135 perlectus
800 1070 817 1113 ε
832 1051 978 1134 perlecto,
1003 1050 1165 1134 unioneque
1182 1050 1251 1116 sub-

90 1156 194 1231 sistat,
217 1164 308 1236 utque
325 1152 380 1215 boc
398 1153 568 1237 mysterium
589 1152 654 1215 sine
670 1151 903 1216 ratiocinationis
922 1152 1099 1217 adminiculo
1119 1153 1183 1216 sola
1201 1175 1265 1217 co·.

91 1257 203 1341 gnitum
230 1255 475 1339 contemplatione
502 1256 662 1339 praedicet.
715 1253 772 1319 Est
798 1255 874 1318 enim
903 1256 1056 1319 admodum
1084 1255 1249 1334 ridiculum,

92 1377 158 1420 eum
175 1357 223 1440 qui
243 1378 259 1419 a
276 1357 400 1442 sapienti
423 1358 479 1420 deo
494 1357 667 1442 sapientiam
685 1359 765 1421 audit
778 1358 928 1435 existere,
962 1379 1016 1443 pro
1033 1378 1068 1421 eo
1085 1379 1121 1420 an
1136 1358 1252 1449 sapien-

92 1469 138 1523 ter
155 1479 222 1522 sese
238 1460 321 1522 novit
337 1460 456 1543 genitae
472 1481 489 1523 a
506 1480 539 1523 se
555 1460 715 1544 sapientiae
731 1469 841 1543 patrem
859 1480 943 1538 esse,
968 1460 1054 1522 ullam
1070 1458 1119 1523 isti
1136 1461 1253 1544 sapien·

92 1561 149 1625 tiae
167 1562 331 1647 passionem
348 1562 535 1641 adscribere,
566 1582 623 1645 quo
640 1560 677 1624 ab
694 1561 742 1624 illo
762 1563 923 1625 secundum
941 1563 1100 1626 essentiam
1125 1562 1252 1648 sepienti

92 1665 194 1729 similis
211 1663 354 1749 sapientia
370 1663 524 1728 subsistat.
569 1661 648 1727 Nam
664 1674 696 1726 ut
713 1663 831 1748 sapiens
849 1665 921 1728 deus
938 1685 996 1728 nou
1017 1665 1177 1749 sapientia,
1200 1686 1252 1730 ve·

91 1767 134 1830 lut
147 1768 303 1831 allectione
324 1767 439 1852 aliqua,
464 1767 632 1852 praeditus,
656 1776 706 1829 aut
723 1765 936 1850 compositione
954 1767 1010 1830 ulla
1028 1768 1147 1852 sapiens
1163 1788 1180 1829 a
1199 1789 1253 1830 no·

92 1868 137 1933 bis
155 1871 345 1954 intelligitur,
378 1870 429 1932 sed
449 1869 666 1954 simplicissima
688 1866 804 1931 ratione
822 1878 852 1931 et
867 1869 997 1932 essentia
1014 1890 1068 1933 sua
1087 1870 1153 1934 siue
1173 1892 1253 1933 com-

93 1973 238 2058 positione
255 1972 374 2056 sapieos
402 1981 464 2047 εει,
497 1970 540 2035 ita
557 1991 651 2055 neque
678 1970 840 2055 snpientia,
873 1970 921 2055 qni
946 1971 1023 2035 lilius
1041 1993 1108 2036 esse
1134 1970 1251 2051 dicitur,

92 2075 210 2137 affectio
226 2074 353 2159 potanda
371 2084 436 2150 est,
468 2074 520 2136 sed
538 2074 682 2158 sapientia
707 2072 832 2157 ipsamet
857 2072 1021 2137 substantia
1041 2084 1104 2153 est,
1136 2073 1171 2138 ab
1189 2074 1253 2138 eius

92 2176 141 2259 qui
158 2177 276 2260 sapiens
294 2185 339 2238 est
351 2174 515 2239 substantia
530 2177 682 2260 producta.
728 2171 813 2257 Quae
830 2175 943 2259 quidem
961 2176 1104 2261 sapientia
1116 2175 1253 2240 snbstan-

91 2278 135 2340 tia
152 2279 215 2363 ipsa
230 2288 287 2356 est,
313 2278 368 2341 boc
385 2289 432 2342 est
446 2276 612 2341 subsistens
628 2277 718 2357 tilius,
743 2278 902 2361 eademque
918 2277 1060 2363 sapientis
1075 2275 1166 2362 patris
1183 2277 1253 2342 sub-

93 2381 202 2443 stantie
224 2380 345 2459 similis,
370 2402 387 2444 a
410 2401 468 2464 qno
490 2379 633 2465 sapientia
657 2380 736 2443 lilius
758 2380 873 2443 existit.

100 2539 106 2552 .
178 2481 377 2565 Quamobrem
395 2482 546 2567 apostolus
562 2479 690 2561 Paulus,
724 2482 791 2565 qni,
824 2492 856 2544 ut
873 2491 937 2544 erat
955 2479 1120 2545 Hebraioee
1136 2482 1252 2565 linguae
1271 2501 1330 2570 cap.
1350 2502 1405 2554 vn.

94 2584 306 2669 peritissimus,
339 2606 403 2648 cum
424 2606 464 2649 ex
487 2586 591 2648 eodem
612 2583 733 2669 spiritu,
766 2584 814 2668 qui
837 2584 866 2646 in
886 2595 987 2648 vetere
1010 2605 1045 2647 nc
1063 2604 1141 2648 novo
1165 2594 1254 2648 testa·

93 2696 193 2753 mento
219 2686 334 2751 locutus
358 2697 422 2764 est,
455 2688 556 2750 eadem
584 2687 700 2750 haurire
727 2706 815 2750 seusa
841 2687 1066 2765 consuevisset,
1101 2686 1214 2750 duobus
1237 2707 1253 2750 ε

95 2788 230 2872 psalmis,
261 2789 297 2852 ab
316 2811 352 2853 eo
375 2789 512 2854 videlicet
533 2791 562 2853 in
581 2810 638 2874 quo
661 2789 793 2866 canitur,
827 2790 1135 2869 Iudr'cr'otnoobpssns
1149 2793 1248 2863 multo,
1272 2812 1356 2857 reatus

95 2900 126 2951 ει
142 2891 179 2952 ab
191 2889 265 2968 alio,
288 2892 318 2953 in
334 2914 391 2976 quio
411 2893 632 2978 scriptumest,
656 2895 778 2953 Semitas
796 2903 860 2952 ncne
875 2896 904 2952 in
922 2896 1004 2973 opnr's
1023 2895 1133 2966 multos,
1158 2903 1187 2952 et
1202 2914 1247 2953 oe-
1265 2865 1351 2965 {⁵212

94 2996 182 3072 stigen
196 3004 245 3054 tno
260 3007 474 3074 cognoscentnr,
500 2995 576 3058 illam
593 2995 629 3057 de
645 2994 691 3057 dei
708 2992 823 3057 iudiciis
840 2994 1016 3058 sententiam
1033 2993 1179 3078 paululum
1196 2992 1250 3057 im·
1262 2970 1297 3025 π’
1310 2968 1342 3013 ²

89 3094 214 3158 mutatis
238 3094 409 3178 quibusdem
432 3097 590 3163 transtulit.
635 3093 715 3159 Nam
731 3118 783 3181 pro
799 3096 836 3159 iis
852 3096 970 3174 serbis,
999 3098 1131 3176 Alyssos
1146 3100 1245 3173 molto,
1256 3121 1322 3167 non.
1330 3120 1403 3177 1¹2³&

93 3197 230 3282 scripsite
263 3200 420 3260 Ooltitndo
444 3203 624 3261 dr'ot'tiornm!
657 3220 708 3283 pro
726 3198 770 3263 liis
784 3220 874 3271 vero,
908 3202 1031 3260 Semr'toe
1045 3211 1110 3260 none
1127 3205 1155 3262 r'o
1170 3205 1253 3282 aquis

94 3303 210 3379 mirltrs,
243 3312 272 3361 et
288 3305 406 3381 vestigio
424 3314 473 3364 tuo
491 3325 547 3364 non
569 3313 790 3382 cognoscentnr,
825 3300 992 3378 substituit,
1023 3304 1247 3382 investigabiles,

95 3403 226 3485 probis,
250 3407 360 3465 Iudt’cia
377 3417 425 3467 tnu
440 3406 559 3485 abyssos
577 3406 680 3478 multo,
716 3404 805 3482 llaec,
838 3405 1039 3465 inscrutabilia
1057 3409 1162 3467 indicio
1178 3410 1249 3466 eries.

97 3501 144 3564 At
168 3505 290 3567 enodem
314 3507 429 3569 modum
451 3529 516 3570 cum
535 3506 648 3590 abipsa
669 3506 812 3590 sapientia
840 3516 969 3569 mutuam
989 3506 1081 3591 ipsius
1105 3527 1140 3568 ac
1161 3505 1279 3591 patris·

93 3624 161 3667 cum
190 3604 297 3668 intimis
324 3607 404 3671 bisce
426 3608 675 3694 comparationem
698 3608 952 3692 habitudinemque
976 3617 1152 3691 cognosset,
1187 3628 1255 3692 pro·

96 3706 187 3791 priam
205 3706 295 3790 patris
311 3729 344 3770 ac
359 3708 430 3786 lilii,
460 3721 489 3772 et
506 3731 608 3773 eorum
624 3730 698 3794 quae
714 3730 765 3795 per
783 3710 906 3775 idioma
926 3720 1008 3795 patre
1028 3709 1169 3794 producta
1187 3718 1257 3771 snut

97 3807 247 3872 notionem
273 3809 334 3871 suis
358 3810 527 3894 inscriptis
552 3812 712 3895 expressit.
758 3810 834 3876 Nam
857 3834 922 3877 cum
940 3809 1092 3897 Sapientia
1116 3809 1253 3888 dixisset,

95 3916 161 3992 Ego
174 3915 312 3991 snpientia
331 3914 426 3973 beloto
441 3916 470 3972 io
484 3915 621 3984 consito,
645 3922 721 3990 ete,
745 3924 804 3976 turn
821 3915 856 3977 ad
875 3934 940 3977 eam
956 3911 1190 3998 procreationem
1205 3912 1255 3976 sd·
1267 3930 1364 3989 eroes,
1376 3932 1408 3976 ιι

97 4011 399 4098 ministrationemque
430 4033 504 4098 quae
531 4008 746 4096 interveniente
777 4015 871 4078 verbo
901 4015 936 4078 lit
957 4013 1155 4092 descendens,
1188 4035 1252 4077 eum

95 4115 137 4180 ita
154 4115 374 4196 submersisset,
404 4121 460 4178 Per
475 4138 517 4176 me
536 4136 635 4196 reges,
661 4124 739 4191 etm,
771 4115 839 4178 item
858 4115 947 4194 illud,
976 4120 1188 4178 St'nontr'overo
1210 4138 1256 4178 no-

97 4220 139 4279 lis
156 4240 228 4299 pnoe
241 4240 295 4299 per
312 4241 355 4280 me
362 4222 462 4300 finnt,
496 4219 712 4280 commemorabo
736 4238 806 4299 quoe
828 4239 845 4277 o
868 4220 980 4278 soeculo
1001 4230 1068 4278 sunt
1086 4239 1256 4298 percensea-

96 4324 149 4394 do,
184 4319 306 4402 deinde,
341 4327 477 4403 Dornirns
503 4326 612 4384 creoor't
631 4343 674 4382 me
702 4323 811 4382 r'rritrinn
837 4323 945 4381 urorum
973 4340 1089 4381 suornm
1119 4325 1148 4382 t'a
1171 4342 1256 4402 opero

134 4490 171 4542 ll).
197 4483 271 4544 eisin
288 4491 416 4559 (sonoro
430 4492 566 4559 memnon)
584 4493 679 4563 Peto·⁴
727 4489 786 4543 Can.
801 4493 902 4543 vn.-
922 4491 942 4543 l.
959 4489 1002 4544 τοῦ
1018 4487 1114 4558 πατρὸς
1128 4492 1179 4543 cod.
1196 4492 1258 4542 tibe-

96 4562 156 4611 otus.
191 4563 236 4610 Nec
251 4563 365 4623 improbo.
696 4564 745 4626 ἄιε.

987 4642 1037 4711 6*
