3096 5070
291 324 354 389 450
716 335 839 390 ειαστι
857 338 1025 391 mmm

293 457 448 531 4Κελκέας
461 478 492 518 τε
506 453 557 519 καλ
571 455 691 533 Βουζελ,
721 452 787 540 άγρι
801 451 900 538 Ἰησοῦ
915 462 968 520 τοῦ
983 457 1085 540 ἱερέως
1098 462 1152 521 τοῦ
1167 453 1313 540 μεγάλου,
1337 456 1450 544 Ἐσδρά

289 580 321 622 τε
337 563 391 622 τοῦ
414 557 527 642 ἱερέως,
550 558 601 622 καλ
621 564 682 622 τῶν
703 554 805 623 άλλων.
851 559 913 622 Καὶ
933 555 1069 637 ου’δαμοῦ
1090 557 1167 643 γυνή
1188 556 1362 643 ἱεράτευσεν.

161 678 229 749 Κςφ,
240 679 273 748 γ,
372 654 545 740 Ἐλεύσομαι
567 659 598 724 δέ
616 660 666 724 καλ
689 661 732 735 είς
748 657 803 742 τήν
821 657 928 743 καινήν
952 659 1112 742 διαθήκην.
1159 664 1201 725 Et
1217 659 1376 746 ἱερατεύειν
1397 690 1450 749 γυ·

290 769 392 838 ναῖκες
413 768 477 850 θεῷ
504 758 754 843 προςετάσσοντσ,
784 759 979 843 ήκανονικόυ
999 789 1028 826 τι
1049 760 1226 848 ἐργάζεσθαι
1247 765 1280 828 ἐν
1299 766 1449 853 ἐκκλησία,

291 865 350 929 έδει
363 871 472 947 μᾶλλον
489 860 583 946 αῦτήν
600 861 655 946 τήν
672 867 797 950 Μαρίαν
813 867 956 948 ἱερατείαν
971 866 1132 930 ἐπιτελέσαι
1150 869 1180 931 ἐν
1198 873 1286 955 καινῇ
1303 866 1448 957 διαθήκη,

223 1012 226 1019 ·
289 965 344 1050 τήν
366 970 602 1044 καταξιωθεῑσαν
630 969 662 1032 ἐν
689 964 813 1041 κόλποις
840 969 928 1042 ἱδὶοις
953 962 1159 1045 ῦποδέξασθαι
1185 968 1238 1033 τόν
1261 970 1451 1051 παμβασιλέα

289 1067 365 1135 θεόν
380 1067 573 1154 ἐπουράνιον,
595 1066 664 1134 υἱόν
679 1075 733 1134 τοῦ
751 1074 843 1147 θεοῦ,
872 1060 910 1152 ής
927 1065 944 1151 ή
959 1067 1056 1154 μήτρα
1073 1068 1145 1147 ναός
1162 1071 1305 1156 γενομένη
1320 1072 1372 1135 καλ
1391 1097 1449 1135 κα·

288 1170 478 1255 τοικητήριον
495 1176 536 1248 εἱς
557 1170 611 1255 τήν
627 1178 681 1237 τοῦ
697 1175 805 1256 κυρίου
821 1172 964 1256 ἐνσαρκον
987 1173 1161 1255 οἰκονομίαν
1181 1170 1257 1237 κατά
1274 1180 1449 1256 φιλανθρω-

289 1279 362 1339 πίαν
378 1280 454 1340 θεοῦ
469 1277 520 1339 καί
536 1277 698 1356 ἔκπληκτον
713 1272 874 1358 μυστήριον
887 1269 1066 1356 ήτοιμάσθη.
1105 1271 1182 1338 Ἀλλ’
1199 1272 1256 1340 οῦκ
1275 1274 1447 1359 εῦδόκησεν.

156 1408 208 1454 τις
218 1397 277 1444 m.
286 1373 362 1442 Ἀλλ’
376 1376 446 1442 οὐδέ
460 1374 612 1460 βάπτισμα
626 1373 744 1441 διδόναι
757 1380 959 1442 πεπίστευται·
978 1377 1042 1442 ἐπεὶ
1057 1375 1190 1458 ήδῦνατο
1205 1374 1223 1442 ό
1237 1377 1365 1461 Χριστός
1377 1386 1448 1461 μάλ-

242 1477 245 1483 ’
289 1485 341 1545 λον
360 1476 430 1563 παρ’
456 1479 582 1555 ιαὐτοῖς
595 1483 816 1562 βαπτισθῆναι,
845 1475 920 1564 ἤπερ
939 1477 1022 1564 παρά
1035 1478 1193 1545 Ἰωάννου·
1224 1477 1296 1544 άλλά
1311 1476 1450 1564 Ἰωάννης

290 1582 342 1665 μίν
357 1591 429 1659 παῖς
446 1586 595 1667 Ζαχαρίου
609 1584 641 1647 ἐν
655 1588 691 1671 τῇ
706 1579 807 1669 ἐρήμῳ
824 1583 962 1647 διετέλεσε
978 1580 1130 1664 βάπτισμα
1146 1581 1281 1663 άφέσεως
1295 1579 1449 1667 άμαρτιοῖν

289 1686 534 1767 πεπιστευμένος,
565 1681 583 1749 ό
607 1684 639 1749 δέ
660 1683 769 1749 τοῦτου
790 1680 888 1769 πατήρ
907 1688 969 1772 θεῷ
989 1680 1153 1768 ἱεράτευσε,
1186 1686 1237 1749 καλ
1255 1692 1291 1776 τῇ
1309 1684 1374 1774 άρρι
1394 1694 1449 1753 τοῦ

288 1785 481 1870 θυμιάματος
505 1786 650 1852 ὀπτασίαν
674 1782 741 1851 εἶδε.
788 1787 903 1871 Πέτρος
924 1810 955 1850 τε
978 1787 1029 1851 καί
1048 1785 1206 1873 Ἀνδρέας,
1233 1783 1375 1872 Ἰάκωβος
1396 1791 1448 1854 καί

286 1885 442 1971 Ἰωάννης,
467 1894 617 1963 Φίλιππος
635 1889 685 1954 καί
706 1894 951 1972 Βαρθολομαῖος,
976 1891 1103 1969 Θωμᾶς,
1135 1891 1302 1970 Θαδδαῖος,
1324 1893 1376 1957 καλ
1391 1888 1447 1957 Ἰά-

287 1996 387 2075 κωβος
402 1989 559 2073 Ἁλφαίου,
581 1992 633 2057 καλ
644 1989 762 2066 Ἰούδας
773 1988 937 2072 Ἰακώβου,
960 1993 1012 2055 καλ
1027 1986 1164 2073 Σίμωνά
1182 1997 1368 2072 Καναναῖος,
1395 1995 1447 2059 καί

289 2099 436 2169 Ματθίας
452 2090 471 2160 δ
486 2097 529 2170 είς
545 2093 696 2179 πλήρωσιν
710 2100 769 2159 τοῖν
784 2090 900 2157 δάδεκα
916 2094 1132 2177 ἐκλελεγμένος,
1164 2085 1248 2160 οῦτοι
1263 2096 1371 2172 πάντες
1385 2097 1441 2171 ἐξα·

287 2197 412 2282 λέγησαν
427 2194 602 2275 ἀπόστολοι,
627 2192 725 2261 Ικατά
744 2192 799 2277 τήν
815 2201 871 2280 γῆν
890 2196 1110 2280 ἱερουργοῦντες
1123 2192 1156 2260 τά
1175 2195 1357 2283 εῦαγγέλιον,
1378 2191 1441 2275 άμα

291 2297 403 2388 Παῦλρι
421 2299 472 2365 καλ
491 2296 635 2386 Βαρνάβα
648 2300 700 2362 καλ
713 2306 844 2374 λοιποῖς,
874 2297 925 2363 καλ
940 2301 1109 2382 μυστηρίων
1124 2296 1291 2384 άργηγέται,
1318 2293 1372 2360 σῦν
1386 2292 1438 2358 Ἰα·

289 2400 380 2490 κοίβφ
394 2408 436 2489 τῷ
451 2398 569 2488 άδελφρῖ
586 2406 640 2466 τοῦ
655 2404 763 2485 κυρίου
778 2401 829 2463 καῖ
846 2397 954 2487 πράτρτ
971 2398 1124 2488 ἐπισκόπιμ
1138 2396 1348 2485 Ἰεροσολάμαυ.
1389 2393 1438 2472 Ἰδξ

289 2495 380 2591 οὗπερ
397 2502 564 2569 ἐπισκόπου
580 2505 630 2568 καί
647 2508 706 2568 τοῖν
720 2503 940 2587 προειρημένων
955 2499 1129 2568 άποστόλων
1144 2497 1362 2582 κατεστάθησαν
1376 2502 1440 2563 δια-

289 2606 374 2689 δοχαλ
391 2604 563 2671 ἐπισκόπων
576 2606 626 2671 καί
642 2605 850 2691 πρεσβυτέρων
867 2606 899 2670 ἐν
918 2607 991 2693 σίκηο
1008 2612 1092 2670 θεοῦ.
1138 2607 1199 2670 Καί
1213 2601 1349 2686 οῦδαμοῦ
1366 2598 1442 2687 γυνή

290 2710 322 2776 ἐν
339 2706 455 2785 τοῦτοις
468 2705 645 2789 κατεστάθη.
684 2699 777 2772 Ἦσαν
798 2708 840 2784 δέ,
865 2709 950 2789 φησί,
971 2709 1107 2793 τέσσαρες
1123 2708 1283 2794 θυγατέρες
1301 2708 1443 2793 Φιλίππω

288 2817 330 2900 τῷ
345 2810 533 2900 εὐαγγελιστῇ
549 2806 806 2895 προφητεύουσαι,
836 2807 874 2874 οῦ
892 2807 952 2892 μήν
969 2812 1184 2895 ἱερουργοῦσαι.
1228 2809 1290 2874 Καί
1305 2798 1446 2890 ἦν”Αννα

288 2921 435 2999 προφῆτις
448 2912 586 2999 θυγάτηρ
604 2910 763 2994 Φανουήλ,
795 2908 854 2976 ἄλλ’
872 2908 925 2995 οῦγ
944 2915 1088 2995 ἱερατείαν
1104 2911 1327 2993 πεπιστευμένη.
1362 2906 1447 2974 Ἔδει

288 3015 345 3101 γάρ
358 3023 548 3103 πληροῦσθαι
564 3014 613 3094 τό,
639 3012 903 3100 Προφητεόσουσεν
920 3017 951 3078 οἱ
963 3016 1023 3079 υἱοί
1041 3011 1142 3096 ὁμοῖν,
1164 3014 1217 3078 καλ
1234 3015 1269 3077 αἱ
1282 3013 1446 3098 θυγατέρες

288 3114 375 3199 ῦμῦν
395 3122 546 3194 ἐνυπνίοις
574 3115 905 3199 ’ἐνυπνιασθήσονταῃ
935 3117 984 3182 καί
1013 3119 1045 3182 οἱ
1059 3121 1207 3183 νεανίσκοι
1225 3111 1310 3198 ῦμῦν
1328 3112 1446 3199 δράσεις

288 3216 428 3302 όψονταε.
474 3223 534 3285 Καλ
559 3219 606 3286 ότι
632 3220 686 3303 μὲν
703 3224 898 3285 διακονεσσῦν
922 3217 1018 3303 τάγμα
1041 3220 1120 3285 ἐστίν
1142 3220 1185 3294 είς
1204 3215 1259 3300 τήν
1279 3219 1443 3300 ἐκκλησίαν,

288 3318 348 3387 ἄλλ’
364 3321 431 3405 οῦχλ
448 3324 490 3399 είς
515 3321 548 3388 τό
567 3322 740 3410 ἱερατεῦειν,
771 3319 843 3387 οῦδέ
865 3348 893 3386 τι
911 3323 1065 3407 ἐπιχειρεῖν
1086 3323 1265 3406 ἐπιτρέπειν,
1297 3321 1394 3385 ένεκευ
1412 3318 1446 3383 δέ

288 3425 465 3509 σεμνότητος
479 3431 534 3491 τοῦ
549 3430 719 3510 γυναικείου
735 3426 855 3511 γένους,
876 3421 898 3507 ἢ
911 3422 946 3489 δι’
967 3423 1048 3509 άραν
1061 3428 1204 3509 λουτροῦ,
1225 3419 1247 3504 ἦ
1260 3423 1446 3502 ἐπισκέψεως

287 3526 426 3607 πάθους,
458 3525 604 3611 ήπόνου,
636 3528 687 3592 καί
710 3527 759 3592 ὅτε
779 3531 951 3611 γυμνωθείη
972 3533 1058 3608 σῶμα
1080 3530 1219 3612 γυναίου,
1247 3527 1298 3588 ἱνα
1322 3523 1365 3607 μή
1382 3518 1445 3589 ῦπό

288 3624 408 3715 άνδροῖυ
424 3628 658 3715 ῖερουργοόντων
675 3632 818 3709 θεαθείη,
841 3624 900 3692 ἀλλ’
917 3625 976 3693 ῦπό
993 3636 1046 3711 τής
1063 3625 1270 3710 διακονοῦσης,
1289 3624 1336 3690 *ά
1355 3628 1448 3693 ‘lm-

287 3729 425 3798 τάσσεται
448 3729 532 3798 6άπό
553 3739 607 3796 τοῦ
629 3732 730 3814 ἱερέως
748 3732 951 3813 ἐπιμελεῖσθαι
963 3728 1040 3815 πρός
1058 3729 1112 3814 τήν
1130 3728 1211 3816 ῦραν
1228 3737 1281 3812 τῆς
1295 3730 1449 3811 ἐπιδεομέ-

289 3861 342 3917 νης
365 3832 506 3921 γυναικός
525 3836 555 3900 ἐν
577 3840 613 3922 τῇ
637 3831 701 3921 όὶρς
724 3840 776 3916 τῆς
798 3838 853 3898 τοῦ
871 3831 1008 3916 σόματος
1031 3830 1124 3916 αῦτής
1144 3831 1334 3919 γυμνάσεως,
1366 3836 1449 3896 7τοῦ

160 3971 168 3991 ·
287 3936 435 4024 τάγματος
448 3944 501 4020 τῆς
515 3934 648 4013 εῦταξίας
660 3937 712 4001 καί
726 3939 966 4019 ἐκκλησιαστικαῖς
981 3932 1118 4018 εῦνομίας
1130 3933 1333 4018 ἐπιστημόνως
1344 3935 1378 3999 ἐν
1394 3934 1446 4016 μέ-

322 4105 346 4160 4.
365 4109 478 4180 χτλίκίας
494 4111 545 4161 τοῦ.
563 4111 660 4173 medio.
881 4110 935 4159 εδίλ.
953 4111 1053 4161 Petam

310 4178 384 4260 acu.
400 4180 450 4261 ¹¹¹¹,
464 4207 491 4218 -
529 4181 550 4229 Ι.
566 4180 746 4229 &scribendum
758 4173 849 4231 ιελαῦ-
913 4176 938 4229 3.
956 4173 1170 4261 εξγτυγααθήσοιται
1184 4180 1235 4230 οοελ
1254 4178 1351 4242 amia.

288 4262 396 4381 13⁶1ss}ss
412 4249 623 4380 ss‘ss'ssss‘ssaf‘mm
638 4249 766 4299 cm
782 4249 850 4298 „ma
916 4245 940 4366 ἐξ
957 4249 1296 4381 λδέέδηῗδάδδόόε...

322 4383 347 4433 2.
358 4380 424 4436 κατὰ
440 4385 504 4433 abest
517 4398 532 4432 α
546 4385 614 4434 τοῦδ.
625 4397 680 4434 αυτ.
695 4389 716 4434 ιε
729 4385 765 4434 εδ.
773 4386 848 4446 ρελασ.
916 4381 940 4433 6.
960 4376 1008 4437 ῦαδ
1024 4385 1078 4433 εδει
1098 4384 1181 4435 Ρελου.
1199 4384 1279 4432 coum.
1295 4386 1366 4445 τερελ

289 4451 420 4501 Carnarius
442 4454 510 4501 υετλλί
535 4450 562 4500 hi
585 4468 672 4502 οιασεε
695 4450 769 4501 electi
791 4459 850 4500 nunt
916 4447 939 4502 7.
958 4451 1112 4501 Scribendum
1128 4456 1186 4514 μαλε
1202 4455 1244 4500 σειλ
1259 4447 1309 4509 ἕως
1324 4449 1370 4502 τοῦ
1384 4445 1449 4516 τάγ·

288 4517 397 4584 εροιεολί
414 4517 580 4568 sacrificante·
597 4535 643 4585 per
664 4528 754 4568 terram
770 4534 849 4568 εντη-
884 4533 970 4584 μστσς,
987 4517 1035 4584 τῆς
1049 4513 1167 4581 τῦταξίας
1180 4546 1196 4556 -
1212 4546 1226 4555 -
1239 4511 1448 4600 ήσφαλισγείνης,

290 4584 380 4652 goliam
400 4592 451 4637 τελε.
487 4585 532 4638 καὶ
554 4583 621 4641 κατά
642 4583 688 4653 τήν
711 4588 760 4652 γῆν
781 4588 850 4638 λοθιί
882 4589 919 4637 υελ
939 4589 1012 4637 εείαιπ
1034 4585 1079 4639 τοῦ
1103 4584 1233 4654 τάγματος
1255 4583 1305 4653 τῆς
1327 4582 1449 4647 ευταξλας
