3096 5070
274 251 337 318 360
700 262 821 315 εινοτι
838 262 1009 315 emma
1096 253 1100 258 ’

274 379 348 457 τοῦς
365 382 460 457 ίῦίους
482 388 535 464 τῆς
557 384 753 462 φιλονεικίας,
782 381 914 467 λέγοντες
940 379 1048 464 ὄνυχας
1074 378 1166 448 αῦτάν
1187 383 1354 465 ἐσχηκέναι,
1383 383 1440 448 καὶ

276 484 390 568 σάρκα,
419 486 469 548 καί
485 488 597 566 τρίχας,
627 485 677 549 καί
694 487 723 549 εί
733 509 762 549 τι
778 485 895 567 ἕτερον,
925 481 1129 561 ον”τοιοῦτονς
1151 487 1184 551 ῦλ
1206 482 1331 562 άποίονς
1349 481 1442 568 ἡμεῖς

276 589 393 670 έχομεν,
415 583 487 651 άλλά
505 585 611 662 ἄλλους
626 584 734 669 ὄνυχας
750 588 912 669 έσχηκέναι,
934 587 985 652 καλ
1000 584 1112 671 σάρκας
1126 585 1223 669 άλλας,
1245 589 1296 654 καί
1311 586 1347 653 τά
1364 587 1442 654 ἄλλα

277 687 374 753 πάντα
391 687 446 771 οῦχ
474 685 564 754 ὁποῖα
589 686 674 772 ἡμεῖς
691 690 809 771 έχομεν,
840 686 911 753 άλλά
934 688 1037 755 άλλοῖα
1054 689 1135 775 παρά
1159 689 1195 754 τά
1213 688 1352 776 ἡμέτερα·
1383 695 1442 775 δῆ-

140 815 192 862 9⁸⁸·
205 802 334 858 ΙΜθεν
358 789 447 856 πάλιν
464 790 641 874 βουλόμενοι
665 798 844 872 σοφιστικοῖς
862 797 904 879 τῷ
926 798 1045 881 Χριστῷ
1067 797 1260 877 χαρίσασθαι,
1291 792 1366 860 κατά
1384 793 1443 861 τὸν
1496 827 1501 839 ·

282 893 506 959 ιοιἰαλεντῖνον
520 897 571 959 καί
585 893 638 971 τάς
649 895 804 977 εἰρημένας
821 896 956 979 αίρέσεις,
979 894 1050 972 τοῦς
1063 901 1205 978 ματαίους
1219 895 1334 982 λόγους.
1378 905 1443 962 Λε-

278 1018 364 1084 γουσι
381 994 452 1081 γάρ,
475 995 548 1062 ὅταν
566 1003 697 1081 Χριστοῦ
714 994 942 1083 ὁμολογήσωμεν
957 1002 1070 1074 τελείως
1083 996 1120 1062 τά
1134 999 1241 1077 πάντα,
1267 1000 1445 1085 Περιέργως

278 1101 438 1188 γέγραπται
456 1101 549 1183 ’περὶ
565 1098 782 1166 τῶντοιούτων
798 1106 857 1165 τοῖν
874 1103 1156 1186 περιεργαζομένων,
1178 1103 1230 1165 καί
1245 1102 1336 1183 μηδὲν
1352 1104 1444 1188 έργα-

278 1205 416 1285 ζομένων.
462 1200 632 1286 Πτῦροντες
657 1201 712 1288 γάρ
735 1200 789 1285 τήν
811 1200 945 1268 διάνοιαν
962 1210 1021 1268 τῶν
1045 1204 1259 1289 άκεραιοτέρων
1278 1202 1374 1280 εῦθῦς
1392 1207 1443 1270 λέ-

278 1327 397 1393 γουσιν,
431 1301 552 1370 Οῦκοῦν
573 1309 672 1388 χρείαν
698 1307 761 1388 έσχε
779 1311 839 1369 νῦν
863 1303 938 1371 κατά
959 1314 1012 1389 τῆς
1030 1304 1140 1390 σαρκῦς
1158 1302 1337 1389 συνήθειαν,
1365 1304 1444 1388 ἦτά

280 1407 357 1493 πριίς
373 1405 560 1488 έκτοπισμάν,
582 1405 604 1489 ἢ
617 1407 653 1471 τά
669 1405 745 1493 πρῦς
761 1403 931 1493 άφεῦριόνα,
952 1407 974 1492 ἦ
988 1407 1025 1473 τά
1039 1407 1120 1489 άλλα,
1142 1408 1254 1494 ὅσαπερ
1268 1413 1352 1474 δοκεῖ
1364 1406 1445 1476 είναι

280 1508 378 1591 σοφά,
408 1507 491 1574 δεινά
508 1510 540 1573 δέ
557 1508 752 1594 τυγχάνοντα,
779 1512 831 1575 καί
846 1509 965 1595 ληράῦη
983 1519 1107 1594 μᾶλλον,
1138 1512 1180 1589 άς
1194 1534 1268 1595 φησι
1287 1510 1443 1597 άπροφή·

280 1639 347 1696 της,
381 1616 432 1688 Τίς
451 1609 507 1697 γάρ
525 1610 642 1694 ἐζήτησε
663 1619 756 1678 ταῦτα
781 1615 814 1679 ἐκ
830 1620 890 1678 τῦν
907 1621 1012 1699 χειροῖν
1032 1611 1132 1697 ῦμῦνς
1179 1616 1255 1700 Περί
1280 1618 1361 1690 τίνος
1382 1613 1443 1702 γάρ

280 1723 340 1781 τῶν
356 1713 458 1800 άγίιον,
481 1719 533 1778 καί
548 1719 595 1780 τοί
608 1740 641 1801 γε
653 1713 828 1799 άνθράπων
844 1713 941 1782 ὄντων
957 1724 1014 1781 τῶν
1029 1724 1203 1803 προφητῶν,
1226 1721 1278 1783 καί
1293 1715 1330 1783 ον’
1343 1724 1443 1797 θειῦν,

280 1821 332 1885 καί
350 1818 574 1902 εῦαγγελιστῦν,
603 1821 651 1884 καί
671 1825 784 1884 λοιπῶν
800 1825 859 1884 τῶν
874 1820 908 1884 έκ
923 1827 1022 1902 ψυχῆς
1036 1821 1087 1884 καί
1106 1818 1216 1905 σαρκῦς
1229 1817 1338 1899 ὄντων,
1368 1818 1443 1885 καθ’

280 1918 360 2006 ἡμᾶς
375 1922 407 1986 δέ
421 1918 531 1999 ὅντων,
554 1922 605 1985 καί
625 1920 666 2004 μὴ
688 1919 968 2004 άμφιβαλλομένων,
1002 1921 1118 2007 ἐγράφη
1136 1925 1203 2006 περλ
1219 1930 1279 1988 τῦν
1295 1921 1442 1988 τοιούτων

281 2022 477 2110 πραγμάτωνς
524 2029 593 2089 Ποῦ
617 2024 649 2088 δέ
671 2023 738 2106 οῦχί
762 2031 872 2105 μᾶλλον
895 2022 932 2089 τά
952 2023 1113 2110 σεμνότερα
1136 2025 1354 2113 έπεμαρτῦρησε
1374 2033 1440 2100 τοῖς

283 2124 378 2214 άγίοις
398 2123 419 2209 ἦ
439 2125 559 2214 γραφὴ,
582 2125 624 2209 μή
647 2153 675 2192 τε
696 2151 728 2212 γε
748 2132 843 2216 κυρίῳ
868 2133 986 2216 Χριστῷ
993 2156 1002 2207 3

207 2707 214 2722 ,
238 2664 269 2730 3'·
371 2641 548 2725 Λεγέτωσαν
568 2641 600 2704 δέ
615 2637 689 2722 ἡμῖν
705 2641 737 2704 οί
759 2640 944 2722 έκθαμβηταί
967 2643 1027 2702 τῶν
1043 2637 1216 2722 προβάτων,
1243 2637 1294 2702 καί
1311 2632 1440 2735 πτῦρται

283 2749 342 2808 τῶν
358 2750 552 2829 περιστερῶν,
577 2744 627 2808 καὶ
647 2743 771 2823 σοβηταί
789 2747 848 2807 τῶν
864 2748 917 2807 τοῦ
936 2748 1067 2823 Χριστοῦ
1084 2738 1197 2824 άρνίων
1213 2764 1243 2805 τε
1263 2740 1333 2804 Ικαί
1346 2747 1441 2822 θρεμ·

284 2846 400 2928 μάτων,
435 2851 503 2909 Ποῦ
529 2843 759 2929 παρεσκευάσθη
785 2851 923 2926 Μωῦσῆς
946 2843 1000 2927 τήν
1020 2841 1349 2928 τεσσαρακονθήμερονς
1380 2846 1442 2905 ποῦ

284 2947 320 3012 τά
338 2946 414 3029 πρὸς
430 2951 527 3031 χρείαν
542 2950 667 3012 ἐποιεῖτο
684 2944 782 3021 Ἠλίας
800 2949 832 3010 έν
851 2954 891 3034 τῷ
911 2952 1018 3036 Χορρρῖ
1031 2949 1189 3034 χειμάρρῳ,
1209 2944 1338 3028 ὁπηνίκα
1352 2941 1444 3027 άρτον

285 3051 340 3134 μέν
357 3048 390 3114 τά
413 3048 546 3133 πρωϊνάν
563 3049 667 3130 ἤσθιε,
696 3051 769 3133 κρέα
794 3049 826 3113 δέ
853 3046 887 3113 τά
915 3047 1041 3115 δειλινόν
1064 3046 1124 3113 άπὸ
1146 3056 1199 3130 τῆς
1219 3055 1278 3114 τῶν
1304 3046 1445 3129 κοράκων

285 3156 508 3236 παρακομιῦῐχς,
531 3151 581 3217 διά
601 3159 677 3216 θεοῦ
692 3150 929 3236 προςτάγματοςς
971 3148 1107 3216 Ἠλίθιον
1128 3149 1183 3235 γάρ
1199 3143 1238 3233 ἦν
1255 3147 1287 3215 τῦ
1304 3148 1357 3232 τήν
1374 3174 1445 3234 γρα-

287 3253 350 3338 φήν
372 3256 441 3336 περί
464 3253 578 3321 τούτων
600 3256 706 3340 λέγειν,
736 3251 777 3330 οἷς
802 3262 857 3318 νῦν
874 3252 990 3330 τούτοις
1007 3251 1127 3336 ἠλίθιον
1143 3251 1177 3318 τά
1196 3251 1344 3331 ἐξετάζειν.
1392 3254 1448 3326 Τίς

287 3356 342 3444 γάρ
361 3355 486 3438 ω’φέλεια
507 3360 538 3423 έν
554 3367 617 3433 τοῖς
636 3354 798 3432 τοιούτοις,
830 3354 851 3439 ἦ
876 3361 904 3421 τί
927 3356 960 3420 to*
984 3357 1143 3439 χρησιμονς
1172 3352 1269 3436 άλλ’ἢ
1290 3353 1382 3437 μόνον
1403 3356 1448 3430 είς

288 3458 425 3525 άπιστίαν
448 3468 501 3542 τῆς
522 3459 701 3544 προλήψεως
727 3457 891 3543 προφάσεις
911 3457 961 3523 διά
983 3462 1181 3544 ψυχρολογίας
1202 3459 1252 3522 καί
1273 3454 1450 3539 άνατροπῆς

287 3569 413 3646 ματαίας
435 3565 509 3645 έχον.
554 3564 728 3647 Λεγέτωσαν
753 3563 785 3626 δέ
801 3561 889 3625 πάλιν
905 3559 990 3643 ἡμῖν,
1020 3567 1075 3626 τίνι
1091 3567 1131 3650 τῷ
1150 3559 1241 3648 λόγῳ,
1271 3559 1319 3625 ὅτε
1335 3559 1451 3641 η’θέλη·

287 3688 337 3730 σεν
362 3663 380 3731 ά
401 3666 475 3741 θεάς
492 3667 612 3748 ἐποίησε
633 3672 692 3729 τῶν
716 3668 790 3729 υίῦν
804 3663 918 3748 Ἰσραήλ
935 3667 966 3730 ἐν
977 3663 1195 3748 τεσσαράκοντα
1209 3665 1285 3728 έτεσι
1302 3659 1375 3744 μήτε
1392 3659 1453 3738 τάς

288 3773 386 3853 τρίχας
407 3775 574 3849 2κομιῐσαι,
605 3766 677 3850 μήτε
694 3763 924 3849 τάῦποῦῆματα
945 3774 1170 3849 παλαιωθῆναι,
1201 3763 1272 3847 μήτε
1287 3761 1324 3828 τά
1343 3763 1453 3845 ίμάτια

286 3875 499 3954 κατατριβῆναι
513 3868 535 3952 ἢ
549 3874 749 3954 ρυπανθῦναι.
793 3868 851 3952 Μή
871 3868 952 3954 8άρα
964 3871 1014 3934 καί
1031 3862 1113 3934 οῦτοι
1131 3866 1182 3932 ἄπ’
1198 3868 1329 3951 οὐρανοῦ
1346 3865 1454 3947 ίληλῦ-

287 3984 411 4051 θεισανς
441 3971 482 4055 μή
506 3975 573 4037 θεολ
598 3977 630 4039 οί
652 3981 781 4039 τοιοῦτοι
800 3971 947 4058 άπῆρχονς
992 3975 1053 4035 Καί
1071 3975 1117 4034 τοί
1136 3995 1169 4054 γε
1190 3970 1246 4036 οῦκ
1265 3971 1296 4033 ἒν
1313 3970 1455 4046 έπαίνοις

289 4072 480 4161 ὑπάρχοντες,
492 4074 553 4142 ἄλλ’
566 4079 597 4142 έν
610 4084 730 4152 πολλοῖς
741 4074 812 4141 θεάν
822 4072 1096 4160 παραζηλάσαντεςς
1119 4071 1177 4155 Μὴ
1189 4071 1245 4137 οῦκ
1258 4064 1335 4153 ἦσαν
1346 4069 1453 4154 ὅμοια·

324 4249 453 4300 (λιπΧν.
476 4278 503 4289 -
548 4250 567 4301 f.
594 4245 786 4303 ουάλεντιιιοὶνον
799 4251 850 4300 τοῦ.
884 4244 942 4312 περὶ
955 4252 1006 4299 κτλ.
1043 4250 1171 4298 comorius
1182 4250 1250 4297 απελτ
1270 4244 1356 4294 dicunt
1372 4243 1454 4305 enim.

287 4319 386 4381 Ιλίιιιίίη.
885 4333 941 4365 cum
967 4316 1057 4366 Christi
1081 4315 1163 4366 omnia
1194 4314 1306 4381 perfecte
1338 4313 1456 4365 confessi

322 4392 345 4436 ’2.
364 4389 533 4447 θοειῦηιιιῦιιοι
549 4393 606 4449 χιυλο
623 4384 691 4452 παρὰ
713 4385 770 4439 τῶν.
807 4387 852 4438 Pe·
888 4383 1022 4445 fuerimus,
1052 4395 1078 4434 et
1098 4383 1231 4434 dixerimus
1274 4380 1323 4431 uod
1349 4381 1455 4434 curiose

288 4459 367 4505 λουιιιι
380 4459 513 4516 suspicatus
528 4462 560 4505 ιιι
576 4448 634 4507 ὅταν
650 4449 851 4519 πτρὶΧρ.άμολ.
886 4451 1006 4518 ecn'ptum
1030 4464 1068 4502 est
1086 4452 1118 4503 de
1138 4452 1229 4501 talibus
1249 4400 1280 4499 af)
1305 4448 1455 4502 huiusmodi

288 4522 408 4583 τελείως,
426 4519 459 4574 τὰ
475 4516 556 4575 πάντα
572 4522 707 4591 περίεργα,
726 4519 762 4582 ῦς
778 4521 846 4590 γίγρ.
882 4521 1107 4591 perscrutantibus,
1136 4531 1161 4571 et
1184 4518 1244 4570 nihil
1269 4517 1453 4572 efficientibus.
