<?xml version="1.0" encoding="UTF-8"?>
<!DOCTYPE html PUBLIC "-//W3C//DTD XHTML 1.0 Transitional//EN"
    "http://www.w3.org/TR/xhtml1/DTD/xhtml1-transitional.dtd">
<html xmlns="http://www.w3.org/1999/xhtml" xml:lang="en" lang="en">
 <head>
  <title>
</title>
<meta http-equiv="Content-Type" content="text/html;charset=utf-8" />
  <meta name='ocr-system' content='tesseract 3.04.00' />
  <meta name='ocr-capabilities' content='ocr_page ocr_carea ocr_par ocr_line ocrx_word'/>
</head>
<body>
  <div class='ocr_page' id='page_1' title='image "./corporishaerese00unkngoog/corporishaerese00unkngoog_0205.png"; bbox 0 0 3096 5070; ppageno 0'>
   <div class='ocr_carea' id='block_1_1' title="bbox 267 278 1010 344">
    <p class='ocr_par' dir='ltr' id='par_1_1' title="bbox 267 278 1010 344">
     <span class='ocr_line' id='line_1_1' title="bbox 267 278 1010 344; baseline -0.001 -2"><span class='ocrx_word' id='word_1_1' title='bbox 267 278 328 343; x_wconf 81' lang='lat'><strong><em>198</em></strong></span> <span class='ocrx_word' id='word_1_2' title='bbox 691 282 1010 344; x_wconf 64' lang='lat' dir='ltr'>mmmmm</span> 
     </span>
    </p>
   </div>
   <div class='ocr_carea' id='block_1_2' title="bbox 146 401 1436 3561">
    <p class='ocr_par' dir='ltr' id='par_1_2' title="bbox 146 401 1436 3561">
     <span class='ocr_line' id='line_1_2' title="bbox 265 401 1434 493; baseline 0 -19"><span class='ocrx_word' id='word_1_3' title='bbox 265 416 377 484; x_wconf 75' lang='grc' dir='ltr'><strong><em>στειλας</em></strong></span> <span class='ocrx_word' id='word_1_4' title='bbox 399 409 519 489; x_wconf 80' lang='grc' dir='ltr'><strong><em>Ἰησοῦν</em></strong></span> <span class='ocrx_word' id='word_1_5' title='bbox 544 405 683 493; x_wconf 86' lang='grc' dir='ltr'><strong><em>Χριστόν.</em></strong></span> <span class='ocrx_word' id='word_1_6' title='bbox 727 401 914 491; x_wconf 84' lang='grc' dir='ltr'><strong><em>’Λκηιιόαμεν</em></strong></span> <span class='ocrx_word' id='word_1_7' title='bbox 937 406 993 493; x_wconf 85' lang='grc' dir='ltr'><strong><em>γάρ</em></strong></span> <span class='ocrx_word' id='word_1_8' title='bbox 1016 411 1067 472; x_wconf 93' lang='grc' dir='ltr'><strong><em>καί</em></strong></span> <span class='ocrx_word' id='word_1_9' title='bbox 1090 432 1178 472; x_wconf 82' lang='grc' dir='ltr'><strong><em>τινοιν</em></strong></span> <span class='ocrx_word' id='word_1_10' title='bbox 1200 404 1360 492; x_wconf 84' lang='grc' dir='ltr'><strong><em>λεγόντων,</em></strong></span> <span class='ocrx_word' id='word_1_11' title='bbox 1391 406 1434 486; x_wconf 74' lang='grc' dir='ltr'><strong><em>τίς</em></strong></span> 
     </span>
     <span class='ocr_line' id='line_1_3' title="bbox 264 507 1432 595; baseline 0.002 -20"><span class='ocrx_word' id='word_1_12' title='bbox 264 507 333 595; x_wconf 81' lang='grc' dir='ltr'><strong><em>παρ’</em></strong></span> <span class='ocrx_word' id='word_1_13' title='bbox 351 508 443 576; x_wconf 85' lang='grc' dir='ltr'><strong><em>αῦτοῦ</em></strong></span> <span class='ocrx_word' id='word_1_14' title='bbox 458 512 590 595; x_wconf 76' lang='grc' dir='ltr'><strong><em>ίναργοῖς</em></strong></span> <span class='ocrx_word' id='word_1_15' title='bbox 603 508 785 593; x_wconf 85' lang='grc' dir='ltr'><strong><em>άκηκόασιν,</em></strong></span> <span class='ocrx_word' id='word_1_16' title='bbox 808 510 852 587; x_wconf 78' lang='grc' dir='ltr'><strong><em>δός</em></strong></span> <span class='ocrx_word' id='word_1_17' title='bbox 865 534 942 586; x_wconf 82' lang='grc' dir='ltr'><strong><em>τινες</em></strong></span> <span class='ocrx_word' id='word_1_18' title='bbox 957 517 1176 595; x_wconf 77' lang='grc' dir='ltr'><em>κατηγοροῦντο</em></span> <span class='ocrx_word' id='word_1_19' title='bbox 1195 512 1245 575; x_wconf 82' lang='grc' dir='ltr'><strong><em>ίπλ</em></strong></span> <span class='ocrx_word' id='word_1_20' title='bbox 1261 509 1432 594; x_wconf 82' lang='grc' dir='ltr'><strong><em>άτοπήματι</em></strong></span> 
     </span>
     <span class='ocr_line' id='line_1_4' title="bbox 264 608 1433 699; baseline 0.003 -23"><span class='ocrx_word' id='word_1_21' title='bbox 264 611 405 699; x_wconf 80' lang='grc' dir='ltr'><strong><em>γυναικός</em></strong></span> <span class='ocrx_word' id='word_1_22' title='bbox 430 608 574 688; x_wconf 71' lang='grc' dir='ltr'><strong><em>οοίλόιιτες</em></strong></span> <span class='ocrx_word' id='word_1_23' title='bbox 598 615 648 677; x_wconf 88' lang='grc' dir='ltr'><strong><em>καί</em></strong></span> <span class='ocrx_word' id='word_1_24' title='bbox 674 611 922 697; x_wconf 86' lang='grc' dir='ltr'><strong><em>κατεγινάσκοντο</em></strong></span> <span class='ocrx_word' id='word_1_25' title='bbox 947 610 998 677; x_wconf 71' lang='grc' dir='ltr'><strong><em>ὁπ’</em></strong></span> <span class='ocrx_word' id='word_1_26' title='bbox 1022 611 1131 677; x_wconf 76' lang='grc' dir='ltr'><strong><em>αὐτῶν.</em></strong></span> <span class='ocrx_word' id='word_1_27' title='bbox 1168 609 1202 677; x_wconf 86' lang='lat'><strong><em>‘0</em></strong></span> <span class='ocrx_word' id='word_1_28' title='bbox 1224 614 1257 678; x_wconf 75' lang='grc' dir='ltr'><strong><em>δὲ</em></strong></span> <span class='ocrx_word' id='word_1_29' title='bbox 1275 611 1346 679; x_wconf 81' lang='grc' dir='ltr'><strong><em>οῦδί</em></strong></span> <span class='ocrx_word' id='word_1_30' title='bbox 1363 617 1433 697; x_wconf 73' lang='grc' dir='ltr'><strong><em>περὶ</em></strong></span> 
     </span>
     <span class='ocr_line' id='line_1_5' title="bbox 264 712 1432 798; baseline 0 -18"><span class='ocrx_word' id='word_1_31' title='bbox 264 712 378 780; x_wconf 75' lang='grc' dir='ltr'><strong><em>τοῦτον</em></strong></span> <span class='ocrx_word' id='word_1_32' title='bbox 395 721 527 797; x_wconf 74' lang='grc' dir='ltr'><strong><em>χαλεποῖς</em></strong></span> <span class='ocrx_word' id='word_1_33' title='bbox 544 717 665 798; x_wconf 86' lang='grc' dir='ltr'><strong><em>ίφερεν,</em></strong></span> <span class='ocrx_word' id='word_1_34' title='bbox 697 713 769 779; x_wconf 85' lang='grc' dir='ltr'><strong><em>άλλά</em></strong></span> <span class='ocrx_word' id='word_1_35' title='bbox 784 717 836 780; x_wconf 86' lang='grc' dir='ltr'><strong><em>καλ</em></strong></span> <span class='ocrx_word' id='word_1_36' title='bbox 852 712 948 797; x_wconf 88' lang='grc' dir='ltr'><strong><em>μάτην</em></strong></span> <span class='ocrx_word' id='word_1_37' title='bbox 963 715 1109 798; x_wconf 74' lang='grc' dir='ltr'><strong><em>ίγλεόαζε,</em></strong></span> <span class='ocrx_word' id='word_1_38' title='bbox 1141 715 1266 795; x_wconf 88' lang='grc' dir='ltr'><strong><em>φάσκων</em></strong></span> <span class='ocrx_word' id='word_1_39' title='bbox 1283 717 1376 798; x_wconf 82' lang='grc' dir='ltr'><strong><em>μηδλν</em></strong></span> <span class='ocrx_word' id='word_1_40' title='bbox 1392 713 1432 793; x_wconf 78' lang='grc' dir='ltr'><strong><em>τί·</em></strong></span> 
     </span>
     <span class='ocr_line' id='line_1_6' title="bbox 264 814 1433 902; baseline -0.001 -19"><span class='ocrx_word' id='word_1_41' title='bbox 264 841 313 883; x_wconf 86' lang='grc' dir='ltr'><strong><em>ναι</em></strong></span> <span class='ocrx_word' id='word_1_42' title='bbox 327 814 362 884; x_wconf 90' lang='grc' dir='ltr'><strong><em>τδ</em></strong></span> <span class='ocrx_word' id='word_1_43' title='bbox 376 823 521 883; x_wconf 87' lang='grc' dir='ltr'><strong><em>τοιοῦτον.</em></strong></span> <span class='ocrx_word' id='word_1_44' title='bbox 565 816 728 899; x_wconf 86' lang='grc' dir='ltr'><strong><em>Σωματική</em></strong></span> <span class='ocrx_word' id='word_1_45' title='bbox 745 816 801 902; x_wconf 89' lang='grc' dir='ltr'><strong><em>γάρ</em></strong></span> <span class='ocrx_word' id='word_1_46' title='bbox 820 819 897 882; x_wconf 74' lang='grc' dir='ltr'><strong><em>ἐστιν</em></strong></span> <span class='ocrx_word' id='word_1_47' title='bbox 912 814 932 898; x_wconf 85' lang='grc' dir='ltr'><strong><em>ή</em></strong></span> <span class='ocrx_word' id='word_1_48' title='bbox 947 823 1029 901; x_wconf 81' lang='grc' dir='ltr'><strong><em>χρεία</em></strong></span> <span class='ocrx_word' id='word_1_49' title='bbox 1043 820 1093 882; x_wconf 87' lang='grc' dir='ltr'><strong><em>καλ</em></strong></span> <span class='ocrx_word' id='word_1_50' title='bbox 1111 814 1131 898; x_wconf 86' lang='grc' dir='ltr'><strong><em>ή</em></strong></span> <span class='ocrx_word' id='word_1_51' title='bbox 1148 815 1311 900; x_wconf 82' lang='grc' dir='ltr'><strong><em>όπηρεσία,</em></strong></span> <span class='ocrx_word' id='word_1_52' title='bbox 1335 815 1433 902; x_wconf 75' lang='grc' dir='ltr'><strong><em>άίςπερ</em></strong></span> 
     </span>
     <span class='ocr_line' id='line_1_7' title="bbox 263 912 1432 1006; baseline 0.002 -23"><span class='ocrx_word' id='word_1_53' title='bbox 263 917 335 1006; x_wconf 84' lang='grc' dir='ltr'><strong><em>γάρ,</em></strong></span> <span class='ocrx_word' id='word_1_54' title='bbox 366 920 457 1000; x_wconf 88' lang='grc' dir='ltr'><strong><em>φησί,</em></strong></span> <span class='ocrx_word' id='word_1_55' title='bbox 488 921 557 1000; x_wconf 86' lang='grc' dir='ltr'><strong><em>περί</em></strong></span> <span class='ocrx_word' id='word_1_56' title='bbox 577 919 610 984; x_wconf 86' lang='grc' dir='ltr'><strong><em>τό</em></strong></span> <span class='ocrx_word' id='word_1_57' title='bbox 627 912 681 995; x_wconf 79' lang='grc' dir='ltr'><strong><em>οῦς</em></strong></span> <span class='ocrx_word' id='word_1_58' title='bbox 703 919 884 1001; x_wconf 87' lang='grc' dir='ltr'><strong><em>κνηθόμεθα</em></strong></span> <span class='ocrx_word' id='word_1_59' title='bbox 908 923 971 1000; x_wconf 89' lang='grc' dir='ltr'><strong><em>(καλ</em></strong></span> <span class='ocrx_word' id='word_1_60' title='bbox 992 917 1083 995; x_wconf 81' lang='grc' dir='ltr'><strong><em>αότός</em></strong></span> <span class='ocrx_word' id='word_1_61' title='bbox 1105 920 1159 1000; x_wconf 80' lang='grc' dir='ltr'><strong><em>μὲν</em></strong></span> <span class='ocrx_word' id='word_1_62' title='bbox 1182 922 1323 1001; x_wconf 78' lang='grc' dir='ltr'><strong><em>αἰδοῦμαι</em></strong></span> <span class='ocrx_word' id='word_1_63' title='bbox 1339 921 1432 1005; x_wconf 73' lang='grc' dir='ltr'><strong><em>λέγειν</em></strong></span> 
     </span>
     <span class='ocr_line' id='line_1_8' title="bbox 264 1018 1432 1108; baseline 0 -20"><span class='ocrx_word' id='word_1_64' title='bbox 264 1019 377 1106; x_wconf 75' lang='grc' dir='ltr'><strong><em>ὅσαπερ</em></strong></span> <span class='ocrx_word' id='word_1_65' title='bbox 399 1023 511 1096; x_wconf 69' lang='grc' dir='ltr'><strong><em>ἐκεῖνος</em></strong></span> <span class='ocrx_word' id='word_1_66' title='bbox 528 1018 699 1103; x_wconf 81' lang='grc' dir='ltr'><strong><em>άκάθαρτος</em></strong></span> <span class='ocrx_word' id='word_1_67' title='bbox 715 1020 905 1107; x_wconf 84' lang='grc' dir='ltr'><strong><em>διηγήσατο),</em></strong></span> <span class='ocrx_word' id='word_1_68' title='bbox 927 1021 1067 1108; x_wconf 74' lang='grc' dir='ltr'><strong><em>λαβόντες</em></strong></span> <span class='ocrx_word' id='word_1_69' title='bbox 1087 1022 1177 1099; x_wconf 72' lang='grc' dir='ltr'><strong><em>Ιθδὲ,</em></strong></span> <span class='ocrx_word' id='word_1_70' title='bbox 1200 1023 1290 1104; x_wconf 84' lang='grc' dir='ltr'><strong><em>φησί,</em></strong></span> <span class='ocrx_word' id='word_1_71' title='bbox 1314 1021 1432 1107; x_wconf 84' lang='grc' dir='ltr'><strong><em>πτερόν,</em></strong></span> 
     </span>
     <span class='ocr_line' id='line_1_9' title="bbox 264 1115 1434 1209; baseline -0.001 -20"><span class='ocrx_word' id='word_1_72' title='bbox 264 1121 286 1206; x_wconf 76' lang='grc' dir='ltr'><em>ἢ</em></span> <span class='ocrx_word' id='word_1_73' title='bbox 300 1121 424 1208; x_wconf 79' lang='grc' dir='ltr'><strong><em>κάρφος,</em></strong></span> <span class='ocrx_word' id='word_1_74' title='bbox 447 1121 480 1189; x_wconf 84' lang='grc' dir='ltr'><strong><em>τό</em></strong></span> <span class='ocrx_word' id='word_1_75' title='bbox 493 1115 548 1198; x_wconf 81' lang='grc' dir='ltr'><strong><em>οῦς</em></strong></span> <span class='ocrx_word' id='word_1_76' title='bbox 560 1126 750 1205; x_wconf 86' lang='grc' dir='ltr'><strong><em>κνηθόμεθα,</em></strong></span> <span class='ocrx_word' id='word_1_77' title='bbox 771 1126 822 1188; x_wconf 87' lang='grc' dir='ltr'><strong><em>καί</em></strong></span> <span class='ocrx_word' id='word_1_78' title='bbox 838 1123 917 1189; x_wconf 73' lang='grc' dir='ltr'><strong><em>οὕτω</em></strong></span> <span class='ocrx_word' id='word_1_79' title='bbox 931 1123 1094 1205; x_wconf 78' lang='grc' dir='ltr'><strong><em>παυόμεθα</em></strong></span> <span class='ocrx_word' id='word_1_80' title='bbox 1112 1131 1164 1205; x_wconf 78' lang='grc' dir='ltr'><strong><em>τῆς</em></strong></span> <span class='ocrx_word' id='word_1_81' title='bbox 1182 1125 1247 1209; x_wconf 85' lang='grc' dir='ltr'><strong><em>περί</em></strong></span> <span class='ocrx_word' id='word_1_82' title='bbox 1260 1121 1315 1206; x_wconf 89' lang='grc' dir='ltr'><strong><em>τήν</em></strong></span> <span class='ocrx_word' id='word_1_83' title='bbox 1330 1121 1434 1206; x_wconf 87' lang='grc' dir='ltr'><strong><em>άκοήν</em></strong></span> 
     </span>
     <span class='ocr_line' id='line_1_10' title="bbox 264 1224 1434 1309; baseline 0.001 -18"><span class='ocrx_word' id='word_1_84' title='bbox 264 1233 448 1308; x_wconf 80' lang='grc' dir='ltr'><strong><em>κνησμονῆς,</em></strong></span> <span class='ocrx_word' id='word_1_85' title='bbox 472 1224 551 1290; x_wconf 77' lang='grc' dir='ltr'><strong><em>οὕτω</em></strong></span> <span class='ocrx_word' id='word_1_86' title='bbox 568 1228 620 1290; x_wconf 83' lang='grc' dir='ltr'><strong><em>καλ</em></strong></span> <span class='ocrx_word' id='word_1_87' title='bbox 634 1234 741 1303; x_wconf 89' lang='grc' dir='ltr'><strong><em>τοῦτο,</em></strong></span> <span class='ocrx_word' id='word_1_88' title='bbox 763 1229 855 1309; x_wconf 86' lang='grc' dir='ltr'><strong><em>φησί,</em></strong></span> <span class='ocrx_word' id='word_1_89' title='bbox 878 1230 1033 1309; x_wconf 85' lang='grc' dir='ltr'><strong><em>συμβαίνει</em></strong></span> <span class='ocrx_word' id='word_1_90' title='bbox 1050 1224 1125 1290; x_wconf 86' lang='grc' dir='ltr'><strong><em>κατά</em></strong></span> <span class='ocrx_word' id='word_1_91' title='bbox 1140 1225 1247 1306; x_wconf 86' lang='grc' dir='ltr'><strong><em>φῦσιν,</em></strong></span> <span class='ocrx_word' id='word_1_92' title='bbox 1277 1229 1330 1290; x_wconf 83' lang='grc' dir='ltr'><strong><em>καί</em></strong></span> <span class='ocrx_word' id='word_1_93' title='bbox 1349 1230 1434 1303; x_wconf 72' lang='grc' dir='ltr'><strong><em>είτιε</em></strong></span> 
     </span>
     <span class='ocr_line' id='line_1_11' title="bbox 266 1324 739 1413; baseline -0.006 -19"><span class='ocrx_word' id='word_1_94' title='bbox 266 1329 469 1405; x_wconf 80' lang='grc' dir='ltr'><strong><em>ίπιτελίσειεν,</em></strong></span> <span class='ocrx_word' id='word_1_95' title='bbox 493 1327 547 1410; x_wconf 83' lang='grc' dir='ltr'><strong><em>οῦχ</em></strong></span> <span class='ocrx_word' id='word_1_96' title='bbox 570 1324 739 1413; x_wconf 88' lang='grc' dir='ltr'><strong><em>άμαρτάνει.</em></strong></span> 
     </span>
     <span class='ocr_line' id='line_1_12' title="bbox 274 1427 1434 1516; baseline 0.005 -26"><span class='ocrx_word' id='word_1_97' title='bbox 274 1484 278 1490; x_wconf 88' lang='grc'>.</span> <span class='ocrx_word' id='word_1_98' title='bbox 356 1432 417 1494; x_wconf 83' lang='grc' dir='ltr'><strong><em>Καί</em></strong></span> <span class='ocrx_word' id='word_1_99' title='bbox 436 1428 493 1494; x_wconf 75' lang='grc' dir='ltr'><strong><em>ὅσα</em></strong></span> <span class='ocrx_word' id='word_1_100' title='bbox 506 1438 629 1496; x_wconf 88' lang='grc' dir='ltr'><strong><em>τοιαῦτα</em></strong></span> <span class='ocrx_word' id='word_1_101' title='bbox 647 1428 665 1496; x_wconf 87' lang='lat' dir='ltr'><strong><em>o‘</em></strong></span> <span class='ocrx_word' id='word_1_102' title='bbox 682 1427 757 1514; x_wconf 87' lang='grc' dir='ltr'><strong><em>άνήρ</em></strong></span> <span class='ocrx_word' id='word_1_103' title='bbox 773 1428 983 1516; x_wconf 78' lang='grc' dir='ltr'><strong><em>διηγούμενος,</em></strong></span> <span class='ocrx_word' id='word_1_104' title='bbox 1013 1427 1133 1515; x_wconf 75' lang='grc' dir='ltr'><strong><em>ῦδαροῑς</em></strong></span> <span class='ocrx_word' id='word_1_105' title='bbox 1154 1429 1190 1494; x_wconf 89' lang='grc' dir='ltr'><strong><em>τά</em></strong></span> <span class='ocrx_word' id='word_1_106' title='bbox 1205 1427 1302 1495; x_wconf 87' lang='grc' dir='ltr'><strong><em>πάντα</em></strong></span> <span class='ocrx_word' id='word_1_107' title='bbox 1315 1433 1367 1495; x_wconf 84' lang='grc' dir='ltr'><strong><em>καί</em></strong></span> <span class='ocrx_word' id='word_1_108' title='bbox 1380 1457 1434 1496; x_wconf 85' lang='grc' dir='ltr'><strong><em>κα·</em></strong></span> 
     </span>
     <span class='ocr_line' id='line_1_13' title="bbox 265 1523 1433 1622; baseline 0.001 -23"><span class='ocrx_word' id='word_1_109' title='bbox 265 1538 343 1609; x_wconf 80' lang='grc' dir='ltr'><strong><em>κοδς,</em></strong></span> <span class='ocrx_word' id='word_1_110' title='bbox 375 1535 529 1598; x_wconf 65' lang='grc' dir='ltr'><strong><em>ἐδίδασκεν</em></strong></span> <span class='ocrx_word' id='word_1_111' title='bbox 536 1584 544 1612; x_wconf 92' lang='grc'><strong><em>,</em></strong></span> <span class='ocrx_word' id='word_1_112' title='bbox 577 1537 628 1598; x_wconf 77' lang='grc' dir='ltr'><strong><em>ἵνα</em></strong></span> <span class='ocrx_word' id='word_1_113' title='bbox 646 1535 676 1611; x_wconf 78' lang='grc' dir='ltr'><strong><em>ἒξ</em></strong></span> <span class='ocrx_word' id='word_1_114' title='bbox 692 1533 792 1598; x_wconf 78' lang='grc' dir='ltr'><strong><em>αῦτοῦν</em></strong></span> <span class='ocrx_word' id='word_1_115' title='bbox 815 1540 874 1598; x_wconf 71' lang='grc' dir='ltr'><strong><em>τοῖν</em></strong></span> <span class='ocrx_word' id='word_1_116' title='bbox 896 1535 990 1618; x_wconf 81' lang='grc' dir='ltr'><strong><em>ίργων</em></strong></span> <span class='ocrx_word' id='word_1_117' title='bbox 1012 1533 1102 1622; x_wconf 75' lang='grc' dir='ltr'><strong><em>ὀφθῇ</em></strong></span> <span class='ocrx_word' id='word_1_118' title='bbox 1123 1537 1150 1598; x_wconf 94' lang='grc' dir='ltr'><strong><em>τί</em></strong></span> <span class='ocrx_word' id='word_1_119' title='bbox 1166 1533 1220 1614; x_wconf 76' lang='grc' dir='ltr'><strong><em>μὲν</em></strong></span> <span class='ocrx_word' id='word_1_120' title='bbox 1236 1523 1326 1610; x_wconf 73' lang='grc' dir='ltr'><strong><em>οὗτός</em></strong></span> <span class='ocrx_word' id='word_1_121' title='bbox 1343 1535 1433 1614; x_wconf 68' lang='grc' dir='ltr'><strong><em>ἔστιν,</em></strong></span> 
     </span>
     <span class='ocr_line' id='line_1_14' title="bbox 156 1632 1427 1722; baseline 0.001 -22"><span class='ocrx_word' id='word_1_122' title='bbox 156 1660 158 1667; x_wconf 94' lang='grc'><em>·</em></span> <span class='ocrx_word' id='word_1_123' title='bbox 264 1638 297 1700; x_wconf 85' lang='grc' dir='ltr'><strong><em>σί</em></strong></span> <span class='ocrx_word' id='word_1_124' title='bbox 310 1635 343 1699; x_wconf 79' lang='grc' dir='ltr'><strong><em>δί</em></strong></span> <span class='ocrx_word' id='word_1_125' title='bbox 358 1641 413 1700; x_wconf 87' lang='grc' dir='ltr'><strong><em>τοῦ</em></strong></span> <span class='ocrx_word' id='word_1_126' title='bbox 428 1638 535 1718; x_wconf 83' lang='grc' dir='ltr'><strong><em>κυρίου</em></strong></span> <span class='ocrx_word' id='word_1_127' title='bbox 549 1634 635 1722; x_wconf 88' lang='grc' dir='ltr'><strong><em>λόγοι</em></strong></span> <span class='ocrx_word' id='word_1_128' title='bbox 657 1643 761 1717; x_wconf 79' lang='grc' dir='ltr'><strong><em>σαφῶς</em></strong></span> <span class='ocrx_word' id='word_1_129' title='bbox 785 1632 858 1717; x_wconf 88' lang='grc' dir='ltr'><strong><em>ήμῖν</em></strong></span> <span class='ocrx_word' id='word_1_130' title='bbox 872 1634 1113 1720; x_wconf 89' lang='grc' dir='ltr'><strong><em>καταυγάσωσιν,</em></strong></span> <span class='ocrx_word' id='word_1_131' title='bbox 1145 1632 1186 1710; x_wconf 77' lang='grc' dir='ltr'><strong><em>τός</em></strong></span> <span class='ocrx_word' id='word_1_132' title='bbox 1206 1637 1299 1720; x_wconf 76' lang='grc' dir='ltr'><strong><em>ἔλεγε,</em></strong></span> <span class='ocrx_word' id='word_1_133' title='bbox 1331 1641 1427 1721; x_wconf 76' lang='grc' dir='ltr'><strong><em>Προς·</em></strong></span> 
     </span>
     <span class='ocr_line' id='line_1_15' title="bbox 264 1736 1432 1824; baseline 0.001 -22"><span class='ocrx_word' id='word_1_134' title='bbox 264 1737 341 1819; x_wconf 75' lang='grc' dir='ltr'><strong><em>ίχεττ</em></strong></span> <span class='ocrx_word' id='word_1_135' title='bbox 357 1736 419 1801; x_wconf 82' lang='grc' dir='ltr'><strong><em>άπδ</em></strong></span> <span class='ocrx_word' id='word_1_136' title='bbox 435 1743 495 1801; x_wconf 75' lang='grc' dir='ltr'><strong><em>τῶν</em></strong></span> <span class='ocrx_word' id='word_1_137' title='bbox 510 1742 789 1824; x_wconf 72' lang='grc' dir='ltr'><strong><em>ψευδοπροφητῶν,</em></strong></span> <span class='ocrx_word' id='word_1_138' title='bbox 819 1742 925 1814; x_wconf 75' lang='grc' dir='ltr'><strong><em>οἵτινες</em></strong></span> <span class='ocrx_word' id='word_1_139' title='bbox 946 1741 1077 1821; x_wconf 74' lang='grc' dir='ltr'><strong><em>ἔρχονται</em></strong></span> <span class='ocrx_word' id='word_1_140' title='bbox 1103 1737 1179 1823; x_wconf 86' lang='grc' dir='ltr'><strong><em>πρός</em></strong></span> <span class='ocrx_word' id='word_1_141' title='bbox 1202 1736 1280 1820; x_wconf 72' lang='grc' dir='ltr'><strong><em>ὑμᾶς</em></strong></span> <span class='ocrx_word' id='word_1_142' title='bbox 1295 1740 1326 1803; x_wconf 82' lang='grc' dir='ltr'><strong><em>ίν</em></strong></span> <span class='ocrx_word' id='word_1_143' title='bbox 1345 1738 1432 1804; x_wconf 84' lang='grc' dir='ltr'><strong><em>ίνδῦ·</em></strong></span> 
     </span>
     <span class='ocr_line' id='line_1_16' title="bbox 266 1838 1434 1926; baseline 0.003 -23"><span class='ocrx_word' id='word_1_144' title='bbox 266 1858 337 1922; x_wconf 82' lang='grc' dir='ltr'><strong><em>μασι</em></strong></span> <span class='ocrx_word' id='word_1_145' title='bbox 352 1839 529 1924; x_wconf 84' lang='grc' dir='ltr'><strong><em>προβάτων,</em></strong></span> <span class='ocrx_word' id='word_1_146' title='bbox 559 1842 674 1906; x_wconf 76' lang='grc' dir='ltr'><strong><em>ἔσωθεν</em></strong></span> <span class='ocrx_word' id='word_1_147' title='bbox 690 1843 724 1906; x_wconf 83' lang='grc' dir='ltr'><strong><em>δί</em></strong></span> <span class='ocrx_word' id='word_1_148' title='bbox 739 1843 795 1906; x_wconf 85' lang='grc' dir='ltr'><strong><em>τίσι</em></strong></span> <span class='ocrx_word' id='word_1_149' title='bbox 808 1842 894 1906; x_wconf 80' lang='grc' dir='ltr'><strong><em>λάκοι</em></strong></span> <span class='ocrx_word' id='word_1_150' title='bbox 909 1839 1054 1926; x_wconf 81' lang='grc' dir='ltr'><strong><em>άρπαγες·</em></strong></span> <span class='ocrx_word' id='word_1_151' title='bbox 1086 1839 1147 1906; x_wconf 86' lang='grc' dir='ltr'><strong><em>άπδ</em></strong></span> <span class='ocrx_word' id='word_1_152' title='bbox 1164 1848 1224 1909; x_wconf 85' lang='grc' dir='ltr'><strong><em>τῦν</em></strong></span> <span class='ocrx_word' id='word_1_153' title='bbox 1238 1847 1363 1925; x_wconf 83' lang='grc' dir='ltr'><strong><em>καρπῦν</em></strong></span> <span class='ocrx_word' id='word_1_154' title='bbox 1377 1838 1434 1906; x_wconf 74' lang='grc' dir='ltr'><strong><em>αὖ·</em></strong></span> 
     </span>
     <span class='ocr_line' id='line_1_17' title="bbox 265 1939 1433 2029; baseline 0.002 -22"><span class='ocrx_word' id='word_1_155' title='bbox 265 1948 324 2008; x_wconf 78' lang='grc' dir='ltr'><strong><em>τιδν</em></strong></span> <span class='ocrx_word' id='word_1_156' title='bbox 339 1939 540 2027; x_wconf 65' lang='grc' dir='ltr'><strong><em>ἐπιγνώσεσθε</em></strong></span> <span class='ocrx_word' id='word_1_157' title='bbox 557 1942 677 2021; x_wconf 76' lang='grc' dir='ltr'><strong><em>αὐτούς·</em></strong></span> <span class='ocrx_word' id='word_1_158' title='bbox 710 1943 752 2025; x_wconf 88' lang='grc' dir='ltr'><strong><em>μή</em></strong></span> <span class='ocrx_word' id='word_1_159' title='bbox 769 1971 799 2009; x_wconf 88' lang='grc' dir='ltr'><strong><em>τι</em></strong></span> <span class='ocrx_word' id='word_1_160' title='bbox 814 1945 1002 2029; x_wconf 72' lang='grc' dir='ltr'><strong><em>συλλέγουσιν</em></strong></span> <span class='ocrx_word' id='word_1_161' title='bbox 1020 1943 1081 2009; x_wconf 88' lang='grc' dir='ltr'><strong><em>άπδ</em></strong></span> <span class='ocrx_word' id='word_1_162' title='bbox 1105 1944 1251 2010; x_wconf 73' lang='grc' dir='ltr'><strong><em>άτανθοῑν</em></strong></span> <span class='ocrx_word' id='word_1_163' title='bbox 1266 1942 1433 2023; x_wconf 71' lang='grc' dir='ltr'><strong><em>σταφυλάςς</em></strong></span> 
     </span>
     <span class='ocr_line' id='line_1_18' title="bbox 266 2041 1434 2130; baseline 0.001 -20"><span class='ocrx_word' id='word_1_164' title='bbox 266 2042 289 2128; x_wconf 77' lang='grc' dir='ltr'><em>ἢ</em></span> <span class='ocrx_word' id='word_1_165' title='bbox 305 2043 368 2111; x_wconf 82' lang='grc' dir='ltr'><strong><em>άπδ</em></strong></span> <span class='ocrx_word' id='word_1_166' title='bbox 383 2042 528 2130; x_wconf 74' lang='grc' dir='ltr'><strong><em>τριβόλων</em></strong></span> <span class='ocrx_word' id='word_1_167' title='bbox 544 2053 637 2124; x_wconf 77' lang='grc' dir='ltr'><strong><em>σῦκα;</em></strong></span> <span class='ocrx_word' id='word_1_168' title='bbox 671 2045 758 2112; x_wconf 79' lang='grc' dir='ltr'><strong><em>Οῦτω</em></strong></span> <span class='ocrx_word' id='word_1_169' title='bbox 779 2048 830 2111; x_wconf 90' lang='grc' dir='ltr'><strong><em>καί</em></strong></span> <span class='ocrx_word' id='word_1_170' title='bbox 849 2043 992 2127; x_wconf 83' lang='grc' dir='ltr'><strong><em>ήτοάτου</em></strong></span> <span class='ocrx_word' id='word_1_171' title='bbox 1013 2045 1089 2111; x_wconf 87' lang='grc' dir='ltr'><strong><em>κατά</em></strong></span> <span class='ocrx_word' id='word_1_172' title='bbox 1105 2046 1202 2113; x_wconf 88' lang='grc' dir='ltr'><strong><em>πάντα</em></strong></span> <span class='ocrx_word' id='word_1_173' title='bbox 1220 2054 1274 2130; x_wconf 79' lang='grc' dir='ltr'><strong><em>τῆς</em></strong></span> <span class='ocrx_word' id='word_1_174' title='bbox 1291 2041 1434 2127; x_wconf 77' lang='grc' dir='ltr'><strong><em>άνοησίος</em></strong></span> 
     </span>
     <span class='ocr_line' id='line_1_19' title="bbox 265 2144 1431 2233; baseline 0.004 -22"><span class='ocrx_word' id='word_1_175' title='bbox 265 2145 358 2229; x_wconf 86' lang='grc' dir='ltr'><strong><em>τόλμα</em></strong></span> <span class='ocrx_word' id='word_1_176' title='bbox 380 2149 519 2213; x_wconf 78' lang='grc' dir='ltr'><strong><em>ίντεῦθεν</em></strong></span> <span class='ocrx_word' id='word_1_177' title='bbox 543 2150 595 2213; x_wconf 80' lang='grc' dir='ltr'><strong><em>καί</em></strong></span> <span class='ocrx_word' id='word_1_178' title='bbox 621 2152 739 2215; x_wconf 87' lang='grc' dir='ltr'><strong><em>ίκεῖθεν</em></strong></span> <span class='ocrx_word' id='word_1_179' title='bbox 761 2150 948 2233; x_wconf 74' lang='grc' dir='ltr'><strong><em>διελίγγεται,</em></strong></span> <span class='ocrx_word' id='word_1_180' title='bbox 980 2144 1020 2224; x_wconf 75' lang='grc' dir='ltr'><strong><em>τίς</em></strong></span> <span class='ocrx_word' id='word_1_181' title='bbox 1046 2150 1100 2230; x_wconf 77' lang='grc' dir='ltr'><strong><em>μὲν</em></strong></span> <span class='ocrx_word' id='word_1_182' title='bbox 1118 2147 1194 2214; x_wconf 83' lang='grc' dir='ltr'><strong><em>κατά</em></strong></span> <span class='ocrx_word' id='word_1_183' title='bbox 1214 2156 1267 2216; x_wconf 93' lang='grc' dir='ltr'><strong><em>τοῦ</em></strong></span> <span class='ocrx_word' id='word_1_184' title='bbox 1286 2150 1431 2218; x_wconf 81' lang='grc' dir='ltr'><strong><em>δεσπότου</em></strong></span> 
     </span>
     <span class='ocr_line' id='line_1_20' title="bbox 267 2247 1426 2338; baseline 0.004 -25"><span class='ocrx_word' id='word_1_185' title='bbox 267 2247 362 2314; x_wconf 82' lang='grc' dir='ltr'><strong><em>αῦτοῦ</em></strong></span> <span class='ocrx_word' id='word_1_186' title='bbox 389 2248 516 2315; x_wconf 83' lang='grc' dir='ltr'><strong><em>άνίτεινε</em></strong></span> <span class='ocrx_word' id='word_1_187' title='bbox 532 2248 565 2315; x_wconf 90' lang='grc' dir='ltr'><strong><em>τό</em></strong></span> <span class='ocrx_word' id='word_1_188' title='bbox 583 2249 677 2331; x_wconf 86' lang='grc' dir='ltr'><strong><em>στόμα</em></strong></span> <span class='ocrx_word' id='word_1_189' title='bbox 698 2247 949 2336; x_wconf 86' lang='grc' dir='ltr'><strong><em>άθυρογλωττιῦν,</em></strong></span> <span class='ocrx_word' id='word_1_190' title='bbox 979 2254 1021 2326; x_wconf 85' lang='grc' dir='ltr'><strong><em>είς</em></strong></span> <span class='ocrx_word' id='word_1_191' title='bbox 1041 2249 1095 2316; x_wconf 87' lang='grc' dir='ltr'><strong><em>τόν</em></strong></span> <span class='ocrx_word' id='word_1_192' title='bbox 1109 2253 1216 2318; x_wconf 79' lang='grc' dir='ltr'><strong><em>ἑαυτοῦ</em></strong></span> <span class='ocrx_word' id='word_1_193' title='bbox 1239 2252 1344 2338; x_wconf 87' lang='grc' dir='ltr'><strong><em>κόριον</em></strong></span> <span class='ocrx_word' id='word_1_194' title='bbox 1359 2255 1426 2336; x_wconf 83' lang='grc' dir='ltr'><strong><em>βία·</em></strong></span> 
     </span>
     <span class='ocr_line' id='line_1_21' title="bbox 266 2350 1427 2437; baseline 0.003 -22"><span class='ocrx_word' id='word_1_195' title='bbox 266 2360 393 2433; x_wconf 82' lang='grc' dir='ltr'><strong><em>σφημεῖν</em></strong></span> <span class='ocrx_word' id='word_1_196' title='bbox 417 2350 457 2434; x_wconf 80' lang='grc' dir='ltr'><strong><em>μή</em></strong></span> <span class='ocrx_word' id='word_1_197' title='bbox 478 2351 705 2434; x_wconf 74' lang='grc' dir='ltr'><strong><em>αἰσχυνόμενος,</em></strong></span> <span class='ocrx_word' id='word_1_198' title='bbox 736 2356 786 2417; x_wconf 78' lang='grc' dir='ltr'><strong><em>ἵνα</em></strong></span> <span class='ocrx_word' id='word_1_199' title='bbox 804 2356 856 2417; x_wconf 81' lang='grc' dir='ltr'><strong><em>καί</em></strong></span> <span class='ocrx_word' id='word_1_200' title='bbox 878 2355 911 2419; x_wconf 74' lang='grc' dir='ltr'><strong><em>ἐκ</em></strong></span> <span class='ocrx_word' id='word_1_201' title='bbox 927 2359 986 2418; x_wconf 85' lang='grc' dir='ltr'><strong><em>τοῦν</em></strong></span> <span class='ocrx_word' id='word_1_202' title='bbox 1002 2361 1128 2436; x_wconf 82' lang='grc' dir='ltr'><strong><em>καρπῶν</em></strong></span> <span class='ocrx_word' id='word_1_203' title='bbox 1146 2361 1200 2437; x_wconf 83' lang='grc' dir='ltr'><strong><em>τῆς</em></strong></span> <span class='ocrx_word' id='word_1_204' title='bbox 1215 2353 1310 2421; x_wconf 80' lang='grc' dir='ltr'><strong><em>αὐτοῦ</em></strong></span> <span class='ocrx_word' id='word_1_205' title='bbox 1323 2353 1427 2420; x_wconf 78' lang='grc' dir='ltr'><strong><em>ίκολο-</em></strong></span> 
     </span>
     <span class='ocr_line' id='line_1_22' title="bbox 266 2451 1430 2539; baseline 0.003 -20"><span class='ocrx_word' id='word_1_206' title='bbox 266 2457 332 2528; x_wconf 78' lang='grc' dir='ltr'><strong><em>σίας</em></strong></span> <span class='ocrx_word' id='word_1_207' title='bbox 343 2455 393 2518; x_wconf 83' lang='grc' dir='ltr'><strong><em>καί</em></strong></span> <span class='ocrx_word' id='word_1_208' title='bbox 415 2451 599 2539; x_wconf 83' lang='grc' dir='ltr'><strong><em>ῦδαρότητος</em></strong></span> <span class='ocrx_word' id='word_1_209' title='bbox 615 2458 647 2520; x_wconf 88' lang='grc' dir='ltr'><strong><em>οί</em></strong></span> <span class='ocrx_word' id='word_1_210' title='bbox 662 2456 776 2520; x_wconf 79' lang='grc' dir='ltr'><strong><em>συνετοί</em></strong></span> <span class='ocrx_word' id='word_1_211' title='bbox 793 2454 1007 2537; x_wconf 74' lang='grc' dir='ltr'><strong><em>δοκιμάσαντες</em></strong></span> <span class='ocrx_word' id='word_1_212' title='bbox 1027 2455 1069 2536; x_wconf 87' lang='grc' dir='ltr'><strong><em>μή</em></strong></span> <span class='ocrx_word' id='word_1_213' title='bbox 1091 2459 1261 2539; x_wconf 81' lang='grc' dir='ltr'><strong><em>δρίψωνται</em></strong></span> <span class='ocrx_word' id='word_1_214' title='bbox 1276 2463 1334 2523; x_wconf 78' lang='grc' dir='ltr'><strong><em>τάν</em></strong></span> <span class='ocrx_word' id='word_1_215' title='bbox 1353 2452 1430 2522; x_wconf 77' lang='grc' dir='ltr'><strong><em>1αό·</em></strong></span> 
     </span>
     <span class='ocr_line' id='line_1_23' title="bbox 266 2554 1433 2644; baseline 0.003 -23"><span class='ocrx_word' id='word_1_216' title='bbox 266 2563 321 2622; x_wconf 84' lang='grc' dir='ltr'><strong><em>τοῦ</em></strong></span> <span class='ocrx_word' id='word_1_217' title='bbox 335 2562 470 2641; x_wconf 75' lang='grc' dir='ltr'><strong><em>καρπόν.</em></strong></span> <span class='ocrx_word' id='word_1_218' title='bbox 517 2557 563 2623; x_wconf 83' lang='grc' dir='ltr'><strong><em>Οά</em></strong></span> <span class='ocrx_word' id='word_1_219' title='bbox 583 2554 639 2642; x_wconf 86' lang='grc' dir='ltr'><strong><em>γάρ</em></strong></span> <span class='ocrx_word' id='word_1_220' title='bbox 657 2555 780 2622; x_wconf 86' lang='grc' dir='ltr'><strong><em>δάναται</em></strong></span> <span class='ocrx_word' id='word_1_221' title='bbox 799 2559 829 2636; x_wconf 74' lang='grc' dir='ltr'><strong><em>ἐξ</em></strong></span> <span class='ocrx_word' id='word_1_222' title='bbox 846 2558 991 2623; x_wconf 81' lang='grc' dir='ltr'><strong><em>άκανθιῦν</em></strong></span> <span class='ocrx_word' id='word_1_223' title='bbox 1011 2557 1147 2641; x_wconf 83' lang='grc' dir='ltr'><strong><em>σταφυλή</em></strong></span> <span class='ocrx_word' id='word_1_224' title='bbox 1173 2566 1355 2644; x_wconf 80' lang='grc' dir='ltr'><strong><em>τρυγᾶσθαι,</em></strong></span> <span class='ocrx_word' id='word_1_225' title='bbox 1384 2561 1433 2624; x_wconf 76' lang='grc' dir='ltr'><strong><em>ῦνα</em></strong></span> 
     </span>
     <span class='ocr_line' id='line_1_24' title="bbox 266 2658 1434 2742; baseline 0 -16"><span class='ocrx_word' id='word_1_226' title='bbox 266 2661 317 2726; x_wconf 81' lang='grc' dir='ltr'><strong><em>καλ</em></strong></span> <span class='ocrx_word' id='word_1_227' title='bbox 337 2659 399 2725; x_wconf 78' lang='grc' dir='ltr'><strong><em>άπδ</em></strong></span> <span class='ocrx_word' id='word_1_228' title='bbox 422 2667 477 2742; x_wconf 76' lang='grc' dir='ltr'><strong><em>τῆς</em></strong></span> <span class='ocrx_word' id='word_1_229' title='bbox 497 2663 767 2736; x_wconf 79' lang='grc' dir='ltr'><strong><em>κακοδιδασκαλίας</em></strong></span> <span class='ocrx_word' id='word_1_230' title='bbox 789 2658 969 2742; x_wconf 82' lang='grc' dir='ltr'><strong><em>ήσεμνότης</em></strong></span> <span class='ocrx_word' id='word_1_231' title='bbox 994 2658 1115 2742; x_wconf 85' lang='grc' dir='ltr'><strong><em>όφθείη.</em></strong></span> <span class='ocrx_word' id='word_1_232' title='bbox 1154 2660 1242 2726; x_wconf 82' lang='grc' dir='ltr'><strong><em>Ἀλλά</em></strong></span> <span class='ocrx_word' id='word_1_233' title='bbox 1267 2668 1361 2726; x_wconf 84' lang='grc' dir='ltr'><strong><em>ταῦτα</em></strong></span> <span class='ocrx_word' id='word_1_234' title='bbox 1380 2661 1434 2742; x_wconf 81' lang='grc' dir='ltr'><strong><em>μίν</em></strong></span> 
     </span>
     <span class='ocr_line' id='line_1_25' title="bbox 266 2759 1435 2848; baseline 0.001 -21"><span class='ocrx_word' id='word_1_235' title='bbox 266 2765 336 2847; x_wconf 77' lang='grc' dir='ltr'><strong><em>περί</em></strong></span> <span class='ocrx_word' id='word_1_236' title='bbox 352 2759 404 2827; x_wconf 88' lang='grc' dir='ltr'><strong><em>τόν</em></strong></span> <span class='ocrx_word' id='word_1_237' title='bbox 417 2760 512 2845; x_wconf 86' lang='grc' dir='ltr'><strong><em>άνδρα</em></strong></span> <span class='ocrx_word' id='word_1_238' title='bbox 527 2760 669 2848; x_wconf 85' lang='grc' dir='ltr'><strong><em>γεγονότα</em></strong></span> <span class='ocrx_word' id='word_1_239' title='bbox 682 2761 869 2846; x_wconf 75' lang='grc' dir='ltr'><strong><em>ἀκηκόαμεν,</em></strong></span> <span class='ocrx_word' id='word_1_240' title='bbox 892 2766 945 2827; x_wconf 87' lang='grc' dir='ltr'><strong><em>καί</em></strong></span> <span class='ocrx_word' id='word_1_241' title='bbox 958 2760 1176 2848; x_wconf 83' lang='grc' dir='ltr'><strong><em>συμβεβηκότα.</em></strong></span> <span class='ocrx_word' id='word_1_242' title='bbox 1222 2761 1310 2828; x_wconf 63' lang='grc' dir='ltr'><strong><em>’Διά</em></strong></span> <span class='ocrx_word' id='word_1_243' title='bbox 1327 2764 1360 2830; x_wconf 75' lang='grc' dir='ltr'><strong><em>δὲ</em></strong></span> <span class='ocrx_word' id='word_1_244' title='bbox 1374 2769 1435 2828; x_wconf 82' lang='grc' dir='ltr'><strong><em>τιῦκ</em></strong></span> 
     </span>
     <span class='ocr_line' id='line_1_26' title="bbox 266 2863 1435 2950; baseline 0.002 -21"><span class='ocrx_word' id='word_1_245' title='bbox 266 2863 364 2949; x_wconf 81' lang='grc' dir='ltr'><strong><em>λόγων</em></strong></span> <span class='ocrx_word' id='word_1_246' title='bbox 381 2863 478 2929; x_wconf 87' lang='grc' dir='ltr'><strong><em>αῦτοῦ</em></strong></span> <span class='ocrx_word' id='word_1_247' title='bbox 494 2863 653 2930; x_wconf 86' lang='grc' dir='ltr'><strong><em>άκάλουθα</em></strong></span> <span class='ocrx_word' id='word_1_248' title='bbox 671 2868 713 2941; x_wconf 84' lang='grc' dir='ltr'><strong><em>είς</em></strong></span> <span class='ocrx_word' id='word_1_249' title='bbox 730 2868 838 2947; x_wconf 91' lang='grc' dir='ltr'><strong><em>μανίαν</em></strong></span> <span class='ocrx_word' id='word_1_250' title='bbox 859 2864 973 2947; x_wconf 81' lang='grc' dir='ltr'><strong><em>άρσεως</em></strong></span> <span class='ocrx_word' id='word_1_251' title='bbox 990 2864 1067 2930; x_wconf 86' lang='grc' dir='ltr'><strong><em>κατά</em></strong></span> <span class='ocrx_word' id='word_1_252' title='bbox 1082 2873 1136 2931; x_wconf 90' lang='grc' dir='ltr'><strong><em>τοῦ</em></strong></span> <span class='ocrx_word' id='word_1_253' title='bbox 1154 2870 1261 2949; x_wconf 90' lang='grc' dir='ltr'><strong><em>κυρίου</em></strong></span> <span class='ocrx_word' id='word_1_254' title='bbox 1279 2870 1435 2950; x_wconf 75' lang='grc' dir='ltr'><strong><em>τολμηθεί-</em></strong></span> 
     </span>
     <span class='ocr_line' id='line_1_27' title="bbox 268 2963 1436 3054; baseline 0.002 -23"><span class='ocrx_word' id='word_1_255' title='bbox 268 2987 339 3049; x_wconf 78' lang='grc' dir='ltr'><strong><em>σης,</em></strong></span> <span class='ocrx_word' id='word_1_256' title='bbox 374 2963 416 3042; x_wconf 79' lang='grc' dir='ltr'><strong><em>οίς</em></strong></span> <span class='ocrx_word' id='word_1_257' title='bbox 434 2969 530 3049; x_wconf 81' lang='grc' dir='ltr'><strong><em>ίφην,</em></strong></span> <span class='ocrx_word' id='word_1_258' title='bbox 561 2964 655 3031; x_wconf 83' lang='grc' dir='ltr'><strong><em>πολλά</em></strong></span> <span class='ocrx_word' id='word_1_259' title='bbox 678 2969 732 3047; x_wconf 79' lang='grc' dir='ltr'><strong><em>μέν</em></strong></span> <span class='ocrx_word' id='word_1_260' title='bbox 749 2969 845 3048; x_wconf 76' lang='grc' dir='ltr'><strong><em>ἔστιν,</em></strong></span> <span class='ocrx_word' id='word_1_261' title='bbox 879 2966 962 3054; x_wconf 91' lang='grc' dir='ltr'><strong><em>όλίγα</em></strong></span> <span class='ocrx_word' id='word_1_262' title='bbox 977 2969 1009 3034; x_wconf 77' lang='grc' dir='ltr'><strong><em>δὲ</em></strong></span> <span class='ocrx_word' id='word_1_263' title='bbox 1028 2966 1087 3034; x_wconf 89' lang='grc' dir='ltr'><strong><em>άπδ</em></strong></span> <span class='ocrx_word' id='word_1_264' title='bbox 1103 2975 1161 3032; x_wconf 79' lang='grc' dir='ltr'><strong><em>τῶν</em></strong></span> <span class='ocrx_word' id='word_1_265' title='bbox 1180 2972 1325 3034; x_wconf 88' lang='grc' dir='ltr'><strong><em>πλειόνων</em></strong></span> <span class='ocrx_word' id='word_1_266' title='bbox 1340 2994 1436 3053; x_wconf 83' lang='grc' dir='ltr'><strong><em>παρα-</em></strong></span> 
     </span>
     <span class='ocr_line' id='line_1_28' title="bbox 266 3066 1436 3156; baseline 0.004 -23"><span class='ocrx_word' id='word_1_267' title='bbox 266 3067 409 3151; x_wconf 76' lang='grc' dir='ltr'><strong><em>θήσομαι.</em></strong></span> <span class='ocrx_word' id='word_1_268' title='bbox 455 3069 540 3156; x_wconf 79' lang='grc' dir='ltr'><strong><em>Πρδς</em></strong></span> <span class='ocrx_word' id='word_1_269' title='bbox 560 3067 635 3135; x_wconf 84' lang='grc' dir='ltr'><strong><em>αῦτά</em></strong></span> <span class='ocrx_word' id='word_1_270' title='bbox 652 3070 684 3134; x_wconf 78' lang='grc' dir='ltr'><strong><em>δὲ</em></strong></span> <span class='ocrx_word' id='word_1_271' title='bbox 702 3067 722 3134; x_wconf 79' lang='grc' dir='ltr'><strong><em>ά</em></strong></span> <span class='ocrx_word' id='word_1_272' title='bbox 738 3066 756 3134; x_wconf 86' lang='grc' dir='ltr'><strong><em>ό</em></strong></span> <span class='ocrx_word' id='word_1_273' title='bbox 774 3070 879 3155; x_wconf 80' lang='grc' dir='ltr'><strong><em>κάρτος</em></strong></span> <span class='ocrx_word' id='word_1_274' title='bbox 901 3074 1005 3136; x_wconf 90' lang='grc' dir='ltr'><strong><em>δίδωσι</em></strong></span> <span class='ocrx_word' id='word_1_275' title='bbox 1021 3069 1098 3155; x_wconf 83' lang='grc' dir='ltr'><strong><em>πρός</em></strong></span> <span class='ocrx_word' id='word_1_276' title='bbox 1119 3069 1290 3156; x_wconf 85' lang='grc' dir='ltr'><strong><em>άνατροπήν</em></strong></span> <span class='ocrx_word' id='word_1_277' title='bbox 1311 3074 1362 3137; x_wconf 90' lang='grc' dir='ltr'><strong><em>καλ</em></strong></span> <span class='ocrx_word' id='word_1_278' title='bbox 1380 3070 1436 3138; x_wconf 83' lang='grc' dir='ltr'><strong><em>αῦ-</em></strong></span> 
     </span>
     <span class='ocr_line' id='line_1_29' title="bbox 266 3170 1436 3257; baseline 0.002 -21"><span class='ocrx_word' id='word_1_279' title='bbox 266 3174 315 3236; x_wconf 84' lang='grc' dir='ltr'><strong><em>τολ</em></strong></span> <span class='ocrx_word' id='word_1_280' title='bbox 330 3173 459 3253; x_wconf 76' lang='grc' dir='ltr'><strong><em>λέξομεν.</em></strong></span> <span class='ocrx_word' id='word_1_281' title='bbox 505 3175 566 3237; x_wconf 84' lang='grc' dir='ltr'><strong><em>Καί</em></strong></span> <span class='ocrx_word' id='word_1_282' title='bbox 583 3176 661 3238; x_wconf 74' lang='grc' dir='ltr'><strong><em>ἔστιν</em></strong></span> <span class='ocrx_word' id='word_1_283' title='bbox 676 3170 697 3255; x_wconf 86' lang='grc' dir='ltr'><strong><em>ή</em></strong></span> <span class='ocrx_word' id='word_1_284' title='bbox 714 3170 823 3237; x_wconf 84' lang='grc' dir='ltr'><strong><em>τοῦτου</em></strong></span> <span class='ocrx_word' id='word_1_285' title='bbox 840 3180 894 3237; x_wconf 88' lang='grc' dir='ltr'><strong><em>τοῦ</em></strong></span> <span class='ocrx_word' id='word_1_286' title='bbox 908 3171 1064 3254; x_wconf 82' lang='grc' dir='ltr'><strong><em>Ἀνομοίου</em></strong></span> <span class='ocrx_word' id='word_1_287' title='bbox 1081 3179 1134 3256; x_wconf 79' lang='grc' dir='ltr'><strong><em>τῆς</em></strong></span> <span class='ocrx_word' id='word_1_288' title='bbox 1149 3178 1273 3249; x_wconf 84' lang='grc' dir='ltr'><strong><em>πίστεως</em></strong></span> <span class='ocrx_word' id='word_1_289' title='bbox 1289 3176 1436 3257; x_wconf 74' lang='grc' dir='ltr'><strong><em>ἒρεσγελία</em></strong></span> 
     </span>
     <span class='ocr_line' id='line_1_30' title="bbox 146 3266 1436 3361; baseline 0.001 -22"><span class='ocrx_word' id='word_1_290' title='bbox 146 3313 197 3360; x_wconf 57' lang='grc' dir='ltr'><strong><em>μς,</em></strong></span> <span class='ocrx_word' id='word_1_291' title='bbox 211 3301 256 3345; x_wconf 75' lang='grc' dir='ltr'><strong><em>ιιε,</em></strong></span> <span class='ocrx_word' id='word_1_292' title='bbox 270 3275 322 3339; x_wconf 86' lang='grc' dir='ltr'><strong><em>καί</em></strong></span> <span class='ocrx_word' id='word_1_293' title='bbox 338 3281 398 3338; x_wconf 73' lang='grc' dir='ltr'><strong><em>τοῖν</em></strong></span> <span class='ocrx_word' id='word_1_294' title='bbox 412 3273 509 3358; x_wconf 88' lang='grc' dir='ltr'><strong><em>λόγων</em></strong></span> <span class='ocrx_word' id='word_1_295' title='bbox 525 3271 703 3355; x_wconf 87' lang='grc' dir='ltr'><strong><em>άπεικασμοί</em></strong></span> <span class='ocrx_word' id='word_1_296' title='bbox 722 3266 823 3353; x_wconf 78' lang='grc' dir='ltr'><strong><em>οὗτοι,</em></strong></span> <span class='ocrx_word' id='word_1_297' title='bbox 854 3277 887 3340; x_wconf 84' lang='grc' dir='ltr'><strong><em>ίιι</em></strong></span> <span class='ocrx_word' id='word_1_298' title='bbox 907 3282 1031 3360; x_wconf 74' lang='grc' dir='ltr'><strong><em>γραφῶν</em></strong></span> <span class='ocrx_word' id='word_1_299' title='bbox 1047 3275 1099 3357; x_wconf 80' lang='grc' dir='ltr'><strong><em>μίν</em></strong></span> <span class='ocrx_word' id='word_1_300' title='bbox 1118 3275 1282 3361; x_wconf 88' lang='grc' dir='ltr'><strong><em>λεγόμενοι,</em></strong></span> <span class='ocrx_word' id='word_1_301' title='bbox 1310 3275 1366 3359; x_wconf 84' lang='grc' dir='ltr'><strong><em>οῦχ</em></strong></span> <span class='ocrx_word' id='word_1_302' title='bbox 1381 3273 1436 3341; x_wconf 84' lang='grc' dir='ltr'><strong><em>οῦ-</em></strong></span> 
     </span>
     <span class='ocr_line' id='line_1_31' title="bbox 266 3372 1435 3461; baseline 0.002 -20"><span class='ocrx_word' id='word_1_303' title='bbox 266 3401 325 3453; x_wconf 66' lang='lat' dir='ltr'><strong><em>mc</em></strong></span> <span class='ocrx_word' id='word_1_304' title='bbox 347 3376 379 3441; x_wconf 71' lang='grc' dir='ltr'><strong><em>δὲ</em></strong></span> <span class='ocrx_word' id='word_1_305' title='bbox 396 3372 472 3440; x_wconf 89' lang='grc' dir='ltr'><strong><em>κατά</em></strong></span> <span class='ocrx_word' id='word_1_306' title='bbox 488 3373 540 3440; x_wconf 89' lang='grc' dir='ltr'><strong><em>τόν</em></strong></span> <span class='ocrx_word' id='word_1_307' title='bbox 554 3383 627 3442; x_wconf 84' lang='grc' dir='ltr'><strong><em>νοῦν</em></strong></span> <span class='ocrx_word' id='word_1_308' title='bbox 645 3379 774 3459; x_wconf 64' lang='grc' dir='ltr'><strong><em>ἔχοντες,</em></strong></span> <span class='ocrx_word' id='word_1_309' title='bbox 805 3376 878 3443; x_wconf 86' lang='grc' dir='ltr'><strong><em>άλλά</em></strong></span> <span class='ocrx_word' id='word_1_310' title='bbox 895 3376 989 3454; x_wconf 81' lang='grc' dir='ltr'><strong><em>άλλως</em></strong></span> <span class='ocrx_word' id='word_1_311' title='bbox 1006 3377 1061 3460; x_wconf 85' lang='grc' dir='ltr'><strong><em>τήν</em></strong></span> <span class='ocrx_word' id='word_1_312' title='bbox 1074 3378 1201 3460; x_wconf 85' lang='grc' dir='ltr'><strong><em>δύναμιν</em></strong></span> <span class='ocrx_word' id='word_1_313' title='bbox 1223 3381 1353 3461; x_wconf 80' lang='grc' dir='ltr'><strong><em>ίγοντες,</em></strong></span> <span class='ocrx_word' id='word_1_314' title='bbox 1382 3374 1435 3443; x_wconf 79' lang='grc' dir='ltr'><strong><em>άπ’</em></strong></span> 
     </span>
     <span class='ocr_line' id='line_1_32' title="bbox 266 3477 778 3561; baseline -0.006 -15"><span class='ocrx_word' id='word_1_315' title='bbox 266 3477 361 3546; x_wconf 82' lang='grc' dir='ltr'><strong><em>αῦτοῦ</em></strong></span> <span class='ocrx_word' id='word_1_316' title='bbox 383 3480 416 3545; x_wconf 77' lang='grc' dir='ltr'><strong><em>δί</em></strong></span> <span class='ocrx_word' id='word_1_317' title='bbox 438 3478 534 3555; x_wconf 73' lang='grc' dir='ltr'><strong><em>οὕτως</em></strong></span> <span class='ocrx_word' id='word_1_318' title='bbox 553 3478 778 3561; x_wconf 89' lang='grc' dir='ltr'><strong><em>λαμβανόμενοι.</em></strong></span> 
     </span>
    </p>
   </div>
   <div class='ocr_carea' id='block_1_3' title="bbox 136 3681 1438 4282">
    <p class='ocr_par' dir='ltr' id='par_1_3' title="bbox 137 3681 1438 4081">
     <span class='ocr_line' id='line_1_33' title="bbox 137 3681 1438 3776; baseline 0.002 -27"><span class='ocrx_word' id='word_1_319' title='bbox 137 3707 203 3776; x_wconf 59' lang='grc' dir='ltr'><strong><em>Κεφ,</em></strong></span> <span class='ocrx_word' id='word_1_320' title='bbox 220 3704 253 3768; x_wconf 74' lang='lat'><strong><em>5&#39;·</em></strong></span> <span class='ocrx_word' id='word_1_321' title='bbox 357 3683 472 3752; x_wconf 87' lang='grc' dir='ltr'><strong><em>Φάσκει</em></strong></span> <span class='ocrx_word' id='word_1_322' title='bbox 488 3684 520 3749; x_wconf 77' lang='grc' dir='ltr'><strong><em>δὲ</em></strong></span> <span class='ocrx_word' id='word_1_323' title='bbox 536 3681 630 3760; x_wconf 83' lang='grc' dir='ltr'><strong><em>εδθδς</em></strong></span> <span class='ocrx_word' id='word_1_324' title='bbox 647 3686 680 3749; x_wconf 85' lang='grc' dir='ltr'><strong><em>ίν</em></strong></span> <span class='ocrx_word' id='word_1_325' title='bbox 701 3681 776 3774; x_wconf 76' lang='grc' dir='ltr'><strong><em>άργῄ</em></strong></span> <span class='ocrx_word' id='word_1_326' title='bbox 800 3683 860 3764; x_wconf 78' lang='grc' dir='ltr'><strong><em>ὅτι,</em></strong></span> <span class='ocrx_word' id='word_1_327' title='bbox 894 3682 940 3750; x_wconf 84' lang='grc' dir='ltr'><strong><em>Οά</em></strong></span> <span class='ocrx_word' id='word_1_328' title='bbox 956 3685 1079 3749; x_wconf 77' lang='grc' dir='ltr'><strong><em>δύναται</em></strong></span> <span class='ocrx_word' id='word_1_329' title='bbox 1095 3683 1129 3749; x_wconf 89' lang='grc' dir='ltr'><strong><em>τδ</em></strong></span> <span class='ocrx_word' id='word_1_330' title='bbox 1146 3685 1308 3770; x_wconf 80' lang='grc' dir='ltr'><strong><em>ιἰγίννητον</em></strong></span> <span class='ocrx_word' id='word_1_331' title='bbox 1330 3683 1438 3766; x_wconf 83' lang='grc' dir='ltr'><strong><em>δμοιον</em></strong></span> 
     </span>
     <span class='ocr_line' id='line_1_34' title="bbox 265 3783 1437 3876; baseline 0 -23"><span class='ocrx_word' id='word_1_332' title='bbox 265 3784 341 3853; x_wconf 68' lang='grc' dir='ltr'><strong><em>ἆναι</em></strong></span> <span class='ocrx_word' id='word_1_333' title='bbox 357 3795 399 3876; x_wconf 79' lang='grc' dir='ltr'><strong><em>τρδ</em></strong></span> <span class='ocrx_word' id='word_1_334' title='bbox 416 3791 561 3874; x_wconf 75' lang='grc' dir='ltr'><strong><em>γεννητῷ·</em></strong></span> <span class='ocrx_word' id='word_1_335' title='bbox 584 3789 634 3850; x_wconf 87' lang='grc' dir='ltr'><strong><em>καλ</em></strong></span> <span class='ocrx_word' id='word_1_336' title='bbox 652 3783 709 3871; x_wconf 89' lang='grc' dir='ltr'><strong><em>γάρ</em></strong></span> <span class='ocrx_word' id='word_1_337' title='bbox 728 3785 803 3851; x_wconf 88' lang='grc' dir='ltr'><strong><em>κατά</em></strong></span> <span class='ocrx_word' id='word_1_338' title='bbox 819 3787 851 3852; x_wconf 87' lang='grc' dir='ltr'><strong><em>τό</em></strong></span> <span class='ocrx_word' id='word_1_339' title='bbox 865 3786 961 3869; x_wconf 80' lang='grc' dir='ltr'><strong><em>ὄνομα</em></strong></span> <span class='ocrx_word' id='word_1_340' title='bbox 976 3785 1149 3852; x_wconf 86' lang='grc' dir='ltr'><strong><em>διαλλάττει·</em></strong></span> <span class='ocrx_word' id='word_1_341' title='bbox 1172 3786 1205 3854; x_wconf 86' lang='grc' dir='ltr'><strong><em>τό</em></strong></span> <span class='ocrx_word' id='word_1_342' title='bbox 1219 3789 1272 3871; x_wconf 70' lang='grc' dir='ltr'><strong><em>μὲν</em></strong></span> <span class='ocrx_word' id='word_1_343' title='bbox 1285 3788 1341 3872; x_wconf 91' lang='grc' dir='ltr'><strong><em>γάρ</em></strong></span> <span class='ocrx_word' id='word_1_344' title='bbox 1358 3790 1437 3854; x_wconf 81' lang='grc' dir='ltr'><strong><em>ίστιν</em></strong></span> 
     </span>
     <span class='ocr_line' id='line_1_35' title="bbox 266 3886 1438 3975; baseline -0.002 -20"><span class='ocrx_word' id='word_1_345' title='bbox 266 3890 441 3975; x_wconf 77' lang='grc' dir='ltr'><strong><em>οἰγίννητον,</em></strong></span> <span class='ocrx_word' id='word_1_346' title='bbox 460 3886 494 3954; x_wconf 84' lang='grc' dir='ltr'><strong><em>τό</em></strong></span> <span class='ocrx_word' id='word_1_347' title='bbox 514 3890 547 3954; x_wconf 77' lang='grc' dir='ltr'><strong><em>δὲ</em></strong></span> <span class='ocrx_word' id='word_1_348' title='bbox 564 3888 712 3972; x_wconf 88' lang='grc' dir='ltr'><strong><em>γεννητόν.</em></strong></span> <span class='ocrx_word' id='word_1_349' title='bbox 763 3888 801 3954; x_wconf 85' lang='grc' dir='ltr'><strong><em>Τό</em></strong></span> <span class='ocrx_word' id='word_1_350' title='bbox 819 3889 851 3954; x_wconf 71' lang='grc' dir='ltr'><strong><em>δὲ</em></strong></span> <span class='ocrx_word' id='word_1_351' title='bbox 867 3896 928 3954; x_wconf 82' lang='grc' dir='ltr'><strong><em>πᾶν</em></strong></span> <span class='ocrx_word' id='word_1_352' title='bbox 945 3892 1023 3954; x_wconf 75' lang='grc' dir='ltr'><strong><em>ἐστιν</em></strong></span> <span class='ocrx_word' id='word_1_353' title='bbox 1041 3890 1177 3972; x_wconf 82' lang='grc' dir='ltr'><strong><em>ἠλίθιον,</em></strong></span> <span class='ocrx_word' id='word_1_354' title='bbox 1199 3893 1251 3956; x_wconf 76' lang='grc' dir='ltr'><strong><em>καί</em></strong></span> <span class='ocrx_word' id='word_1_355' title='bbox 1268 3893 1310 3966; x_wconf 79' lang='grc' dir='ltr'><strong><em>είς</em></strong></span> <span class='ocrx_word' id='word_1_356' title='bbox 1325 3894 1438 3972; x_wconf 86' lang='grc' dir='ltr'><strong><em>μανίαν</em></strong></span> 
     </span>
     <span class='ocr_line' id='line_1_36' title="bbox 265 3987 1437 4081; baseline 0.002 -25"><span class='ocrx_word' id='word_1_357' title='bbox 265 3995 379 4077; x_wconf 79' lang='grc' dir='ltr'><strong><em>τρέψον</em></strong></span> <span class='ocrx_word' id='word_1_358' title='bbox 403 3990 457 4057; x_wconf 86' lang='grc' dir='ltr'><strong><em>τόν</em></strong></span> <span class='ocrx_word' id='word_1_359' title='bbox 477 3987 580 4075; x_wconf 85' lang='grc' dir='ltr'><strong><em>άνδρα.</em></strong></span> <span class='ocrx_word' id='word_1_360' title='bbox 627 3994 668 4055; x_wconf 85' lang='grc' dir='ltr'><strong><em>Εἰ</em></strong></span> <span class='ocrx_word' id='word_1_361' title='bbox 683 3989 739 4076; x_wconf 86' lang='grc' dir='ltr'><strong><em>γάρ</em></strong></span> <span class='ocrx_word' id='word_1_362' title='bbox 761 3991 921 4074; x_wconf 78' lang='grc' dir='ltr'><strong><em>ζητήσομεν</em></strong></span> <span class='ocrx_word' id='word_1_363' title='bbox 941 4000 981 4081; x_wconf 75' lang='grc' dir='ltr'><strong><em>τῷ</em></strong></span> <span class='ocrx_word' id='word_1_364' title='bbox 1001 3991 1151 4081; x_wconf 80' lang='grc' dir='ltr'><strong><em>όγεννήτρι</em></strong></span> <span class='ocrx_word' id='word_1_365' title='bbox 1175 3992 1354 4079; x_wconf 86' lang='grc' dir='ltr'><strong><em>γεννήτορα,</em></strong></span> <span class='ocrx_word' id='word_1_366' title='bbox 1383 3995 1437 4058; x_wconf 75' lang='grc' dir='ltr'><strong><em>ἵνα</em></strong></span> 
     </span>
    </p>

    <p class='ocr_par' dir='ltr' id='par_1_4' title="bbox 136 4091 1437 4282">
     <span class='ocr_line' id='line_1_37' title="bbox 136 4091 1437 4179; baseline 0.002 -20"><span class='ocrx_word' id='word_1_367' title='bbox 136 4120 138 4125; x_wconf 79' lang='grc'><strong>’</strong></span> <span class='ocrx_word' id='word_1_368' title='bbox 173 4123 177 4159; x_wconf 83' lang='grc' dir='ltr'><em>ῑ</em></span> <span class='ocrx_word' id='word_1_369' title='bbox 264 4093 307 4177; x_wconf 83' lang='grc' dir='ltr'><strong><em>μή</em></strong></span> <span class='ocrx_word' id='word_1_370' title='bbox 324 4094 380 4177; x_wconf 86' lang='grc' dir='ltr'><strong><em>τήν</em></strong></span> <span class='ocrx_word' id='word_1_371' title='bbox 401 4096 469 4177; x_wconf 84' lang='grc' dir='ltr'><strong><em>περί</em></strong></span> <span class='ocrx_word' id='word_1_372' title='bbox 495 4100 627 4175; x_wconf 85' lang='grc' dir='ltr'><strong><em>Χριστοῦ</em></strong></span> <span class='ocrx_word' id='word_1_373' title='bbox 651 4098 742 4172; x_wconf 82' lang='grc' dir='ltr'><strong><em>δόξαν</em></strong></span> <span class='ocrx_word' id='word_1_374' title='bbox 760 4092 860 4178; x_wconf 83' lang='grc' dir='ltr'><strong><em>άληθή</em></strong></span> <span class='ocrx_word' id='word_1_375' title='bbox 884 4094 1090 4176; x_wconf 84' lang='grc' dir='ltr'><strong><em>άπολίσωμευ,</em></strong></span> <span class='ocrx_word' id='word_1_376' title='bbox 1120 4091 1312 4179; x_wconf 73' lang='grc' dir='ltr'><strong><em>εὑρεθήσεται</em></strong></span> <span class='ocrx_word' id='word_1_377' title='bbox 1334 4091 1437 4162; x_wconf 75' lang='grc' dir='ltr'><strong><em>οάκὲῐι</em></strong></span> 
     </span>
     <span class='ocr_line' id='line_1_38' title="bbox 266 4194 1437 4282; baseline 0 -19"><span class='ocrx_word' id='word_1_378' title='bbox 266 4195 309 4274; x_wconf 82' lang='grc' dir='ltr'><strong><em>είς</em></strong></span> <span class='ocrx_word' id='word_1_379' title='bbox 326 4194 470 4282; x_wconf 85' lang='grc' dir='ltr'><strong><em>όπατήρ,</em></strong></span> <span class='ocrx_word' id='word_1_380' title='bbox 500 4195 572 4263; x_wconf 77' lang='grc' dir='ltr'><strong><em>οῦδί</em></strong></span> <span class='ocrx_word' id='word_1_381' title='bbox 595 4195 693 4282; x_wconf 80' lang='grc' dir='ltr'><strong><em>πατήρ</em></strong></span> <span class='ocrx_word' id='word_1_382' title='bbox 721 4195 849 4281; x_wconf 81' lang='grc' dir='ltr'><strong><em>πατρός,</em></strong></span> <span class='ocrx_word' id='word_1_383' title='bbox 881 4194 952 4262; x_wconf 88' lang='grc' dir='ltr'><strong><em>άλλά</em></strong></span> <span class='ocrx_word' id='word_1_384' title='bbox 974 4196 1093 4282; x_wconf 87' lang='grc' dir='ltr'><strong><em>άπειροι</em></strong></span> <span class='ocrx_word' id='word_1_385' title='bbox 1111 4201 1143 4263; x_wconf 89' lang='grc' dir='ltr'><strong><em>οί</em></strong></span> <span class='ocrx_word' id='word_1_386' title='bbox 1159 4200 1282 4279; x_wconf 85' lang='grc' dir='ltr'><strong><em>πατίρες</em></strong></span> <span class='ocrx_word' id='word_1_387' title='bbox 1298 4198 1437 4282; x_wconf 76' lang='grc' dir='ltr'><strong><em>πατέρων</em></strong></span> 
     </span>
    </p>
   </div>
   <div class='ocr_carea' id='block_1_4' title="bbox 267 4401 1435 4610">
    <p class='ocr_par' dir='ltr' id='par_1_5' title="bbox 267 4401 1435 4610">
     <span class='ocr_line' id='line_1_39' title="bbox 278 4401 1434 4468; baseline -0.002 -10"><span class='ocrx_word' id='word_1_388' title='bbox 278 4444 280 4453; x_wconf 41' lang='grc' dir='ltr'><strong><em>ι</em></strong></span> <span class='ocrx_word' id='word_1_389' title='bbox 299 4405 323 4458; x_wconf 85' lang='grc'><strong><em>9.</em></strong></span> <span class='ocrx_word' id='word_1_390' title='bbox 341 4401 446 4466; x_wconf 85' lang='grc' dir='ltr'><strong><em>ιίλόντες</em></strong></span> <span class='ocrx_word' id='word_1_391' title='bbox 465 4410 550 4468; x_wconf 71' lang='lat' dir='ltr'><strong><em>scripsi</em></strong></span> <span class='ocrx_word' id='word_1_392' title='bbox 567 4420 597 4455; x_wconf 84' lang='grc' dir='ltr'><strong><em>ια</em></strong></span> <span class='ocrx_word' id='word_1_393' title='bbox 613 4410 746 4457; x_wconf 58' lang='lat' dir='ltr'><strong><em>conicum</em></strong></span> <span class='ocrx_word' id='word_1_394' title='bbox 761 4409 833 4457; x_wconf 81' lang='grc' dir='ltr'><strong><em>Ροίο-</em></strong></span> <span class='ocrx_word' id='word_1_395' title='bbox 903 4403 960 4454; x_wconf 68' lang='grc' dir='ltr'><strong><em>(λιν.</em></strong></span> <span class='ocrx_word' id='word_1_396' title='bbox 979 4406 1009 4454; x_wconf 85' lang='lat' dir='ltr'><strong><em>V.</em></strong></span> <span class='ocrx_word' id='word_1_397' title='bbox 1028 4433 1061 4443; x_wconf 96' lang='lat'>-</span> <span class='ocrx_word' id='word_1_398' title='bbox 1081 4408 1102 4456; x_wconf 85' lang='lat'><strong><em>1.</em></strong></span> <span class='ocrx_word' id='word_1_399' title='bbox 1120 4401 1198 4458; x_wconf 81' lang='grc' dir='ltr'><strong><em>αῦτοῦ</em></strong></span> <span class='ocrx_word' id='word_1_400' title='bbox 1215 4408 1305 4455; x_wconf 68' lang='lat' dir='ltr'><strong><em>restitui</em></strong></span> <span class='ocrx_word' id='word_1_401' title='bbox 1320 4419 1350 4454; x_wconf 81' lang='grc' dir='ltr'><strong><em>το</em></strong></span> <span class='ocrx_word' id='word_1_402' title='bbox 1364 4407 1434 4456; x_wconf 57' lang='lat' dir='ltr'><strong><em>codd</em></strong></span> 
     </span>
     <span class='ocr_line' id='line_1_40' title="bbox 267 4466 1363 4538; baseline -0.005 -11"><span class='ocrx_word' id='word_1_403' title='bbox 267 4478 301 4527; x_wconf 84' lang='grc' dir='ltr'><strong><em>υίί</em></strong></span> <span class='ocrx_word' id='word_1_404' title='bbox 316 4491 359 4538; x_wconf 78' lang='lat' dir='ltr'><strong><em>pro</em></strong></span> <span class='ocrx_word' id='word_1_405' title='bbox 377 4466 481 4532; x_wconf 81' lang='grc' dir='ltr'><strong><em>ἄδοντις</em></strong></span> <span class='ocrx_word' id='word_1_406' title='bbox 497 4477 560 4536; x_wconf 74' lang='lat' dir='ltr'>quod</span> <span class='ocrx_word' id='word_1_407' title='bbox 578 4476 648 4537; x_wconf 82' lang='grc' dir='ltr'><strong><em>υαίρο</em></strong></span> <span class='ocrx_word' id='word_1_408' title='bbox 665 4481 736 4525; x_wconf 78' lang='grc' dir='ltr'><strong><em>καίοι.</em></strong></span> <span class='ocrx_word' id='word_1_409' title='bbox 868 4487 922 4523; x_wconf 70' lang='lat' dir='ltr'><strong><em>mss.</em></strong></span> <span class='ocrx_word' id='word_1_410' title='bbox 941 4479 1042 4536; x_wconf 75' lang='grc' dir='ltr'><strong><em>αίιτρυτ.</em></strong></span> <span class='ocrx_word' id='word_1_411' title='bbox 1080 4477 1153 4538; x_wconf 64' lang='lat' dir='ltr'><strong><em>Vulgo</em></strong></span> <span class='ocrx_word' id='word_1_412' title='bbox 1171 4477 1255 4537; x_wconf 79' lang='grc' dir='ltr'><strong><em>ίτρίίατ</em></strong></span> <span class='ocrx_word' id='word_1_413' title='bbox 1271 4469 1363 4525; x_wconf 82' lang='grc' dir='ltr'><strong><em>ου’τιῦν.</em></strong></span> 
     </span>
     <span class='ocr_line' id='line_1_41' title="bbox 303 4527 1435 4610; baseline 0 -16"><span class='ocrx_word' id='word_1_414' title='bbox 303 4544 341 4594; x_wconf 81' lang='lat'><strong><em>10.</em></strong></span> <span class='ocrx_word' id='word_1_415' title='bbox 359 4527 407 4610; x_wconf 75' lang='grc' dir='ltr'><strong><em>γάρ</em></strong></span> <span class='ocrx_word' id='word_1_416' title='bbox 427 4545 480 4593; x_wconf 83' lang='lat' dir='ltr'>cod.</span> <span class='ocrx_word' id='word_1_417' title='bbox 498 4544 593 4606; x_wconf 77' lang='grc' dir='ltr'><strong><em>ίίλτιίίρ.</em></strong></span> <span class='ocrx_word' id='word_1_418' title='bbox 900 4543 924 4592; x_wconf 77' lang='lat'><strong><em>2.</em></strong></span> <span class='ocrx_word' id='word_1_419' title='bbox 942 4545 1073 4594; x_wconf 72' lang='grc' dir='ltr'><strong><em>θοοιιοτίυι</em></strong></span> <span class='ocrx_word' id='word_1_420' title='bbox 1092 4546 1161 4594; x_wconf 72' lang='lat' dir='ltr'><strong><em>vertit</em></strong></span> <span class='ocrx_word' id='word_1_421' title='bbox 1186 4549 1219 4592; x_wconf 78' lang='lat' dir='ltr'><strong><em>At</em></strong></span> <span class='ocrx_word' id='word_1_422' title='bbox 1233 4558 1277 4610; x_wconf 81' lang='lat' dir='ltr'><strong><em>per</em></strong></span> <span class='ocrx_word' id='word_1_423' title='bbox 1292 4541 1435 4594; x_wconf 81' lang='grc' dir='ltr'><strong><em>δοοιτίοιιο</em></strong></span> 
     </span>
    </p>
   </div>
   <div class='ocr_carea' id='block_1_5' title="bbox 0 0 1555 5070">
    <p class='ocr_par' dir='ltr' id='par_1_6' title="bbox 0 0 1555 5070">
     <span class='ocr_line' id='line_1_42' title="bbox 0 0 1555 5070; baseline 0 0"><span class='ocrx_word' id='word_1_424' title='bbox 0 0 1555 5070; x_wconf 95' lang='lat' dir='ltr'><strong><em> </em></strong></span> 
     </span>
    </p>
   </div>
  </div>
 </body>
</html>
