3096 5070
257 241 319 308 340
681 251 987 304 ειαοτιτνιειιεαιι

256 371 363 449 θίνον,
393 365 465 436 ώλλιί
483 366 559 454 πρός
580 371 733 454 παρθένον
756 369 1011 452 μεμνηστευμένην
1033 364 1134 453 ώνδρλ·
1161 366 1200 434 ἵν’
1219 372 1252 435 ἐκ
1268 376 1322 435 τού
1338 397 1416 454 μνη-

256 478 364 553 στῆρος
379 475 459 561 δείξη
475 471 528 554 τὴν
545 476 669 558 Μαρίαν
686 470 809 554 ύληθώς
827 468 991 556 ἄνθρωπον
1008 463 1110 536 ούσαν.
1156 474 1214 536 Καί
1233 479 1288 538 τοῦ
1304 477 1416 543 τίκτειν

256 573 431 656 μνημονεύει
446 571 466 656 ἦ
485 573 586 660 γραφη
603 579 654 641 καί
671 595 762 658 φησι,
791 569 1042 657 Ἐσπαργύνωσε,
1061 576 1112 638 καί
1128 576 1335 659 ἐμακαρίζοντο
1355 603 1412 658 μα-

256 677 321 742 στολ
336 675 391 751 οὓς
406 675 548 759 ἐθήλασε,
570 680 622 743 καλ
636 679 824 763 προςηνέγθη
839 680 933 740 θυσία
949 672 990 752 ώς
1005 678 1208 753 διανοίξαντος
1226 683 1278 743 τοῦ
1294 678 1413 759 τεχθέν·

256 803 309 854 τος
323 777 377 860 τὴν
391 776 511 863 μήτραν.
561 787 660 845 Ταῦτα
680 780 714 845 δέ
728 779 825 846 πώντα
846 777 1002 860 τικτούσης
1024 769 1062 861 ἦν
1077 780 1232 861 παρθένου
1247 784 1418 866 γνωρίσμα-

257 906 300 945 τα.
345 882 405 945 Καί
423 878 441 946 ό
460 879 591 966 Γαβριηλ
606 883 638 947 δέ
655 881 796 962 ἄσφαλώς
813 879 1007 968 εὐηγγελίζετο
1030 877 1105 970 αὐτῇ
1121 882 1214 965 λέγων
1229 881 1284 964 ούγ
1300 879 1416 962 ώπλώς,

262 979 303 1049 Τό
319 981 501 1066 γεννώμενον
518 987 550 1050 ἐν
567 987 629 1062 σοὶ,
651 982 758 1066 ἵναμὴ
774 987 886 1061 ἐξαθεν
904 981 1129 1068 ἐπειςαγόμενον
1145 980 1220 1071 αύτῇ
1235 990 1320 1066 σῶμα
1339 992 1420 1051 ένο-

257 1089 392 1167 μισθείη,
422 1083 496 1165 ἀλλ’,
525 1084 575 1152 Ἐκ
600 1093 674 1164 σοῦ,
708 1089 781 1151 ’ἵνα
805 1085 894 1167 φύσει
914 1083 946 1152 τό
968 1083 1150 1172 γεννώμενον
1173 1087 1203 1163 ἐξ
1226 1085 1318 1169 αὐτῆς
1337 1083 1420 1154 εἶναι

259 1191 470 1270 4πιστευθείη·
500 1195 639 1273 φανερῶς
660 1191 712 1253 καλ
735 1195 822 1254 τοῦτο
840 1194 892 1270 τῆς
907 1185 1026 1268 φύσεως
1043 1186 1252 1270 δεικνυούσης,
1283 1185 1324 1264 ώς
1338 1186 1417 1255 ἐδύ-

257 1314 346 1356 νατον
362 1296 471 1373 οσώμα
489 1293 645 1374 παρθένου
659 1293 762 1375 φέρειν
777 1288 852 1376 γόλα
865 1289 906 1372 μή
924 1289 1076 1372 τεκούσης,
1097 1292 1148 1355 καλ
1164 1288 1311 1357 όδύνατον
1326 1290 1419 1376 γύλα-

257 1417 304 1457 κτι
326 1400 477 1475 τραφῆναι
500 1399 585 1476 σώμα
607 1395 659 1458 καί
682 1400 937 1478 σπαργανώθῆναι
961 1390 1004 1475 μὴ
1026 1391 1171 1477 πρότερον
1189 1393 1279 1474 φύσει
1300 1395 1417 1477 τεχθέν.

262 1493 357 1560 Τοῦτό
383 1497 442 1562 ἐστι
468 1493 501 1562 τό
523 1497 706 1579 περιτμηθέν
727 1495 928 1580 δκταήμερον,
955 1502 1042 1560 τοῦτο
1067 1494 1193 1577 Συμεών
1217 1497 1259 1571 είς
1281 1493 1418 1580 ώγκώλας

258 1598 391 1677 ἐδέξατο,
413 1605 500 1662 τοῦτο
517 1599 617 1682 γέγονε
633 1601 771 1676 παιδίον,
793 1600 842 1662 καί
860 1595 983 1680 ἠύξησε,
1007 1599 1077 1662 οκαλ
1091 1598 1231 1679 δεκαέτης
1246 1595 1418 1682 γενόμενος,

257 1700 308 1764 καί
324 1701 365 1775 είς
380 1698 431 1765 τόν
448 1698 622 1783 τριακοστόν
635 1698 772 1767 ἐνιαυτόν
786 1692 886 1782 ἦλθεν.
932 1700 977 1764 Ού
995 1697 1066 1785 γόρ,
1090 1698 1131 1775 ώς
1147 1724 1221 1775 τινες
1234 1696 1418 1784 ὑπενόησαν,

257 1799 278 1884 ἡ
294 1800 381 1868 ούσία
397 1801 498 1885 ἵαύτη
515 1800 674 1886 τοῦλόγου
690 1811 832 1884 τραπεῐσα
848 1801 1041 1887 περιετμήθη,
1063 1801 1258 1878 ἀναλλοίωτος
1273 1795 1348 1868 ούσα
1362 1807 1418 1871 καλ

116 1942 169 1988 μς.
184 1931 242 1976 lm
260 1903 416 1988 ἄτρεπτος·
445 1907 580 1990 λέγοντος
596 1905 649 1986 μέν
666 1905 829 1971 αὐτοῦτοῦ
848 1912 996 1989 σωτῆρος,
1023 1902 1130 1970 8’Ίδετέ
1148 1928 1182 1986 με
1200 1902 1248 1969 ότι
1266 1907 1325 1990 ἐγώ
1344 1909 1416 1989 είμι,

257 2008 307 2072 καί
325 2003 380 2072 ούτι
395 2005 568 2089 ύλλοίαμαι·
592 2014 645 2073 τοῦ
662 2008 694 2073 δέ
711 2009 835 2073 Παύλου
849 2005 1036 2093 γράφοντος,
1063 2006 1180 2089 Ἰησοῦς
1199 2006 1328 2090 Χριστός
1342 2010 1416 2091 χθές

257 2111 307 2176 καί
325 2108 468 2194 σήμερον,
491 2107 510 2175 ό
525 2107 617 2190 αύτός
635 2112 687 2175 καὶ
704 2113 745 2185 είς
760 2108 830 2184 τούς
844 2112 962 2185 αίώνας.
1005 2107 1089 2173 Ἀλλό
1104 2111 1191 2196 ἐντῷ
1205 2112 1414 2195 περιτμηθέιτι

257 2209 385 2292 σώματι,
413 2213 466 2283 καὶ
484 2214 696 2294 βασταχθέντι,
717 2214 769 2278 καί
788 2210 953 2296 οφαγόντι,
982 2213 1034 2276 καλ
1048 2212 1189 2292 καμόντι,
1219 2212 1269 2276 καί
1287 2213 1318 2277 ἐν
1334 2210 1409 2297 ίύλφ

256 2314 465 2395 καθηλοιθέντι
485 2316 536 2378 καί
556 2314 703 2393 παθόντι,
732 2307 771 2396 ἦν
787 2311 805 2379 ό
821 2311 945 2397 ώπαθης
962 2315 1012 2378 καί
1031 2313 1186 2395 ἀσώματος
1202 2321 1257 2380 τού
1270 2318 1342 2376 θεοῦ
1354 2309 1403 2376 λό-

256 2440 315 2501 γος.
363 2423 458 2481 Τοῦτο
480 2408 520 2498 ἦν
536 2418 612 2482 ιοἐν
631 2423 672 2504 τῷ
699 2419 830 2505 μνημείῳ
851 2417 995 2494 ιιτεθέν,
1028 2413 1076 2482 ὅτε
1100 2413 1189 2492 αύτός
1214 2412 1405 2499 λ’ίπσρσύθη

256 2516 382 2605 κηρύξαι
403 2520 455 2584 καλ
476 2527 538 2595 τοῖς
560 2520 592 2583 ἐν
613 2525 731 2616 φυλακη
753 2518 932 2602 πνεύμασιν,
956 2515 997 2594 ώς
1018 2515 1099 2583 είπεν
1121 2514 1140 2583 ό
1163 2516 1280 2602 Πέτρος.

128 3045 195 3114 Κεφ
208 3041 243 3113 η’.
336 3029 377 3094 Ὃ
392 3026 515 3112 μάλιστα
532 3032 662 3096 δείκνυσι
677 3028 732 3112 τήν
749 3027 851 3095 όνοιαν
866 3036 925 3095 τών
937 3028 1081 3115 λεγόντοιν
1097 3033 1139 3104 είς
1149 3029 1238 3094 δοτέα
1253 3027 1305 3092 καί
1318 3024 1416 3112 σύρκα

255 3130 422 3216 κεκρύφθαι
449 3129 502 3196 τόν
522 3130 618 3217 λόγον.
671 3135 715 3197 Et
734 3130 789 3217 γώρ
814 3139 901 3197 τοῦτο
926 3124 979 3214 ἦν,
1012 3129 1068 3196 ούιι
1093 3124 1133 3213 ἦν
1156 3136 1236 3216 χρεία
1260 3133 1416 3212 μνημείου.

256 3233 341 3301 Αύτό
360 3232 416 3320 γαίρ
441 3233 478 3300 δν
498 3233 651 3320 ἐπορεύθη
673 3232 710 3297 δι’
731 3236 838 3298 ἑαυτοῦ
863 3231 896 3298 τό
918 3240 1001 3315 σώμα
1025 3231 1151 3317 κηρύξαι
1168 3241 1231 3309 τοῖς
1248 3235 1280 3298 ἐν
1295 3239 1338 3320 τῷ
1355 3230 1416 3320 ᾆδη

257 3336 413 3419 πνεύμασι.
458 3343 527 3401 Νῦν
548 3336 581 3401 δέ
596 3334 687 3411 αότδς
708 3337 782 3416 ιμέν
799 3334 951 3419 ἐπορεύθη
970 3336 1112 3422 κυρόξαι,
1143 3330 1176 3399 τό
1195 3335 1228 3398 δέ
1244 3340 1329 3418 σώμα
1346 3337 1416 3399 τίλέ-

231 3452 234 3459 ’
258 3445 310 3518 ξας
324 3437 433 3520 Ἰωσὴφ
450 3436 565 3503 σινδόνι
586 3435 715 3502 ώπέθετο
738 3440 771 3503 ἐν
784 3444 824 3524 τῷ
844 3444 1001 3527 Γολγοθᾷ,
1031 3440 1081 3504 καὶ
1099 3438 1243 3503 δέδεικται
1258 3443 1350 3501 πᾶσιν
1368 3433 1416 3501 ότι

259 3541 300 3626 μή
318 3541 352 3608 τδ
371 3548 456 3623 σώμα
472 3533 509 3622 ἦν
525 3537 659 3626 όλόγος,
692 3536 762 3604 όλλύ
780 3547 866 3620 σῶμα
884 3533 924 3622 ἦν
945 3548 998 3606 τοῦ
1019 3540 1117 3625 λόγου.
1163 3541 1224 3603 Καί
1243 3544 1329 3603 τοῦτο
1349 3541 1417 3604 Θω·

257 3652 315 3728 μᾶς
338 3640 468 3710 α’ναστύν
491 3646 524 3710 ἐκ
541 3649 653 3729 νεκρῶν
671 3640 860 3725 ἐψηλάφησε,
888 3646 938 3708 καλ
960 3641 1037 3737 είδεν
1055 3646 1086 3709 ἐν
1105 3637 1184 3728 αύτῷ
1207 3638 1279 3717 τούς
1301 3637 1417 3716 τόπους

257 3753 316 3817 τών
330 3746 426 3829 ἥλων,
458 3745 512 3822 οὓς
532 3742 688 3827 όπέμεινεν
712 3743 803 3820 αὐτός
821 3741 938 3831 όλόγος
961 3743 1042 3828 όρῶν
1066 3748 1309 3829 καθηλουμένους
1326 3745 1357 3808 ἐν
1373 3749 1417 3831 τῷ

260 3848 373 3931 σώματι
386 3855 426 3937 τῷ
443 3851 527 3936 ίδίηο,
549 3849 600 3912 καὶ
617 3845 783 3930 δυνάμενος
797 3846 921 3914 κωλύειν
937 3846 992 3914 ούκ
1008 3848 1168 3929 ἐκώλυσεν,
1190 3846 1263 3914 ἄλλό
1277 3848 1328 3913 καί
1342 3849 1416 3912 ίδιο·

259 3961 370 4018 ποιεῐτο
385 3949 420 4016 τύ
437 3958 492 4016 τοῦ
506 3948 641 4033 σώματος
654 3953 731 4028 ίδια,
754 3946 796 4025 ώς
813 3951 939 4029 ἑαυτοῦ,
969 3948 1014 4016 ’ό
1029 3949 1193 4035 ἆσώματος.
1237 3948 1345 4031 Ἀμέλει
1360 3956 1417 4014 τοῦ
1534 4027 1536 4035 Ι

290 4089 315 4140 2.
332 4091 492 4175 νομιαθῄθ.
555 4151 562 4171 Ι
885 4089 909 4141 7.
927 4083 993 4171 αὕτη
1010 4094 1037 4141 Β.
1046 4127 1055 4154 ,
1079 4094 1142 4155 quod
1159 4095 1245 4143 υιίίαοι
1260 4104 1308 4140 em
1323 4089 1418 4138 videtur

291 4157 316 4210 3.
333 4158 356 4210 ίν
382 4156 409 4220 ἐξ
426 4174 508 4225 αυτης
524 4173 603 4224 φυσει
617 4154 646 4210 τδ
668 4174 732 4225 γενν.
748 4162 776 4208 Β.
851 4161 1000 4222 ιηροφναρλι.
1504 4185 1505 4188 =

290 4223 314 4276 4.
339 4227 463 4294 πιστευθῇ
482 4229 509 4276 ιι.
552 4229 579 4278 ιιι
603 4229 732 4288 epiphania·
753 4229 819 4277 ιαην
886 4227 910 4276 8.
924 4220 1026 4289 Ἴδετε,
1043 4227 1128 4288 foere,
1147 4221 1187 4281 ὅτι
1203 4231 1231 4278 ιι.

255 4296 326 4358 υαλρο
338 4298 472 4345 distinctum
486 4300 519 4345 ατί
533 4292 681 4360 meumst,
695 4294 820 4361 φανερῶς.
886 4291 911 4343 9.
929 4290 1048 4360 φαγόντι,
1067 4296 1111 4348 καὶ
1132 4293 1227 4355 πιόντι,
1246 4291 1291 4346 καί
1307 4310 1369 4358 καμ.
1388 4295 1416 4345 Β.

256 4361 310 4416 Καὶ
326 4361 407 4416 τοῦτο.
888 4360 926 4411 10.
946 4365 1040 4426 Campe
1056 4379 1085 4413 απ
1101 4367 1129 4414 Β.
1147 4361 1175 4416 τδ
1195 4361 1220 4416 ἐν
1238 4360 1363 4428 μνημείῳ.

290 4434 314 4483 5.
331 4429 452 4495 παρθένον
462 4427 547 4496 φέρειν
562 4446 585 4495 γ.
601 4425 636 4494 μή
648 4430 771 4483 τεκοῦσαν
791 4432 819 4480 Β.
889 4429 926 4478 11.
944 4429 1032 4483 τευθὲν
1049 4433 1085 4481 ιδ.
1104 4435 1179 4493 princ.
1215 4433 1274 4481 Vera
1298 4433 1418 4491 εαίρίιιτα

290 4498 314 4553 6.
336 4502 429 4561 θοττδςε
445 4493 611 4564 δοιδτκαειτὶς
626 4512 656 4548 ετ
674 4501 701 4548 Β.
853 4499 878 4547 ια
900 4502 1006 4561 momine
1025 4503 1125 4562 exempli
1149 4502 1278 4552 δολιοίίέσαι·
1301 4503 1417 4549 annotata
