3096 5070
242 257 303 322 476
664 271 788 324 emm-1
803 272 974 324 εεινιιιιεει

243 381 362 472 ἀνδρῶν
378 387 535 454 ίπιτοαυτά
553 384 643 468 εἶναι,
673 386 741 454 οὔτε
762 387 824 456 ἀπό
840 393 966 466 παλαιάς
988 393 1149 472 συνηθείας
1165 394 1224 456 τῶν
1241 388 1328 469 φάσει
1345 411 1396 456 συ-

242 495 350 575 ζυγιοῖν
366 491 551 574 κεκτημένων
566 487 584 557 δ
601 495 716 567 δίκαιος
741 488 829 576 δρίζει
848 489 950 577 λόγος,
982 490 1053 557 ἀλλά
1078 489 1153 576 ἀνήρ
1179 490 1280 577 αγυνή
1300 495 1399 560 ἐπιτο-

243 589 318 657 αυτδ
334 593 385 658 ἕνα
403 593 479 678 πρδς
494 592 547 676 τήν
563 597 649 675 μίαν,
672 589 714 669 άς
728 590 821 675 Ἀδάμ
839 593 915 679 πρδς
929 591 984 676 τήν
1002 592 1105 673 Εὕαν,
1137 591 1179 671 οἱς
1200 592 1306 678 Σάρρα
1319 593 1399 680 πρός

242 691 294 759 τόν
307 689 441 778 Ἀβραάμ
455 691 544 778 εἶχεν,
567 692 608 772 τός
622 693 759 778 Ῥεβέκκα
772 702 814 784 τῷ
825 694 929 762 ’ίσαάκ
944 703 1083 780 συνῆπτο.
1127 700 1170 761 Et
1181 696 1239 783 γάρ
1256 701 1305 762 καί
1320 724 1399 774 τινες

241 801 302 862 τείν
320 798 454 882 πατέρων
470 797 524 865 δάο
550 800 600 863 καλ
617 806 695 882 τρεῖς
710 807 852 883 γυναῖκας
869 796 1041 881 ἐσχήκασιν,
1073 799 1131 864 οάκ
1149 802 1181 865 ἐν
1198 806 1252 887 μιᾷ
1267 802 1348 888 οίιιίρι
1365 803 1401 865 αδ

242 907 379 982 γυναῖκες
399 894 482 982 ήοαν.
529 904 650 984 Χοίραν
672 898 729 985 γάρ
757 897 791 966 τά
817 908 950 966 τοιοῦτον
973 898 1068 981 εἶδος,
1097 904 1150 967 καλ
1169 908 1285 985 κτηνῶν
1302 899 1396 984 ήτοι-

242 999 316 1083 αάτη
332 999 488 1083 συνάφεια.
536 995 626 1069 Οδτοι
643 1003 674 1068 δέ
691 1010 800 1084 μᾶλλον
816 1005 859 1079 είς
872 1005 1008 1086 ἔκπληξιν
1027 1001 1104 1087 ήμάς
1122 1003 1321 1090 ἀναγκάζουσι
1340 1006 1397 1085 φέ-

241 1127 321 1189 ρειν,
343 1105 594 1189 ἐπαγγελλομένων
612 1102 709 1170 αὐτῶν
726 1103 802 1189 πρός
818 1113 960 1190 γυναῖκας
978 1104 1142 1186 συνάφειαν
1158 1105 1199 1189 μή
1214 1109 1312 1190 ἐχειν,
1325 1108 1397 1174 τοά-

243 1209 362 1272 ναντίον
377 1214 487 1289 μᾶλλον
508 1205 562 1290 τήν
576 1206 680 1291 χλεύην
696 1205 940 1292 ἀπεργαζόμενοι,
970 1210 1021 1274 καλ
1035 1206 1089 1291 τήν
1112 1213 1220 1274 τελείαν
1235 1208 1334 1275 αάτοῖν
1352 1212 1397 1275 ἐν·

243 1307 426 1391 δεικνύμενοι
441 1308 589 1392 αἰσχύνην.
634 1312 677 1373 Et
691 1308 747 1396 γάρ
762 1311 814 1374 καλ
826 1308 954 1395 γαμετάς
969 1307 1046 1394 εἶχον
1065 1313 1097 1376 οί
1109 1317 1254 1391 τοιοῦτοι,
1285 1310 1398 1396 σπορά-

242 1403 316 1494 δην,
345 1408 402 1478 οάκ
419 1412 528 1494 ἀναμίξ
542 1409 651 1487 ταάτας
668 1409 797 1494 ὄφειλον
814 1418 985 1495 κεκτῆσθαι.
1029 1415 1072 1476 Et
1086 1413 1119 1478 δέ
1135 1417 1186 1478 καί
1202 1416 1274 1479 εἰσιν
1291 1416 1323 1479 ἐν
1343 1435 1396 1479 συ-

241 1517 342 1602 ζυγίρι,
373 1511 429 1581 οάκ
448 1518 506 1580 ἐδει
528 1511 639 1591 αάτοάς
661 1512 695 1580 τδ
720 1516 753 1580 ἐκ
777 1518 854 1581 θεοῦ
879 1515 1088 1597 καταδειχθὲν,
1111 1513 1222 1599 ἀνδρός
1243 1515 1320 1600 πρός
1342 1545 1396 1603 γυ·

101 1658 153 1703 μς,
165 1648 223 1694 ηας,
243 1624 331 1681 νειλεια
353 1614 533 1697 συνάφειαι,
565 1614 637 1698 μετά
661 1614 881 1700 εὐσχημοσύνης
896 1619 947 1682 καλ
968 1615 1144 1701 σεμνότητος
1160 1620 1211 1683 καλ
1233 1617 1398 1703 ἐπιστήμης

241 1719 292 1786 ιιειλ
308 1720 339 1796 ἐξ
355 1721 431 1796 ἐδίας
449 1721 633 1805 ἐλευθερίας,
662 1720 711 1785 inl
731 1717 764 1785 τό
782 1721 872 1803 μέσον
888 1721 1033 1805 φέροντας
1050 1716 1197 1804 φαράσαι.
1226 1724 1284 1787 ‚Et
1297 1721 1329 1787 δὲ
1343 1723 1396 1788 καλ

241 1819 405 1904 ἀπέσχοντο
428 1828 577 1906 γυναικῶν
596 1824 629 1888 ἐν
646 1819 746 1910 άγνείρι
763 1821 839 1898 τινδς
858 1819 941 1898 ὄντες
959 1824 1010 1887 καλ
1030 1824 1062 1887 ἐν
1078 1824 1248 1910 ἐγκρατείμ,
1279 1821 1395 1910 ἐξόβρι·

240 1943 297 1989 σεεν
311 1921 344 1989 τό
364 1927 494 2002 δίκαιον,
524 1921 574 1990 διά
592 1931 645 2006 τῆς
662 1923 803 2006 ἀνοησίας
821 1925 873 1989 καλ
894 1921 927 1988 τό
945 1931 998 2006 τῆς
1013 1920 1120 2007 ἀρετῆς
1135 1929 1315 2007 πολίτευμα,
1345 1925 1395 1992 διά

240 2032 294 2110 τῆς
313 2027 346 2092 ἐν
362 2024 522 2116 ἀφροσύνη
545 2025 691 2106 ἀφειδοῠς
715 2028 867 2112 ἐργασίας,
897 2022 936 2092 τά
959 2032 1019 2092 τῶν
1043 2023 1215 2093 ἀποστόλων
1236 2033 1325 2093 τοῦτο
1345 2053 1394 2094 πε·

240 2126 412 2215 ετραγάταν,
443 2126 481 2194 οά
501 2135 561 2194 τῶν
581 2126 640 2214 πρδ
667 2135 727 2194 τῶν
756 2125 928 2195 ἀποστόλων
956 2135 1121 2213 προφητῶν
1141 2136 1231 2195 τοῦτο,
1259 2134 1392 2209 διαταξα-

105 2350 172 2421 m.
191 2351 224 2408 ff·
326 2339 464 2418 Μνϋεῆε
484 2339 559 2420 νῦν
576 2336 608 2399 ἓν
628 2340 664 2422 τί
683 2332 783 2422 ἔειλεν
807 2328 964 2416 ἅναλιβδν
987 2332 1041 2417 «δν
1061 2331 1244 2421 &mmm
1264 2330 1327 2422 δίο
1348 2337 1389 2420 τό

240 2441 304 2526 θοᾷ
322 2431 420 2526 ᾆσμα,
448 2431 584 2502 άντλθελν
604 2433 664 2502 άπδ
688 2433 856 2518 θαλάσσης,
888 2434 1030 2516 φάσκειν,
1052 2435 1200 2520 ’Ἀισωμεν
1223 2441 1263 2524 τῇ
1283 2438 1387 2522 κυρίην,

239 2535 368 2617 δνδδξις
387 2537 443 2625 γάρ
460 2537 647 2618 δεδόξασται,
677 2541 771 2604 λ’ππον
792 2540 841 2604 καλ
858 2535 1010 2621 ἀναβάτην
1028 2539 1151 2623 ἔρριψεν
1167 2539 1208 2614 είς
1226 2535 1389 2602 θάλασσαν.

238 2637 333 2725 ‘om
347 2640 380 2707 δέ
394 2640 570 2720 ἐπεφάνουν
586 2639 666 2730 αὐτῷ
682 2644 715 2706 οδ
728 2639 848 2725 ἀνδρες,
870 2643 922 2706 καλ
941 2639 1077 2721 οὐδαμοῦ
1094 2648 1241 2726 γυναῖκες·
1269 2641 1321 2704 ἵνα
1337 2635 1392 2721 τήν

240 2740 381 2810 εὔτακτον
396 2747 476 2834 δείξη
497 2741 650 2821 διάθεσιν,
681 2746 731 2808 ἵνα
751 2740 784 2809 τδ
805 2741 912 2824 σεμνάν
925 2749 978 2825 τῆς
1002 2741 1136 2818 εὐταξίας
1155 2748 1210 2809 τοῦ
1229 2739 1325 2824 νόμου
1340 2745 1395 2806 τοῦ

240 2853 317 2913 θεοῦ
329 2845 451 2935 κηράξη.
495 2843 572 2910 Είτα
586 2845 737 2927 μετέπειτά
751 2867 834 2928 φησι,
859 2846 919 2908 Καλ
935 2847 1067 2926 λαβοῦσα
1084 2844 1215 2929 Μαριάμ
1230 2841 1263 2910 τδ
1279 2840 1394 2926 κάμπτε-

240 2975 294 3015 νον
308 2940 378 3032 ήρχε
393 2955 453 3012 τῶν
469 2955 632 3033 γυναικοῖν,
653 2950 705 3012 καλ
720 2950 830 3033 ἔλεγεν,
845 2944 993 3027 ’Ἁισωμεν
1004 2951 1045 3033 τῷ
1059 2951 1168 3036 κυρίφ,
1192 2945 1318 3024 ἐνδόξως
1337 2942 1394 3031 γάρ

240 3048 419 3128 δεδόξασται.
456 3052 515 3114 Καλ
530 3059 667 3136 γυναῖκες
685 3046 762 3133 όμοῦ
779 3046 956 3129 ἐπεφώνουν
971 3055 1007 3138 τή
1022 3044 1182 3137 δμοτρόπφ
1198 3050 1249 3114 καί
1264 3045 1324 3113 ἀπδ
1341 3053 1396 3112 τοῦ

241 3151 337 3219 κάτοῦ
352 3154 456 3238 γένους
472 3148 663 3242 δπαργοάση,
691 3154 742 3217 καλ
760 3154 793 3216 ἐν
809 3177 864 3216 τινι
884 3149 1075 3240 προαγοάση,
1105 3148 1155 3216 διά
1170 3148 1225 3233 τήν
1240 3148 1395 3231 ἀνεπιστή-

241 3280 319 3337 μονα
339 3257 391 3320 καλ
412 3252 467 3336 τήν
486 3254 663 3340 συρφετάδη
685 3251 820 3320 διάνοιαν
840 3256 898 3318 τῶν
920 3250 1027 3333 ἀναμλξ
1049 3254 1250 3338 ἐργαζομένων
1272 3253 1396 3337 ἑτεροδι-

240 3361 406 3433 δασκαλίας.
452 3359 529 3442 Περλ
551 3358 583 3421 δὲ
598 3364 651 3439 τῆς
669 3354 858 3432 ἀναστάσεάς
876 3376 949 3437 φησι
966 3352 984 3421 δ
1000 3355 1173 3441 προφήτης,
1206 3355 1265 3418 Καί
1281 3352 1396 3433 κόψον-

239 3486 288 3526 ται
303 3456 379 3525 κατά
394 3458 506 3542 φυλήν,
536 3457 616 3541 φυλή
630 3460 783 3524 κατέναντι
798 3464 908 3540 φυλῆς·
940 3455 1021 3539 φυλή
1041 3463 1094 3522 τοῦ
1112 3455 1225 3523 Νάθαν
1241 3452 1312 3521 καθ’
1325 3456 1395 3521 ἐαυ·

240 3561 310 3646 τήν,
339 3565 391 3627 καλ
407 3565 441 3626 αί
455 3569 591 3647 γυναῖκες
609 3560 710 3626 αάτκν
724 3556 796 3624 καθ’
810 3556 930 3635 ἑαυτάς·
960 3558 1040 3641 φυλή
1054 3566 1108 3624 τοῦ
1124 3555 1227 3624 Ἰοόδα
1242 3554 1314 3622 καθ’
1328 3559 1396 3622 ἐαυ-

241 3663 310 3748 τήν,
331 3666 381 3728 καλ
397 3666 431 3729 αί
443 3672 581 3749 γυναῖκες
597 3662 697 3729 αὐτῶν
713 3659 784 3728 καθ’
800 3660 921 3739 ἑαυτάς,
953 3663 1004 3727 καλ
1022 3660 1057 3727 τά
1074 3663 1149 3743 ἑξῆς.
1196 3659 1281 3725 Οὕτω
1299 3661 1351 3725 καλ
1366 3662 1399 3725 οδ

242 3766 403 3833 ἀπόστολοι
427 3765 619 3832 διατάσσουσι
640 3774 677 3857 τῇ
699 3768 848 3852 ἐκκλησίᾳ·
880 3762 959 3829 οὕτω
981 3765 1032 3828 καλ
1057 3761 1074 3828 δ
1095 3761 1198 3848 κάρτος
1216 3763 1346 3839 διέταξεν
1363 3764 1397 3828 ἐν

241 3875 281 3959 τῷ
307 3869 481 3957 εὐαγγελίῳ,
511 3866 571 3933 ἀπό
597 3875 669 3951 μιᾶς
691 3865 725 3934 τδ
749 3864 916 3951 δπόδειγμα
937 3864 1010 3949 ήμῐν
1036 3864 1205 3949 κηρότταν,
1236 3861 1336 3946 φήσας
1358 3870 1396 3952 τῇ

247 3973 356 4056 1μητρλ
373 3967 482 4050 αότοῦ,
512 3968 569 4052 Μή
584 3996 643 4052 μου
660 3968 771 4035 ἀπτου·
802 3966 887 4034 οάπεε
909 3965 966 4054 γάρ
991 3966 1161 4052 ἀναβέβηκα
1182 3965 1259 4050 πρός
1270 3965 1322 4031 τάν
1337 3991 1395 4030 πα-

241 4074 318 4158 τέρα.
366 4071 470 4149 Οὕτως
491 4070 509 4139 δ
531 4075 623 4151 Γιεζελ
641 4073 825 4158 προςέρχεται
850 4079 886 4162 'fi
906 4075 1117 4154 Σουμανίτιδι,
1149 4066 1396 4152 ’ἀπωθούμενος

241 4173 364 4257 ταότην·
395 4177 445 4241 ἵνα
470 4172 512 4257 μή
533 4170 666 4265 ἀφανίση
688 4172 721 4239 τδ
739 4171 850 4259 τάγμα,
880 4176 932 4239 ἵνα
953 4173 994 4257 μή
1015 4172 1122 4263 ἀβρίση
1137 4171 1189 4239 τόν
1206 4169 1321 4254 θεσμόν
1335 4175 1396 4236 τῶν

242 4284 412 4362 προφητῶν.
469 4275 502 4341 Ὁ
527 4278 558 4343 δέ
581 4274 739 4364 προφήτης
763 4275 909 4358 πνεάματι
933 4273 1007 4365 άγίφ
1034 4275 1198 4362 φερόμενος
1222 4272 1396 4339 κατάδυνον

274 4452 298 4501 2.
324 4452 365 4501 Sic
388 4454 470 4502 λασειει
492 4455 554 4502 libri.
587 4455 698 4503 Ρειαυίαε
722 4453 796 4502 voluit
829 4448 891 4515 μίαν.
929 4453 989 4500 mm
1004 4451 1188 4512 δείεειδαρλαεεε
1201 4450 1311 4499 videntur
1324 4449 1397 4498 υετδει

242 4513 305 4588 ἀνὴρ
320 4517 365 4572 καὶ
384 4516 445 4587 γυνή
465 4516 595 4575 ἐπιτοαυτδ
614 4516 651 4581 τίς
666 4515 729 4585 πρδς
748 4515 794 4585 τήν
828 4511 893 4586 ἀνήρ
910 4515 988 4588 γυνὴ,
1004 4525 1082 4583 utpote
1099 4521 1129 4570 δε
1145 4522 1253 4582 ’nemine
1269 4520 1368 4569 ιαυεεια
