3096 5070
296 268 358 330 446
720 280 840 333 οισατι
857 283 1027 334 τεισκικιι

296 403 372 460 θεοῦ
384 398 571 469 διδασκαλίας
585 421 616 460 τι
627 398 677 460 καί
691 396 852 479 δυνάμεως,
869 406 922 480 τῆς
934 397 976 475 τάς
986 397 1132 484 στύρακος
1145 399 1295 482 πνεούσης
1306 400 1455 484 εύοδμίαν

296 500 327 562 έν
343 496 459 585 κόσμῳ,
491 496 535 562 ἐπ’
557 497 647 588 άρετή
662 501 715 564 καί
731 495 825 585 άγίων
840 505 955 565 παίδων
970 510 1024 584 τῆς
1038 507 1220 586 παρθενίας,
1252 501 1312 569 άπδ
1330 509 1457 590 Μαρίας

296 597 460 684 άρξαμένης
477 608 530 682 τῆς
546 596 644 686 άγίας,
672 600 721 666 διά
743 608 797 666 τοῦ
819 605 848 680 ἐξ
870 600 963 686 αύτής
977 612 1043 685 φιδς
1060 612 1102 692 τῷ
1118 604 1221 694 κόσμῳ
1238 604 1455 688 άνατείλαντος,

295 704 501 787 διελέγξαντες,
532 705 584 767 καί
606 700 658 767 τάν
679 701 775 768 κακύν
804 704 850 769 ίύν
875 713 927 787 τῆς
955 706 1143 791 έρπετεύδους
1166 713 1331 794 μοχθηρίας
1354 708 1457 776 αύτῶν

295 807 498 882 ἐπιδείξαντες,
524 807 572 870 ἐπὶ
584 802 638 880 τάς
655 807 756 892 ἕτίρας
771 805 859 871 πάλιν
870 811 1047 891 βαδίσωμεν,
1071 812 1113 886 εἰς
1127 815 1271 877 τελείωσιν
1286 818 1339 893 τῆς
1354 809 1456 894 πάσης

295 909 327 972 έν
347 914 410 996 θεῷ
432 911 637 992 πραγματείας.

543 1243 682 1311 ΚΑΤΑ
721 1243 1200 1330 ΚΟᾹΑΥΡΙΔΙΑΝΩΝ,

292 1363 357 1431 τῶν
372 1364 416 1454 πή
437 1361 549 1457 Μαρίᾳ
570 1355 823 1456 προςφερύντων,
851 1357 1058 1453 πεντηκοστὴ
1082 1357 1200 1454 ἐνάτη,
1227 1357 1248 1454 ή
1269 1363 1329 1434 καὶ
1349 1365 1454 1436 ἑπτα.-

749 1477 854 1572 κοοτή
880 1475 991 1571 ἐνάτη.

156 1633 224 1703 len.
244 1634 276 1687 d.
377 1622 463 1707 Ἑξῆς
480 1626 512 1690 δὲ
527 1618 624 1714 ταύτηΙ
637 1629 678 1701 είς
694 1625 799 1708 φήμην
814 1628 947 1708 πέφηνεν
962 1630 1086 1711 αἵρεσις,
1108 1629 1176 1710 περί
1193 1619 1227 1709 ής
1242 1626 1301 1710 ήδη
1320 1625 1452 1712 ύπεμνή-

292 1748 383 1809 σαμεν
397 1727 486 1815 ὀλίγῳ
504 1730 535 1792 έν
551 1736 587 1816 τή
609 1726 691 1812 1πρδ
706 1728 829 1810 ταύτης,
862 1728 912 1792 διά
928 1735 980 1811 τής
997 1732 1038 1804 είς
1049 1728 1194 1811 Ἀραβίαν
1208 1735 1373 1814 γραφείσης
1388 1734 1451 1798 ε’πι·

292 1837 413 1912 στολῆς,
444 1837 495 1910 τῆς
511 1831 579 1912 περὶ
596 1838 649 1912 τής
666 1835 790 1915 Μαρίας
806 1828 936 1913 ἐχούσης.
982 1832 1042 1894 Καὶ
1058 1829 1135 1912 αιίτή
1153 1832 1185 1896 δέ
1200 1828 1220 1913 ή
1234 1813 1347 1917 δῗρεσις
1363 1832 1453 1900 πάλιν

294 1934 325 1998 έν
341 1939 375 2021 τή
390 1931 517 2019 Ἀραβίᾳ
536 1929 595 1997 α’πδ
611 1940 664 2015 τῆς
682 1932 802 2020 Θρᾴκης
820 1935 869 1997 καί
885 1940 946 1997 τῶν
962 1930 1025 1998 άνω
1043 1941 1141 2016 μεροῖν
1161 1941 1214 2015 τῆς
1232 1941 1373 2013 Σκυθίας
1386 1934 1451 2001 σίνε·

292 2039 412 2117 δείχθη,
441 2037 491 2098 καί
514 2037 556 2111 είς
578 2032 664 2116 ήμῶν
683 2033 776 2111 άκοάς
793 2035 959 2117 ἀνηνέχθη·
988 2034 1053 2117 ήτις
1071 2038 1129 2101 ἐστὶ
1147 2039 1198 2101 καὶ
1217 2035 1319 2120 2αύτή
1336 2046 1450 2124 γελοῖος

292 2140 342 2202 καί
358 2137 463 2220 χλεύης
477 2139 608 2220 ἔμπλεως
626 2135 707 2222 παρά
723 2146 787 2213 τοῖς
803 2146 936 2213 συνετοῑς
951 2133 1152 2221 εύρισκομένη.
1197 2136 1362 2225 ’Λρξάμεθα
1377 2142 1445 2224 περί

292 2239 386 2322 νύτής
402 2239 542 2322 φωράσαι
563 2242 613 2305 καί
634 2239 669 2303 τά
692 2237 753 2305 κατ’
769 2238 863 2321 αύτήν
884 2238 1091 2324 διηγήσασθαι
1135 2238 1292 2324 Εύηθείας
1305 2239 1360 2326 γάρ
1372 2247 1441 2321 μᾶλ-

291 2350 343 2408 λον
361 2342 552 2427 κριθήσεται,
583 2339 657 2427 ήπερ
673 2343 817 2418 συνέσεως
832 2340 923 2423 αὕτη,
947 2342 1051 2418 καθάς
1067 2345 1118 2408 καί
1136 2341 1217 2410 ύλλαι
1235 2341 1332 2427 δμοῖαι
1349 2339 1438 2429 ταύτη

291 2438 374 2527 ήσαν.
416 2442 469 2521 Ὡς
490 2443 547 2530 γάρ
570 2441 634 2510 άνω
658 2442 733 2509 πολύ
756 2444 807 2510 διά
830 2453 882 2527 τῆς
903 2443 980 2529 πρδς
994 2449 1120 2529 Μαρίαν
1136 2445 1291 2532 ύβρεαςσί
1303 2441 1440 2520 δόξαντες

291 2556 382 2612 ταῦτα
405 2545 548 2613 ύπονοεῖν
574 2544 718 2630 βλαβεράς
744 2544 889 2622 ύπονοίας
914 2553 1066 2632 σπείρουσι
1090 2556 1236 2634 λογισμοῖς
1257 2543 1442 2630 άνθρύπων,

156 2671 208 2717 Η·
221 2659 277 2705 ¹0⁵2
292 2650 371 2717 ούτω
389 2654 437 2716 καὶ
454 2642 538 2715 ούτοι
555 2651 604 2715 ἐπί
620 2647 652 2715 τδ
670 2652 769 2728 ἕτερον
783 2653 871 2736 μέρος
883 2655 1030 2726 κλίναντες
1045 2653 1077 2716 έν
1093 2649 1229 2736 άκρύτητι
1244 2649 1356 2734 βλάβης
1374 2659 1445 2712 8κα-

292 2752 540 2834 ταλαμβάνονται·
575 2752 658 2828 ὅπως
679 2750 800 2818 κάκεῖνο
825 2750 858 2817 τδ
880 2751 961 2836 παρά
984 2776 1042 2817 τισι
1065 2761 1124 2818 τῶν
1143 2756 1254 2832 ἔξωθεν
1272 2751 1447 2834 φιλοσόφων

292 2853 441 2946 μ’δάμενον
455 2857 505 2919 καί
525 2858 557 2921 ἐν
572 2853 674 2931 αύτοῖς
689 2853 916 2937 πληρωθήσεται
931 2857 963 2919 έν
978 2860 1020 2943 τῷ
1037 2857 1148 2939 λέγειν,
1180 2853 1367 2942 4κἰιρότητες
1384 2852 1446 2917 ίσύ-

291 2983 381 3041 τητες.
416 2956 481 3039 Ἴση
496 2955 551 3042 γάρ
568 2954 614 3022 ἐπ’
635 2955 814 3042 άμφοτέραις
832 2956 953 3032 ταύταις
967 2966 1030 3032 ταῖς
1048 2960 1195 3040 αἱρέσεσιν
1211 2958 1232 3042 ή
1247 2958 1360 3041 βλάβη,
1389 2962 1448 3020 τοῖν

291 3062 344 3144 μέν
360 3058 616 3138 κατεντελιζύντονν
631 3058 685 3143 τήν
707 3057 793 3145 άγίαν
810 3060 980 3143 παρθένον,
1010 3067 1070 3125 τῶν
1085 3062 1117 3127 δέ
1134 3059 1223 3125 πάλιν
1235 3057 1313 3142 ύπίρ
1330 3059 1363 3125 τύ
1379 3060 1448 3123 δέον

194 3194 197 3199 ·
290 3160 480 3241 δοξαζύντων.
528 3155 620 3228 Οὗτοι
635 3161 690 3247 γάρ
706 3165 738 3227 σι’
748 3169 835 3228 τοῦτο
853 3159 1039 3238 διδάσκοντες
1053 3169 1129 3239 τίνες
1140 3163 1212 3243 εἰσί,
1233 3159 1293 3227 ἄλλ’
1310 3160 1331 3244 ή
1346 3167 1449 3247 γυναῖ-

290 3291 355 3343 κες;
400 3271 557 3330 Γυναικῶν
572 3263 629 3350 γάρ
646 3263 678 3330 τά
696 3267 780 3349 γένος
800 3262 972 3343 εύόλισθον,
1002 3264 1149 3351 σφαλερδν
1168 3265 1224 3330 ιδέ
1240 3267 1289 3330 καί
1305 3260 1449 3329 ταπεινὸν

291 3373 331 3456 τῷ
350 3365 528 3451 φρονήματι.
574 3369 635 3432 Καὶ
659 3365 731 3432 αύτδ
755 3365 811 3452 γάρ
828 3370 927 3444 έδοξεν
948 3365 1009 3433 άπδ
1032 3375 1182 3453 γυναικοῖν
1200 3364 1218 3432 δ
1234 3367 1372 3450 διάβολος
1386 3368 1448 3442 ίξε·

292 3481 370 3554 μεῖν·
403 3467 444 3545 τάς
460 3472 508 3534 καί
529 3468 591 3534 άνω
610 3468 691 3553 παρά
709 3474 867 3559 Κυϊντίλλη
883 3471 934 3534 καί
954 3475 1123 3560 Μαξιμίλλη
1141 3471 1190 3534 καί
1213 3475 1375 3557 Πρισκίλλη
1393 3492 1448 3532 πε-

290 3575 442 3659 ριγέλαστα
464 3571 501 3636 τά
526 3571 706 3657 διδάγματα,
740 3571 820 3637 ούτω
844 3574 895 3637 καὶ
920 3575 1059 3638 ἐνταῦθα.
1117 3574 1200 3649 Τινὲς
1223 3572 1279 3657 γάρ
1307 3580 1450 3657 γυναῖκες

293 3673 460 3761 6κούρικύν
485 3702 549 3739 τινα
573 3683 751 3756 κοσμοῦσαι,
784 3672 848 3756 ήτοι
865 3678 974 3758 δίφρον
991 3674 1189 3761 τετράγωνον,
1209 3671 1382 3739 άττλύσασαι
1398 3670 1447 3737 ἐπ’

289 3778 384 3844 αύτύν
400 3776 517 3860 σ’θύνην
532 3781 565 3843 ἐν
580 3775 675 3865 ήμέρμ
689 3780 744 3842 τινί
760 3784 877 3866 φανερᾷ
891 3786 945 3842 τοῦ
961 3780 1056 3856 ἔτους,
1079 3781 1111 3843 έν
1127 3775 1250 3862 ήμίραις
1265 3777 1342 3840 τισίν
1353 3772 1450 3860 άρτσν

290 3883 480 3964 προτιθέασι,
508 3884 559 3945 καὶ
582 3878 783 3963 α’ναφέρονσιν
809 3882 851 3954 εἰς
874 3877 969 3960 ὄνομα
989 3889 1041 3964 τῆς
1060 3885 1193 3963 Μαρίας.
1237 3883 1281 3944 Αἱ
1299 3885 1391 3944 παίσαι
1411 3880 1448 3945 δὲ

290 3981 350 4048 άπδ
366 3991 420 4049 τοῦ
436 3981 528 4068 άρτου
543 3980 829 4064 μεταλαμβάνουσιν,
853 3979 894 4057 ὥς
909 3985 940 4048 ἐν
957 3982 1033 4072 αὐτή
1049 3991 1086 4073 τῇ
1100 3987 1142 4058 εἰς
1157 3982 1211 4064 τήν
1226 3980 1365 4065 Ἀραβίαν
1380 3982 1448 4046 έπι·

290 4094 377 4175 στολῇ
392 4087 555 4171 γράφοντες
579 4088 611 4150 ἐκ
632 4088 740 4169 μέρους
753 4087 821 4169 περὶ
838 4087 947 4150 τούτου
965 4087 1162 4169 διελέχθημεν.
1207 4091 1276 4148 Νῦν
1291 4083 1322 4147 δέ
1337 4091 1448 4162 σαφῶς

325 4260 383 4310 (λιν.
401 4262 418 4309 1.
436 4289 469 4298 -
508 4263 526 4311 1.
545 4263 626 4322 Supra
644 4262 708 4309 ίιοιε.
719 4259 761 4322 78,
774 4256 814 4309 23.
883 4275 936 4309 mm
953 4269 1049 4325 partem
1070 4259 1219 4310 inclinantes
1234 4256 1259 4305 in
1282 4271 1377 4304 summo
1394 4253 1448 4306 de-

322 4329 345 4379 2
365 4330 430 4377 Libri
445 4331 516 4391 υυίρο
530 4320 605 4392 αὕτη,
623 4330 685 4390 quod
702 4330 784 4376 οίίίιιπι
800 4329 849 4376 {mn
882 4325 1000 4378 trimento
1016 4326 1243 4395 deprehenduntnr.
1274 4322 1447 4392 καταλαμβά-

289 4400 388 4447 conenit
404 4399 531 4446 Carnarius
545 4401 570 4446 ι’νι
585 4399 688 4446 versione
704 4397 796 4445 Latina.
881 4411 962 4453 νοντες
985 4399 1037 4447 cod.
1054 4399 1100 4447 λιιι.
1122 4403 1143 4446 τί
1163 4398 1218 4446 edili
1236 4395 1295 4442 libri.
1330 4395 1447 4446 καταλα-

324 4464 347 4516 3.
356 4462 588 4532 καταλαμβάνονται
597 4465 680 4527 κατίμεν·
692 4465 847 4514 κονίαισιν·
882 4457 968 4529 βάντες
981 4467 1049 4514 codd.
1063 4466 1159 4523 λλλτδὶρ.
1174 4469 1195 4512 ιλ
1214 4464 1290 4513 Paris.

289 4535 382 4584 κατίστα
390 4569 398 4594 ,
414 4535 454 4594 qni
468 4534 536 4582 νιτίίί
550 4531 586 4581 nic
601 4529 676 4581 etium
691 4529 717 4580 hi
733 4527 765 4580 nd
781 4528 847 4580 αλια·
915 4536 938 4581 ⁴.
957 4527 1098 4596 ἀκρότητες
1112 4536 1241 4582 Carnarius
1254 4534 1307 4594 (qni
1322 4529 1445 4579 Extremi-
