3096 5070
288 285 350 347 572
710 298 833 350 ειεεσει
850 299 1017 350 nummu

289 421 578 501 προκαταγγελτικῶς
593 415 646 498 μέν
662 414 699 481 τό
713 418 781 500 περί
796 414 891 480 αὐτοῦ
910 417 941 480 έν
959 423 1024 490 ταῖς
1037 418 1137 490 θείαις
1156 423 1285 499 γραφαῖς
1302 416 1449 501 εἰρημένα
1531 451 1533 455 ·

288 519 420 600 Ιχσντος,
452 517 494 601 μή
509 516 595 595 όντος
612 519 659 596 δέ,
689 513 746 582 ἄλλ’
767 515 826 583 ύπό
844 522 967 601 Μαρίας
983 518 1034 581 καί
1052 521 1140 600 δεῦρο
1156 514 1207 581 διό
1222 524 1274 600 τῆς
1294 516 1448 604 ἐνσόρκου

290 624 464 705 παρουσίας.

373 730 548 806 Μανιχαῖοι,
572 725 623 788 κοιλ
637 719 840 803 Ἀκουανῖται,
863 724 894 787 οἱ
906 729 959 787 τοῦ
979 728 1073 804 Μανή
1090 723 1225 804 μαθηταί
1239 729 1293 788 τού
1309 724 1446 808 Πέρσου,

289 823 420 910 Χριστόν
434 823 558 908 σχήματι
575 827 719 911 λέγοντες,
749 822 834 907 ἥλιόν
850 831 924 889 Ητε
939 826 1074 906 σέβοντες
1085 825 1137 889 καλ
1154 824 1291 906 σελήνην,
1321 823 1447 912 όστρσις

286 951 316 991 τε
331 928 383 991 καί
401 926 541 1008 δυνόμεσι
555 929 607 991 καί
621 930 756 1010 δαίμοσιν
771 923 936 1010 εύχόμενοι,
960 924 1052 1010 ιἰρχός
1070 925 1126 991 δύο
1145 925 1363 1012 είςηγούμενοι,
1384 953 1447 994 πσ-

287 1028 381 1112 νηρόν
404 1038 438 1094 τί
453 1032 504 1095 καὶ
520 1027 654 1115 όγαθήν·
690 1027 820 1112 Χριστόν
846 1026 963 1111 δοκήσει
981 1031 1157 1110 πεφηνέναι,
1187 1031 1239 1093 κοιλ
1254 1028 1374 1112 δοκήσει
1389 1057 1447 1097 πε-

286 1134 447 1198 πονθέναι·
479 1129 606 1198 παλαιόν
622 1132 773 1214 διαθήκην
791 1136 1051 1214 βλασφημοῦντες,
1082 1133 1134 1196 καλ
1148 1125 1199 1197 τόν
1216 1133 1249 1197 ἐν
1262 1129 1336 1222 αύεή
1352 1134 1445 1216 λαλή-

287 1255 379 1299 σαντα
394 1232 483 1312 θεόν,
511 1233 624 1316 κόσμον
645 1235 677 1299 δέ
696 1231 733 1299 ού
752 1232 803 1299 τόν
827 1232 939 1312 πόντοι,
969 1230 1040 1297 ύλλό
1059 1234 1148 1318 μέρος
1169 1236 1200 1298 έκ
1222 1242 1297 1300 θεοῦ
1321 1243 1446 1321 γεγενῆ-

286 1345 360 1402 σθαι
381 1333 555 1420 όριζόμενοι.

159 1460 267 1517 mut.
368 1435 536 1523 Ἶερακῐται,
565 1441 597 1503 οἱ
617 1438 677 1504 ἆτιό
704 1435 839 1522 Ἱέρακος
860 1445 914 1503 τοῦ
935 1441 1171 1504 Λεοντοττολίτου
1192 1445 1246 1520 τῆς
1269 1439 1443 1525 Αἰγύπτου,

290 1548 324 1588 ⁶⁸
334 1542 476 1624 ἐξηγητοῦ
491 1567 583 1620 τινος,
606 1539 716 1624 σαρκός
735 1539 894 1606 ύνύσεασιν
908 1540 1097 1620 ἀθετοῦντες,
1118 1538 1263 1624 χρεόμενοι
1278 1542 1312 1607 δέ
1325 1550 1446 1632 παλαιᾷ

286 1645 336 1710 καλ
360 1645 413 1731 νέρ
431 1643 580 1732 διαθήκη,
611 1641 844 1729 ύπαγορεύοντες
860 1643 892 1708 δέ
905 1642 1002 1728 γόμον
1024 1649 1185 1721 παντελῶς,
1212 1642 1391 1724 μονόζοντας
1406 1646 1444 1711 δέ

285 1747 337 1811 καί
351 1746 521 1830 παρθένους
535 1749 587 1810 καὶ
603 1747 869 1830 ἐγκρατευομένους
885 1745 1050 1828 δεχόμενοι,
1073 1747 1124 1811 καί
1141 1745 1310 1830 Μχήρους,
1339 1749 1443 1832 λέγον-

285 1873 333 1924 τες
347 1845 383 1912 τό
403 1850 524 1930 μηδέπω
542 1851 574 1913 ἐν
592 1845 690 1936 ήλικίρ
711 1846 853 1934 γινόμενα
875 1851 989 1914 παιδία.
1037 1853 1235 1925 ὓ’Βασιλείας
1250 1849 1283 1914 δέ
1300 1848 1343 1934 μή
1360 1852 1442 1933 μετέ-

252 2020 268 2053 .
285 1974 346 2034 χειν
367 1952 466 2035 έλεγον
488 1949 559 2027 τούς
581 1948 622 2032 μή
644 1948 837 2033 ύθλήοαντας.
1291 1951 1293 1954 ’

372 2054 616 2133 θθΜελητιανολ,
646 2055 678 2118 οί
696 2055 727 2117 έν
744 2051 887 2140 Αἰγύπτῳ
912 2056 1015 2135 σχίσμα
1042 2052 1138 2132 ὄντες,
1169 2050 1228 2119 ἄλλ’
1249 2051 1302 2136 σύγ
1319 2056 1437 2140 αἵρεσις,

84 2190 103 2225 ι
286 2152 327 2237 μή
344 2153 552 2236 συνευξάμενοι
565 2164 627 2231 τοῖς
645 2157 677 2220 έν
692 2162 734 2244 τῷ
749 2159 869 2243 διωγμῷ
882 2154 1142 2239 παραπεπτωκόσι,
1162 2163 1218 2221 νῦν
1234 2157 1269 2222 δέ
1278 2154 1434 2241 Ἀριιανοῖς

284 2258 495 2339 συναφθέντες.

368 2356 528 2443 Ἀρειανοί,
558 2363 590 2425 οί
600 2362 652 2426 καί
668 2358 897 2443 Ἀρειομανῖται,
918 2362 950 2425 σί
961 2358 1013 2426 τόν
1028 2359 1097 2426 υίόν
1113 2367 1166 2427 τού
1183 2362 1370 2440 θεούπτίσμα
1381 2357 1424 2420 λέ-

229 2528 237 2544 ,
283 2486 399 2548 γοντες,
420 2464 471 2526 καὶ
487 2460 520 2527 τό
537 2470 653 2545 πνεῦμα
670 2461 703 2527 τό
722 2462 809 2549 όίγιον
824 2465 931 2544 κτίσμα
947 2466 1111 2543 κτίσματος.
1153 2461 1253 2548 Σύρια
1266 2457 1358 2543 μόνον
1372 2457 1426 2525 τόν

283 2571 400 2649 σωτῆρα
423 2563 550 2647 Χριστόν
573 2563 679 2630 Μιίττό
704 2570 828 2648 Μαρίας
853 2565 1003 2645 εἰληφέναι
1026 2562 1293 2651 διαβεβαιούμενοι,
1321 2564 1375 2628 καὶ
1391 2559 1430 2628 ού

284 2667 392 2750 ψυχήν.
429 2659 486 2732 Ἦν
509 2668 541 2732 δέ
564 2659 653 2742 οὗτος
675 2664 694 2732 ό
712 2665 832 2752 Ἀρειος
854 2666 1054 2751 πρεσβύτερος
1078 2673 1132 2749 τῆς
1154 2666 1358 2751 Ἀλεξανδρέων
1386 2666 1434 2730 ἐκ·

284 2773 411 2854 κλησίας.

369 2871 454 2954 Αύτη
470 2869 490 2954 ή
509 2878 561 2936 τοῦ
580 2871 717 2953 δευτέρου
740 2874 856 2954 βιβλίου
877 2878 932 2937 τοῦ
950 2873 1089 2956 δευτέρου
1109 2872 1218 2954 τόμου,
1251 2873 1384 2954 πέμπτου
1401 2870 1438 2934 δέ

283 2972 332 3040 ἄπ’
354 2972 445 3057 οἷρχής
465 2981 518 3056 τῆς
538 2970 720 3049 ύκολουθίας
740 2971 840 3054 όντος,
862 2971 1116 3054 όνακεφαλαίοισις
1137 2975 1278 3065 αίρίσεων
1300 2975 1391 3039 πέντε.

363 3077 417 3141 Ἐν
432 3077 463 3141 δὲ
477 3083 517 3163 τῷ
534 3074 642 3165 προύτρι
662 3076 742 3165 τόμφ
767 3082 820 3140 τοῦ
838 3079 938 3160 τρίτου
963 3080 1096 3160 βιβλίου,
1127 3077 1202 3163 ἐκτφ
1227 3076 1259 3139 δέ
1278 3073 1342 3140 όντι
1364 3069 1437 3139 καθ’

283 3179 319 3246 δν
339 3183 527 3263 προείπαμεν
548 3175 697 3262 ἇριθμόν,
730 3176 804 3242 έπτό
830 3179 904 3243 εἰσιν
932 3180 1068 3262 αἱρέσεις,
1100 3174 1156 3241 σύν
1181 3185 1244 3252 τοῖς
1271 3181 1436 3259 σχίσμασιν,

285 3280 394 3356 ούτοις·

370 3383 536 3462 Λύδιανολ,
568 3381 757 3465 ἄφηνιασμός
780 3384 831 3447 καί
855 3386 974 3465 σχίσμα,
997 3379 1043 3447 ὀύ
1064 3383 1163 3464 μέντοι
1182 3385 1301 3465 αἵρεσις.
1341 3371 1437 3447 Οὗτοι

284 3488 337 3570 μέν
354 3482 504 3571 διαγωγήν
522 3487 573 3550 καί
591 3490 658 3568 βίον
674 3477 707 3549 εὖ
723 3487 897 3569 τεταγμένον
921 3486 1088 3567 κέκτηνται,
1120 3486 1176 3549 είσλ
1194 3485 1226 3549 δέ
1241 3481 1317 3549 κατολ
1338 3482 1438 3548 πόντοι

283 3586 338 3671 τήν
358 3593 456 3654 πίστιν
479 3591 592 3671 έχοντες
618 3584 659 3662 οἱς
679 3583 699 3668 ή
718 3585 865 3669 καθολική
888 3588 1041 3669 ἐκκλησία,
1074 3590 1152 3652 θ’έν
1176 3587 1382 3671 μοναστηρίοις
1404 3587 1439 3651 δέ

283 3695 316 3758 οί
330 3696 448 3767 πλείους
460 3696 639 3756 κατοικοῦσι.
684 3691 848 3773 Κέχρηντδι
863 3690 896 3755 δέ
909 3690 960 3754 καὶ
977 3686 1166 3773 όποκρύφοις
1181 3696 1298 3763 πολλοῖς
1309 3687 1438 3755 κατακό-

284 3821 356 3880 ροις·
388 3793 425 3859 ού
444 3794 632 3876 συνεύχονται
655 3792 687 3856 δέ
709 3788 797 3875 ήμῑν,
828 3793 969 3876 ψέγοντες
991 3789 1061 3866 τούς
1078 3788 1147 3875 παρ’
1164 3787 1236 3874 ήμῖν
1252 3787 1438 3866 ἐπισκόπους

284 3901 444 3972 πλουσίους
466 3895 745 3971 Ηᾶποιιαλοόντες,
776 3895 828 3958 καί
849 3891 955 3970 ἄλλους
975 3891 1133 3970 70όίλλους.
1180 3899 1308 3959 Ποισῦσι
1328 3894 1360 3957 δέ
1382 3895 1438 3957 καί

317 4137 359 4192 62.
377 4141 473 4188 λίολλιτιι
489 4135 519 4192 δέ
535 4151 588 4186 omn
605 4140 690 4188 ίοατιιιι
706 4137 816 4186 Damaso.
875 4130 936 4188 νότα
950 4135 1038 4190 παιδία
1054 4133 1183 4202 βασιλείας
1198 4130 1234 4201 μή
1251 4131 1371 4202 μετέχειν,
1391 4131 1437 4188 διδ

317 4205 359 4258 63.
377 4202 506 4271 ἐξηγητής
519 4207 586 4256 codd.
598 4219 652 4255 τετε.
666 4209 688 4253 ιλ
701 4205 756 4253 edit.
767 4206 842 4265 φτίειο.
875 4200 905 4256 τδ
920 4200 956 4270 μή
973 4199 1127 4269 η’θληκέναι,
1143 4204 1284 4254 restituenda
1299 4206 1359 4251 ιυιελ.
1395 4204 1435 4264 es.

317 4271 358 4325 64.
376 4272 467 4341 χόριος
489 4275 621 4336 foedissimo
642 4273 726 4322 mendo
751 4273 843 4321 λαδοναλ
877 4272 1009 4322 Ροιεανίιιοι
1029 4275 1108 4334 ipsum
1128 4273 1192 4321 λιιι.
1204 4269 1247 4332 67,
1263 4270 1286 4319 2
1302 4284 1358 4332 μσς.
1374 4268 1435 4321 711.

284 4344 338 4392 αλιι.
357 4344 439 4394 Ρειου.
457 4344 537 4391 Calon.
553 4347 624 4404 ιιριι.
876 4341 943 4388 vam
954 4342 998 4389 λοτί
1013 4343 1129 4400 mptum
1139 4342 1238 4402 [σείσειε
1253 4339 1309 4387 λοει
1321 4338 1375 4399 fuit,
1394 4336 1435 4390 λί·

316 4405 357 4460 65.
376 4411 412 4459 Ειε
434 4412 519 4460 ίοατιιιι
541 4412 665 4472 Damaso„
690 4414 756 4458 είιε
773 4421 841 4458 ευσε-
874 4422 959 4473 γοιτες
978 4404 1011 4459 τδ
1038 4405 1147 4473 μηδέπω
1171 4404 1197 4459 ἐν
1221 4401 1263 4470 ήλ
1278 4422 1301 4472 γ.
1316 4421 1340 4456 τε
1393 4422 1436 4458 σι-

284 4479 360 4526 ιιιατλο
386 4478 488 4528 Ροιιανίι
509 4492 565 4539 φορ.
585 4478 660 4537 606,
688 4478 751 4538 quod
774 4477 842 4525 λοοιε
875 4471 942 4532 λείας
956 4471 992 4542 μή
1008 4473 1131 4545 μετέχειν,
1150 4473 1233 4541 ἔλεγον
1245 4470 1283 4532 εἰς
1296 4470 1332 4540 μή
1370 4471 1434 4543 ὅλη·

284 4538 433 4618 pimeni
449 4541 479 4601 σί
496 4542 604 4614 μηδέπω
621 4540 646 4599 ἐν
663 4538 752 4614 ἡλικίᾳ
769 4558 840 4614 χιχο-
874 4557 974 4601 ταυτας.
