3096 5070
590 297 937 367 ‘artaoarnauaeosrs
1289 300 1351 369 567

196 435 325 498 stantino
347 435 508 520 imperante
532 434 625 512 vixit,
657 433 686 495 in
712 431 846 495 omnibns
872 429 1036 495 Marcionis
1061 431 1195 513 vestigiis
1211 429 1350 495 inhaesit.

195 533 260 600 litai
284 538 452 620 quibusdam
475 535 598 600 adiectis
621 534 796 598 cumulatius
819 531 926 617 aliquid
950 534 1057 596 doecre
1080 532 1201 595 studuit.

280 741 457 826 Apelleiaci.
505 740 625 825 Apelles
648 737 783 802 similiter
806 748 893 823 atque
912 735 1029 801 Marcio
1054 747 1083 799 et
1102 735 1253 829 Larianus
1272 736 1352 820 quic·

194 843 262 930 qnid
289 846 437 907 conditum
464 853 510 906 est
533 863 597 906 curn
623 841 687 927 ipso
708 840 860 904 conditore
885 840 1043 923 vituperat.
1088 837 1159 902 Non
1176 849 1273 901 tamen
1298 840 1353 902 tria

194 957 227 1010 ot
243 946 284 1008 illi
302 946 460 1031 principia,
493 946 545 1007 aed
570 959 658 1007 aarum
683 953 793 1006 tarrtnm
818 943 950 1020 invexit3
983 942 1143 1026 itidemque
1162 945 1246 1004 deum
1264 963 1351 1006 unum

194 1069 229 1110 ac
253 1068 419 1131 supremum
446 1058 476 1109 ct
496 1045 621 1109 nominis
647 1058 819 1130 expertem,
855 1045 903 1128 qui
930 1045 1108 1128 singularem
1134 1045 1258 1107 alteram
1285 1065 1352 1130 pro·
1421 1052 1423 1057 ’

194 1150 352 1211 creavcrit.
400 1146 457 1231 Qui
476 1171 541 1212 curn
558 1148 650 1210 malus
674 1147 837 1226 evasisset,
872 1148 1006 1210 natandum
1025 1146 1147 1211 snailla
1166 1145 1352 1232 improbitate

194 1251 334 1312 condidit.
384 1260 385 1263 ’

192 1419 196 1428 ,
278 1349 446 1416 Severiani.
491 1350 623 1417 Severus
648 1352 693 1415 laic
711 1350 827 1436 Apellis
853 1352 967 1414 assecla
993 1352 1092 1415 vinnm
1112 1350 1352 1436 acritempcni·
1480 1380 1487 1391 ·

193 1465 240 1519 tos
260 1456 395 1533 damnat,
427 1476 502 1538 qrrac
521 1476 560 1519 cx
580 1452 710 1519 Satanae
731 1454 878 1536 serpentis
902 1463 932 1516 et
948 1465 1045 1517 terrac
1066 1474 1230 1541 congressu
1249 1475 1352 1539 propa·

193 1570 260 1642 gata
279 1558 371 1642 lingit.
417 1555 592 1621 Muliebrem
610 1577 724 1641 quoquc
748 1577 852 1619 aenum
871 1555 1021 1640 repudiat,
1055 1557 1129 1640 qood
1148 1558 1182 1621 ad
1200 1555 1350 1620 sinistram

193 1661 330 1724 virtutem
353 1660 506 1745 pertineat.
552 1656 721 1743 Principum
741 1658 883 1722 vocabola
903 1660 1043 1743 quaedam
1063 1670 1151 1743 atque
1167 1659 1351 1745 apocryphos

194 1763 283 1826 libros
310 1762 431 1826 inducit.
487 1760 520 1825 ln
543 1773 724 1825 mortuorum
751 1761 969 1823 rcaurmclione
995 1761 1147 1845 veterique
1174 1771 1350 1837 testamenlo

194 1865 353 1929 refellendo
377 1885 440 1926 eum
464 1864 530 1926 aliis
553 1863 725 1926 haeresibus
747 1863 906 1925 consentit.
1242 1927 1248 1943 ἱ

201 2029 204 2034 ,
278 1965 406 2029 Tatiani.
462 1965 606 2028 Tatianus
630 1965 753 2050 primum
784 1987 848 2028 oum
881 1975 984 2032 sancto
1018 1962 1130 2027 lustina
1158 1979 1289 2052 martyra
1315 1987 1350 2030 ac

193 2068 362 2156 pltilosoplto
386 2069 471 2132 vixit.
517 2065 589 2131 Post
612 2067 696 2132 cuius
718 2066 827 2131 obitum
850 2067 1025 2152 contagione
1043 2063 1208 2131 Marcionis
1231 2069 1350 2152 dogma-

193 2183 252 2236 tum
271 2164 382 2236 afflatus
402 2171 465 2233 aius
481 2170 638 2253 discipulus
659 2170 729 2246 init,
761 2173 797 2232 ad
815 2190 907 2254 eaque
925 2191 1001 2254 quae
1023 2191 1088 2232 cum
1105 2189 1141 2231 eo
1157 2170 1351 2244 communiter

175 2275 287 2338 'tenuit
307 2295 382 2336 nora
400 2275 521 2358 insuper
537 2271 656 2336 addidit.
701 2269 818 2335 Ferunt
833 2293 850 2335 e
867 2269 1082 2357 Mesopotamia
1100 2271 1254 2335 oriundum
1274 2272 1349 2336 hunc

192 2379 358 2543 mstilm
374 2490 420 2544 cst
436 2500 548 2544 somma
563 2478 626 2541 libri
641 2475 680 2557 1.,
706 2489 766 2541 tres
779 2489 873 2540 tomos
888 2477 1056 2555 continens,
1077 2475 1217 2539 haereses
1229 2473 1347 2541 XLVI.

278 2687 307 2746 ln
327 2684 424 2768 priora
442 2704 514 2747 voro
534 2694 613 2746 tomo
632 2679 768 2760 tibull,
801 2683 849 2766 qui
868 2683 1026 2747 sccundnm
1049 2680 1212 2743 institutum
1230 2701 1246 2742 a
1265 2680 1348 2744 nobis

192 2782 276 2847 initio
295 2795 438 2847 tomorum
463 2786 593 2848 ordinem
621 2794 740 2869 quartos
767 2797 831 2863 est,
864 2784 1002 2847 lracrcscs
1026 2783 1214 2847 contincatur
1238 2780 1348 2848 XVlll

193 2885 248 2948 laco
271 2887 368 2948 modo.
1054 2952 1055 2955 Ἴ

278 2985 447 3051 Encralitaa
468 2987 588 3052 Tatiani
614 2990 753 3072 quandem
780 2989 862 3052 velut
883 2989 1041 3074 appendix.
1093 2985 1133 3049 lli
1158 2987 1273 3072 nuptias
1299 2987 1348 3050 da·

192 3100 310 3167 mnant,
344 3087 582 3174 puasSatlranae
608 3092 749 3155 trilruunt.
794 3091 842 3155 Ab
864 3093 1057 3154 animatorum
1081 3089 1210 3155 omnium
1226 3090 1347 3155 maab-

191 3192 357 3255 atinendum
381 3214 448 3255 csse
471 3194 612 3257 sentiunt.

275 3290 499 3379 Cataplarygcs‚
532 3297 579 3379 qui
598 3308 627 3359 et
644 3294 863 3374 Montaniatae,
897 3307 1049 3380 utrumqne
1075 3306 1279 3359 testamentum
1299 3315 1349 3379 ap-

192 3395 332 3480 probant,
364 3401 415 3458 scd
435 3419 528 3460 novos
547 3401 704 3483 prophetas
723 3400 758 3461 ad
779 3408 913 3483 receptos
932 3409 962 3461 ct
976 3398 1111 3483 antiquos
1127 3397 1283 3474 adiiciunt,
1313 3418 1348 3460 ac

194 3495 367 3561 Montanum
391 3500 534 3582 quendam
558 3511 586 3561 ct
609 3498 771 3562 Priscillam
795 3501 974 3584 praedicant.

274 3598 453 3684 Pcpnziani,
477 3601 524 3683 qui
541 3611 572 3663 ct
588 3598 771 3683 Quintilliani
786 3603 939 3679 dicuntur,
964 3603 1068 3685 quibua
1084 3603 1227 3665 accedunt
1242 3610 1272 3665 et
1289 3601 1348 3664 dr·

192 3701 349 3788 totyritac‚
381 3702 581 3792 superioribus
603 3704 716 3786 quidem
736 3703 809 3781 illia,
842 3703 895 3766 lroc
912 3715 958 3766 cst
973 3701 1225 3789 cataphrygibus,
1255 3725 1349 3766 anno-

191 3805 323 3868 merandi
340 3816 426 3882 sun13
458 3806 508 3868 scd
525 3805 559 3867 ab
576 3805 611 3868 iis
631 3815 728 3867 tamen
747 3803 865 3868 diversa
883 3807 1021 3870 nonnulla
1040 3807 1181 3870 sentiunt.
1229 3805 1274 3868 Ac
1291 3802 1349 3868 Pc-

190 3928 294 3993 pozam
319 3907 466 3970 desertum
491 3908 632 3989 quoddam
658 3905 791 3990 oppidum
813 3905 960 3970 Galatiam
984 3908 1061 3970 inter
1084 3918 1114 3970 et
1133 3904 1347 3993 Cappadociam

189 4030 224 4072 aa
240 4006 396 4095 Phrygiam
417 4010 503 4072 sitnm
528 4009 635 4072 divinis
659 4009 817 4071 honoribus
834 4009 999 4086 extollunt,
1032 4030 1153 4093 eamque
1172 4009 1347 4096 Hierosoly·

189 4132 263 4174 mam
292 4133 358 4174 csse
384 4112 482 4174 dicant
508 4114 568 4190 (est
592 4122 689 4174 nutem
714 4120 745 4172 et
768 4111 825 4174 alia
850 4107 997 4194 Pcpnza).
1044 4109 1219 4176 Mulieribus
1245 4133 1347 4178 sacros

191 4214 379 4296 magistratus
393 4235 426 4277 ac
443 4213 608 4277 sacerdotia
623 4214 769 4277 deterunt.
816 4209 916 4278 Certis
932 4213 1086 4276 initiantur
1098 4216 1259 4301 mysteriis,
1284 4215 1346 4299 qui·

188 4351 263 4410 prmo.
298 4347 364 4402 τάτε·
384 4347 410 4401 ln
433 4343 504 4415 αὐτῷ
527 4352 577 4400 cod.
599 4351 696 4412 ltledr'p.
730 4352 757 4400 la
824 4347 867 4401 39.
885 4352 976 4411 nepam
993 4348 1181 4404 Κυῖντιλὶειεινοὶπ
1270 4376 1272 4381 2

190 4417 245 4467 adit.
264 4418 344 4468 Peleo.
363 4431 392 4466 eo
407 4420 479 4468 verbo
496 4420 660 4468 anatomiam.
820 4413 859 4468 40.
885 4415 1020 4482 ἱερατεύειν
1051 4417 1185 4484 (martian
1215 4423 1267 4472 cod.
1288 4422 1347 4489 len.)

222 4484 264 4536 38.
284 4478 404 4550 ὁρμάσθη
429 4488 497 4538 codd.
520 4499 574 4537 arra.
599 4490 708 4550 είιτᾳεε,
735 4491 756 4539 tt
789 4488 856 4538 codd.
875 4500 929 4536 maa.
947 4492 1048 4549 aterque.
1083 4483 1187 4554 lcpao'cn
1206 4491 1270 4540 edlt'a

188 4554 244 4605 adit.
259 4555 375 4616 prtncepa.
815 4551 856 4612 41.
874 4553 978 4630 pairarat
992 4556 1062 4616 codd.
1079 4569 1133 4608 maa.
1150 4561 1173 4608 at
1187 4559 1242 4610 tdlt
1257 4560 1333 4635 priapo¹
