<?xml version="1.0" encoding="UTF-8"?>
<!DOCTYPE html PUBLIC "-//W3C//DTD XHTML 1.0 Transitional//EN"
    "http://www.w3.org/TR/xhtml1/DTD/xhtml1-transitional.dtd">
<html xmlns="http://www.w3.org/1999/xhtml" xml:lang="en" lang="en">
 <head>
  <title>
</title>
<meta http-equiv="Content-Type" content="text/html;charset=utf-8" />
  <meta name='ocr-system' content='tesseract 3.04.00' />
  <meta name='ocr-capabilities' content='ocr_page ocr_carea ocr_par ocr_line ocrx_word'/>
</head>
<body>
  <div class='ocr_page' id='page_1' title='image "./corporishaerese00unkngoog/corporishaerese00unkngoog_0176.png"; bbox 0 0 3096 5070; ppageno 0'>
   <div class='ocr_carea' id='block_1_1' title="bbox 384 253 1292 323">
    <p class='ocr_par' dir='ltr' id='par_1_1' title="bbox 384 253 1292 323">
     <span class='ocr_line' id='line_1_1' title="bbox 384 253 1292 323; baseline -0.008 0"><span class='ocrx_word' id='word_1_1' title='bbox 384 270 521 323; x_wconf 78' lang='lat' dir='ltr'><strong>cununu</strong></span> <span class='ocrx_word' id='word_1_2' title='bbox 538 270 602 321; x_wconf 82' lang='lat' dir='ltr'><strong>ure.</strong></span> <span class='ocrx_word' id='word_1_3' title='bbox 615 270 659 321; x_wconf 87' lang='lat' dir='ltr'><strong>ur.</strong></span> <span class='ocrx_word' id='word_1_4' title='bbox 677 269 759 322; x_wconf 85' lang='lat' dir='ltr'><strong>rou.</strong></span> <span class='ocrx_word' id='word_1_5' title='bbox 773 269 793 321; x_wconf 85' lang='lat' dir='ltr'><strong>r.</strong></span> <span class='ocrx_word' id='word_1_6' title='bbox 810 267 910 319; x_wconf 82' lang='lat' dir='ltr'><strong>suun.</strong></span> <span class='ocrx_word' id='word_1_7' title='bbox 922 267 1044 320; x_wconf 82' lang='lat' dir='ltr'><strong>uxxrv.</strong></span> <span class='ocrx_word' id='word_1_8' title='bbox 1233 253 1292 317; x_wconf 84' lang='grc'><strong>169</strong></span> 
     </span>
    </p>
   </div>
   <div class='ocr_carea' id='block_1_2' title="bbox 137 386 1294 580">
    <p class='ocr_par' dir='ltr' id='par_1_2' title="bbox 137 386 1294 580">
     <span class='ocr_line' id='line_1_2' title="bbox 137 386 1292 478; baseline -0.005 -21"><span class='ocrx_word' id='word_1_9' title='bbox 137 393 294 478; x_wconf 87' lang='lat' dir='ltr'><strong>quondam,</strong></span> <span class='ocrx_word' id='word_1_10' title='bbox 322 403 352 455; x_wconf 90' lang='lat' dir='ltr'><strong>et</strong></span> <span class='ocrx_word' id='word_1_11' title='bbox 369 411 422 475; x_wconf 92' lang='lat' dir='ltr'><strong>pro</strong></span> <span class='ocrx_word' id='word_1_12' title='bbox 441 389 584 453; x_wconf 73' lang='lat' dir='ltr'>tenuitate</span> <span class='ocrx_word' id='word_1_13' title='bbox 602 400 703 452; x_wconf 89' lang='lat' dir='ltr'><strong>nostra</strong></span> <span class='ocrx_word' id='word_1_14' title='bbox 720 389 868 452; x_wconf 89' lang='lat' dir='ltr'><strong>declarata</strong></span> <span class='ocrx_word' id='word_1_15' title='bbox 885 387 1017 451; x_wconf 89' lang='lat' dir='ltr'><strong>breviter</strong></span> <span class='ocrx_word' id='word_1_16' title='bbox 1039 386 1134 458; x_wconf 85' lang='lat' dir='ltr'><strong>denno</strong></span> <span class='ocrx_word' id='word_1_17' title='bbox 1151 386 1208 451; x_wconf 83' lang='lat' dir='ltr'><strong>ltoc</strong></span> <span class='ocrx_word' id='word_1_18' title='bbox 1226 386 1292 451; x_wconf 92' lang='lat' dir='ltr'><strong>loco</strong></span> 
     </span>
     <span class='ocr_line' id='line_1_3' title="bbox 137 489 1294 580; baseline -0.006 -21"><span class='ocrx_word' id='word_1_19' title='bbox 137 506 271 580; x_wconf 88' lang='lat' dir='ltr'><strong>repetere</strong></span> <span class='ocrx_word' id='word_1_20' title='bbox 297 494 456 557; x_wconf 87' lang='lat' dir='ltr'><strong>voluimus.</strong></span> <span class='ocrx_word' id='word_1_21' title='bbox 501 489 590 555; x_wconf 90' lang='lat' dir='ltr'><strong>Nunc</strong></span> <span class='ocrx_word' id='word_1_22' title='bbox 612 492 647 554; x_wconf 86' lang='lat' dir='ltr'><strong>ad</strong></span> <span class='ocrx_word' id='word_1_23' title='bbox 672 492 760 556; x_wconf 82' lang='lat' dir='ltr'><strong>vitam</strong></span> <span class='ocrx_word' id='word_1_24' title='bbox 784 503 913 554; x_wconf 88' lang='lat' dir='ltr'><strong>nostram</strong></span> <span class='ocrx_word' id='word_1_25' title='bbox 933 489 1121 553; x_wconf 79' lang='lat' dir='ltr'><strong>asserendam</strong></span> <span class='ocrx_word' id='word_1_26' title='bbox 1139 509 1174 552; x_wconf 89' lang='lat' dir='ltr'><strong>ac</strong></span> <span class='ocrx_word' id='word_1_27' title='bbox 1192 511 1294 554; x_wconf 91' lang='lat' dir='ltr'><strong>corro-</strong></span> 
     </span>
    </p>
   </div>
   <div class='ocr_carea' id='block_1_3' title="bbox 136 593 1421 4056">
    <p class='ocr_par' dir='ltr' id='par_1_3' title="bbox 136 593 1421 4056">
     <span class='ocr_line' id='line_1_4' title="bbox 136 593 1296 678; baseline -0.004 -17"><span class='ocrx_word' id='word_1_28' title='bbox 136 598 296 662; x_wconf 78' lang='lat' dir='ltr'><strong>borandam</strong></span> <span class='ocrx_word' id='word_1_29' title='bbox 320 596 376 659; x_wconf 88' lang='lat' dir='ltr'><strong>alia</strong></span> <span class='ocrx_word' id='word_1_30' title='bbox 396 594 536 678; x_wconf 80' lang='lat' dir='ltr'><strong>quaedam</strong></span> <span class='ocrx_word' id='word_1_31' title='bbox 564 593 729 657; x_wconf 88' lang='lat' dir='ltr'><strong>testimonia</strong></span> <span class='ocrx_word' id='word_1_32' title='bbox 754 596 800 678; x_wconf 90' lang='lat' dir='ltr'><strong>pie</strong></span> <span class='ocrx_word' id='word_1_33' title='bbox 824 594 957 678; x_wconf 88' lang='lat' dir='ltr'><strong>prolerre</strong></span> <span class='ocrx_word' id='word_1_34' title='bbox 976 601 1060 655; x_wconf 82' lang='lat' dir='ltr'><strong>etex</strong></span> <span class='ocrx_word' id='word_1_35' title='bbox 1080 600 1159 653; x_wconf 88' lang='lat' dir='ltr'><strong>reeta</strong></span> <span class='ocrx_word' id='word_1_36' title='bbox 1182 593 1296 656; x_wconf 90' lang='lat' dir='ltr'><strong>rationo</strong></span> 
     </span>
     <span class='ocr_line' id='line_1_5' title="bbox 136 693 1296 785; baseline -0.005 -20"><span class='ocrx_word' id='word_1_37' title='bbox 136 702 275 785; x_wconf 77' lang='lat' dir='ltr'><strong>religiose</strong></span> <span class='ocrx_word' id='word_1_38' title='bbox 293 700 328 762; x_wconf 90' lang='lat' dir='ltr'><strong>de</strong></span> <span class='ocrx_word' id='word_1_39' title='bbox 347 697 500 760; x_wconf 85' lang='lat' dir='ltr'><strong>divinitate</strong></span> <span class='ocrx_word' id='word_1_40' title='bbox 517 696 628 758; x_wconf 87' lang='lat' dir='ltr'><strong>sentire</strong></span> <span class='ocrx_word' id='word_1_41' title='bbox 648 716 813 781; x_wconf 79' lang='lat' dir='ltr'><strong>pergemus.</strong></span> <span class='ocrx_word' id='word_1_42' title='bbox 860 693 978 758; x_wconf 84' lang='lat' dir='ltr'><strong>Etenim</strong></span> <span class='ocrx_word' id='word_1_43' title='bbox 1003 693 1133 777; x_wconf 89' lang='lat' dir='ltr'><strong>pluribus</strong></span> <span class='ocrx_word' id='word_1_44' title='bbox 1156 693 1296 759; x_wconf 81' lang='lat' dir='ltr'><strong>hacteuus</strong></span> 
     </span>
     <span class='ocr_line' id='line_1_6' title="bbox 136 797 1296 883; baseline -0.006 -17"><span class='ocrx_word' id='word_1_45' title='bbox 136 800 360 867; x_wconf 87' lang='lat' dir='ltr'><strong>auctoritatibus</strong></span> <span class='ocrx_word' id='word_1_46' title='bbox 385 798 478 883; x_wconf 90' lang='lat' dir='ltr'><strong>palam</strong></span> <span class='ocrx_word' id='word_1_47' title='bbox 502 797 570 860; x_wconf 91' lang='lat' dir='ltr'><strong>illud</strong></span> <span class='ocrx_word' id='word_1_48' title='bbox 599 800 791 877; x_wconf 80' lang='lat' dir='ltr'><strong>estfactum,</strong></span> <span class='ocrx_word' id='word_1_49' title='bbox 824 797 1004 880; x_wconf 87' lang='lat' dir='ltr'><strong>unigenitum</strong></span> <span class='ocrx_word' id='word_1_50' title='bbox 1022 818 1086 860; x_wconf 88' lang='lat' dir='ltr'><strong>cum</strong></span> <span class='ocrx_word' id='word_1_51' title='bbox 1110 807 1192 880; x_wconf 87' lang='lat' dir='ltr'><strong>patre</strong></span> <span class='ocrx_word' id='word_1_52' title='bbox 1212 797 1296 859; x_wconf 89' lang='lat' dir='ltr'><strong>simul</strong></span> 
     </span>
     <span class='ocr_line' id='line_1_7' title="bbox 137 898 1298 985; baseline -0.006 -16"><span class='ocrx_word' id='word_1_53' title='bbox 137 906 277 969; x_wconf 87' lang='lat' dir='ltr'><strong>universa</strong></span> <span class='ocrx_word' id='word_1_54' title='bbox 294 902 409 980; x_wconf 88' lang='lat' dir='ltr'><strong>moliri,</strong></span> <span class='ocrx_word' id='word_1_55' title='bbox 443 911 472 962; x_wconf 88' lang='lat' dir='ltr'><strong>et</strong></span> <span class='ocrx_word' id='word_1_56' title='bbox 489 900 621 984; x_wconf 90' lang='lat' dir='ltr'><strong>aequalia</strong></span> <span class='ocrx_word' id='word_1_57' title='bbox 640 900 781 985; x_wconf 84' lang='lat' dir='ltr'><strong>perlicere</strong></span> <span class='ocrx_word' id='word_1_58' title='bbox 802 901 830 963; x_wconf 91' lang='lat' dir='ltr'><strong>iu</strong></span> <span class='ocrx_word' id='word_1_59' title='bbox 850 900 983 963; x_wconf 81' lang='lat' dir='ltr'><strong>omnibus</strong></span> <span class='ocrx_word' id='word_1_60' title='bbox 999 920 1033 961; x_wconf 90' lang='lat' dir='ltr'><strong>ac</strong></span> <span class='ocrx_word' id='word_1_61' title='bbox 1049 898 1165 983; x_wconf 90' lang='lat' dir='ltr'><strong>largiri,</strong></span> <span class='ocrx_word' id='word_1_62' title='bbox 1199 907 1298 982; x_wconf 84' lang='lat' dir='ltr'>utpote</span> 
     </span>
     <span class='ocr_line' id='line_1_8' title="bbox 138 1001 1295 1090; baseline -0.008 -20"><span class='ocrx_word' id='word_1_63' title='bbox 138 1008 186 1090; x_wconf 92' lang='lat' dir='ltr'><strong>qui</strong></span> <span class='ocrx_word' id='word_1_64' title='bbox 207 1007 244 1069; x_wconf 85' lang='lat' dir='ltr'><strong>ab</strong></span> <span class='ocrx_word' id='word_1_65' title='bbox 261 1006 326 1090; x_wconf 87' lang='lat' dir='ltr'><strong>ipso</strong></span> <span class='ocrx_word' id='word_1_66' title='bbox 349 1003 504 1087; x_wconf 87' lang='lat' dir='ltr'><strong>procedat,</strong></span> <span class='ocrx_word' id='word_1_67' title='bbox 539 1023 593 1066; x_wconf 88' lang='lat' dir='ltr'><strong>nec</strong></span> <span class='ocrx_word' id='word_1_68' title='bbox 608 1023 625 1063; x_wconf 88' lang='lat' dir='ltr'><strong>a</strong></span> <span class='ocrx_word' id='word_1_69' title='bbox 642 1013 762 1087; x_wconf 87' lang='lat' dir='ltr'><strong>paterna</strong></span> <span class='ocrx_word' id='word_1_70' title='bbox 778 1003 887 1065; x_wconf 89' lang='lat' dir='ltr'><strong>virtute</strong></span> <span class='ocrx_word' id='word_1_71' title='bbox 911 1022 945 1065; x_wconf 89' lang='lat' dir='ltr'><strong>uc</strong></span> <span class='ocrx_word' id='word_1_72' title='bbox 966 1001 1118 1066; x_wconf 85' lang='lat' dir='ltr'><strong>divinitate</strong></span> <span class='ocrx_word' id='word_1_73' title='bbox 1137 1001 1295 1086; x_wconf 83' lang='lat' dir='ltr'><strong>discrepet,</strong></span> 
     </span>
     <span class='ocr_line' id='line_1_9' title="bbox 137 1101 1294 1189; baseline -0.008 -16"><span class='ocrx_word' id='word_1_74' title='bbox 137 1111 189 1173; x_wconf 90' lang='lat' dir='ltr'><strong>sed</strong></span> <span class='ocrx_word' id='word_1_75' title='bbox 213 1107 344 1170; x_wconf 88' lang='lat' dir='ltr'><strong>eiusdem</strong></span> <span class='ocrx_word' id='word_1_76' title='bbox 371 1109 494 1168; x_wconf 86' lang='lat' dir='ltr'><strong>situum</strong></span> <span class='ocrx_word' id='word_1_77' title='bbox 519 1115 602 1189; x_wconf 91' lang='lat' dir='ltr'><strong>patre</strong></span> <span class='ocrx_word' id='word_1_78' title='bbox 627 1104 820 1168; x_wconf 88' lang='lat' dir='ltr'><strong>substantiae.</strong></span> <span class='ocrx_word' id='word_1_79' title='bbox 864 1101 972 1187; x_wconf 86' lang='lat' dir='ltr'><strong>Neque</strong></span> <span class='ocrx_word' id='word_1_80' title='bbox 996 1125 1068 1167; x_wconf 88' lang='lat' dir='ltr'><strong>vero</strong></span> <span class='ocrx_word' id='word_1_81' title='bbox 1095 1103 1177 1167; x_wconf 90' lang='lat' dir='ltr'><strong>solus</strong></span> <span class='ocrx_word' id='word_1_82' title='bbox 1206 1102 1294 1181; x_wconf 87' lang='lat' dir='ltr'><strong>lilius,</strong></span> 
     </span>
     <span class='ocr_line' id='line_1_10' title="bbox 138 1207 1296 1294; baseline -0.005 -20"><span class='ocrx_word' id='word_1_83' title='bbox 138 1211 190 1274; x_wconf 86' lang='lat' dir='ltr'><strong>sed</strong></span> <span class='ocrx_word' id='word_1_84' title='bbox 216 1219 247 1273; x_wconf 89' lang='lat' dir='ltr'><strong>et</strong></span> <span class='ocrx_word' id='word_1_85' title='bbox 270 1208 390 1294; x_wconf 89' lang='lat' dir='ltr'><strong>spiritus</strong></span> <span class='ocrx_word' id='word_1_86' title='bbox 408 1218 525 1271; x_wconf 86' lang='lat' dir='ltr'><strong>sauctus</strong></span> <span class='ocrx_word' id='word_1_87' title='bbox 550 1207 578 1269; x_wconf 88' lang='lat' dir='ltr'><strong>iu</strong></span> <span class='ocrx_word' id='word_1_88' title='bbox 596 1207 701 1290; x_wconf 89' lang='lat' dir='ltr'><strong>agendi</strong></span> <span class='ocrx_word' id='word_1_89' title='bbox 724 1207 958 1271; x_wconf 80' lang='lat' dir='ltr'><strong>cournruuiouern</strong></span> <span class='ocrx_word' id='word_1_90' title='bbox 983 1227 1047 1269; x_wconf 92' lang='lat' dir='ltr'><strong>cum</strong></span> <span class='ocrx_word' id='word_1_91' title='bbox 1070 1218 1151 1291; x_wconf 90' lang='lat' dir='ltr'><strong>patre</strong></span> <span class='ocrx_word' id='word_1_92' title='bbox 1179 1207 1296 1290; x_wconf 90' lang='lat' dir='ltr'><strong>lilioque</strong></span> 
     </span>
     <span class='ocr_line' id='line_1_11' title="bbox 139 1308 1294 1395; baseline -0.003 -21"><span class='ocrx_word' id='word_1_93' title='bbox 139 1312 220 1374; x_wconf 87' lang='lat' dir='ltr'><strong>veuit</strong></span> <span class='ocrx_word' id='word_1_94' title='bbox 237 1321 267 1374; x_wconf 90' lang='lat' dir='ltr'><strong>et</strong></span> <span class='ocrx_word' id='word_1_95' title='bbox 283 1310 415 1395; x_wconf 89' lang='lat' dir='ltr'><strong>aequalia</strong></span> <span class='ocrx_word' id='word_1_96' title='bbox 436 1319 582 1395; x_wconf 84' lang='lat' dir='ltr'><strong>praestat,</strong></span> <span class='ocrx_word' id='word_1_97' title='bbox 607 1330 660 1394; x_wconf 89' lang='lat' dir='ltr'><strong>pro</strong></span> <span class='ocrx_word' id='word_1_98' title='bbox 679 1330 714 1372; x_wconf 91' lang='lat' dir='ltr'><strong>eo</strong></span> <span class='ocrx_word' id='word_1_99' title='bbox 732 1331 767 1372; x_wconf 91' lang='lat' dir='ltr'><strong>ac</strong></span> <span class='ocrx_word' id='word_1_100' title='bbox 782 1309 852 1373; x_wconf 80' lang='lat' dir='ltr'><strong>liltet</strong></span> <span class='ocrx_word' id='word_1_101' title='bbox 869 1310 1088 1372; x_wconf 90' lang='lat' dir='ltr'><strong>communicans</strong></span> <span class='ocrx_word' id='word_1_102' title='bbox 1105 1330 1139 1372; x_wconf 91' lang='lat' dir='ltr'><strong>ae</strong></span> <span class='ocrx_word' id='word_1_103' title='bbox 1153 1308 1294 1391; x_wconf 88' lang='lat' dir='ltr'><strong>largiens,</strong></span> 
     </span>
     <span class='ocr_line' id='line_1_12' title="bbox 139 1410 1294 1498; baseline -0.002 -23"><span class='ocrx_word' id='word_1_104' title='bbox 139 1413 244 1498; x_wconf 88' lang='lat' dir='ltr'><strong>quippe</strong></span> <span class='ocrx_word' id='word_1_105' title='bbox 267 1434 331 1476; x_wconf 92' lang='lat' dir='ltr'><strong>cum</strong></span> <span class='ocrx_word' id='word_1_106' title='bbox 355 1413 467 1497; x_wconf 89' lang='lat' dir='ltr'><strong>etipse</strong></span> <span class='ocrx_word' id='word_1_107' title='bbox 493 1432 565 1475; x_wconf 85' lang='lat' dir='ltr'><strong>vere</strong></span> <span class='ocrx_word' id='word_1_108' title='bbox 588 1432 628 1474; x_wconf 82' lang='lat' dir='ltr'><strong>ex</strong></span> <span class='ocrx_word' id='word_1_109' title='bbox 646 1412 701 1474; x_wconf 89' lang='lat' dir='ltr'><strong>deo</strong></span> <span class='ocrx_word' id='word_1_110' title='bbox 719 1412 774 1490; x_wconf 93' lang='lat' dir='ltr'><strong>sit,</strong></span> <span class='ocrx_word' id='word_1_111' title='bbox 807 1432 863 1475; x_wconf 91' lang='lat' dir='ltr'><strong>nec</strong></span> <span class='ocrx_word' id='word_1_112' title='bbox 887 1410 1000 1474; x_wconf 90' lang='lat' dir='ltr'><strong>alienus</strong></span> <span class='ocrx_word' id='word_1_113' title='bbox 1025 1422 1143 1497; x_wconf 87' lang='lat' dir='ltr'><strong>epatre</strong></span> <span class='ocrx_word' id='word_1_114' title='bbox 1167 1411 1294 1496; x_wconf 86' lang='lat' dir='ltr'><strong>liliaque,</strong></span> 
     </span>
     <span class='ocr_line' id='line_1_13' title="bbox 138 1512 1299 1600; baseline -0.003 -21"><span class='ocrx_word' id='word_1_115' title='bbox 138 1517 190 1579; x_wconf 90' lang='lat' dir='ltr'><strong>sed</strong></span> <span class='ocrx_word' id='word_1_116' title='bbox 206 1516 319 1600; x_wconf 91' lang='lat' dir='ltr'><strong>utrique</strong></span> <span class='ocrx_word' id='word_1_117' title='bbox 340 1514 609 1579; x_wconf 84' lang='lat' dir='ltr'><strong>consubstantialis.</strong></span> <span class='ocrx_word' id='word_1_118' title='bbox 656 1512 750 1592; x_wconf 90' lang='lat' dir='ltr'><strong>llaec,</strong></span> <span class='ocrx_word' id='word_1_119' title='bbox 774 1513 905 1598; x_wconf 89' lang='lat' dir='ltr'><strong>iuquam,</strong></span> <span class='ocrx_word' id='word_1_120' title='bbox 931 1514 1039 1577; x_wconf 89' lang='lat' dir='ltr'><strong>nemini</strong></span> <span class='ocrx_word' id='word_1_121' title='bbox 1059 1537 1116 1577; x_wconf 94' lang='lat' dir='ltr'><strong>uon</strong></span> <span class='ocrx_word' id='word_1_122' title='bbox 1137 1525 1238 1599; x_wconf 92' lang='lat' dir='ltr'><strong>aperte</strong></span> <span class='ocrx_word' id='word_1_123' title='bbox 1256 1524 1299 1577; x_wconf 88' lang='lat' dir='ltr'><strong>tot</strong></span> 
     </span>
     <span class='ocr_line' id='line_1_14' title="bbox 138 1616 1297 1700; baseline -0.001 -19"><span class='ocrx_word' id='word_1_124' title='bbox 138 1617 269 1682; x_wconf 84' lang='lat' dir='ltr'><strong>adductis</strong></span> <span class='ocrx_word' id='word_1_125' title='bbox 287 1617 463 1681; x_wconf 86' lang='lat' dir='ltr'><strong>testimoniis</strong></span> <span class='ocrx_word' id='word_1_126' title='bbox 477 1617 669 1694; x_wconf 84' lang='lat' dir='ltr'><strong>ostendimus,</strong></span> <span class='ocrx_word' id='word_1_127' title='bbox 695 1639 729 1679; x_wconf 76' lang='lat' dir='ltr'><strong>eu:</strong></span> <span class='ocrx_word' id='word_1_128' title='bbox 747 1617 884 1700; x_wconf 83' lang='lat' dir='ltr'><strong>deinceps</strong></span> <span class='ocrx_word' id='word_1_129' title='bbox 899 1618 1100 1680; x_wconf 87' lang='lat' dir='ltr'><strong>ostendemus.</strong></span> <span class='ocrx_word' id='word_1_130' title='bbox 1148 1616 1207 1681; x_wconf 91' lang='lat' dir='ltr'><strong>lam</strong></span> <span class='ocrx_word' id='word_1_131' title='bbox 1225 1637 1297 1680; x_wconf 89' lang='lat' dir='ltr'><strong>veru</strong></span> 
     </span>
     <span class='ocr_line' id='line_1_15' title="bbox 139 1719 1296 1806; baseline -0.001 -23"><span class='ocrx_word' id='word_1_132' title='bbox 139 1732 257 1806; x_wconf 92' lang='lat' dir='ltr'><strong>propter</strong></span> <span class='ocrx_word' id='word_1_133' title='bbox 280 1721 374 1784; x_wconf 91' lang='lat' dir='ltr'><strong>sancti</strong></span> <span class='ocrx_word' id='word_1_134' title='bbox 398 1719 516 1804; x_wconf 83' lang='lat' dir='ltr'><strong>spiritus</strong></span> <span class='ocrx_word' id='word_1_135' title='bbox 541 1719 730 1782; x_wconf 88' lang='lat' dir='ltr'><strong>adversarios</strong></span> <span class='ocrx_word' id='word_1_136' title='bbox 757 1730 786 1781; x_wconf 92' lang='lat' dir='ltr'><strong>et</strong></span> <span class='ocrx_word' id='word_1_137' title='bbox 818 1720 952 1783; x_wconf 88' lang='lat' dir='ltr'><strong>inimicos</strong></span> <span class='ocrx_word' id='word_1_138' title='bbox 983 1720 1121 1782; x_wconf 94' lang='lat' dir='ltr'><strong>uouuulla</strong></span> <span class='ocrx_word' id='word_1_139' title='bbox 1151 1719 1296 1783; x_wconf 85' lang='lat' dir='ltr'><strong>uberioris</strong></span> 
     </span>
     <span class='ocr_line' id='line_1_16' title="bbox 139 1822 1296 1909; baseline -0.001 -24"><span class='ocrx_word' id='word_1_140' title='bbox 139 1822 343 1909; x_wconf 78' lang='lat' dir='ltr'><strong>explicationis</strong></span> <span class='ocrx_word' id='word_1_141' title='bbox 361 1822 456 1904; x_wconf 87' lang='lat' dir='ltr'><strong>gratia</strong></span> <span class='ocrx_word' id='word_1_142' title='bbox 481 1823 585 1907; x_wconf 89' lang='lat' dir='ltr'><strong>partim</strong></span> <span class='ocrx_word' id='word_1_143' title='bbox 602 1822 648 1905; x_wconf 88' lang='lat' dir='ltr'><strong>pia</strong></span> <span class='ocrx_word' id='word_1_144' title='bbox 664 1822 804 1904; x_wconf 86' lang='lat' dir='ltr'><strong>quaedam</strong></span> <span class='ocrx_word' id='word_1_145' title='bbox 827 1836 1000 1904; x_wconf 83' lang='lat' dir='ltr'><strong>argumenta</strong></span> <span class='ocrx_word' id='word_1_146' title='bbox 1018 1843 1057 1884; x_wconf 83' lang='lat' dir='ltr'><strong>ex</strong></span> <span class='ocrx_word' id='word_1_147' title='bbox 1082 1833 1161 1885; x_wconf 87' lang='lat' dir='ltr'><strong>recta</strong></span> <span class='ocrx_word' id='word_1_148' title='bbox 1181 1823 1296 1884; x_wconf 88' lang='lat' dir='ltr'><strong>ratione</strong></span> 
     </span>
     <span class='ocr_line' id='line_1_17' title="bbox 140 1924 1298 2011; baseline -0.003 -22"><span class='ocrx_word' id='word_1_149' title='bbox 140 1929 327 2011; x_wconf 83' lang='lat' dir='ltr'><strong>deprompta,</strong></span> <span class='ocrx_word' id='word_1_150' title='bbox 352 1925 455 2009; x_wconf 89' lang='lat' dir='ltr'><strong>partim</strong></span> <span class='ocrx_word' id='word_1_151' title='bbox 475 1924 605 1995; x_wconf 81' lang='lat' dir='ltr'><strong>eiusdem</strong></span> <span class='ocrx_word' id='word_1_152' title='bbox 621 1925 786 2008; x_wconf 82' lang='lat' dir='ltr'><strong>scripturae</strong></span> <span class='ocrx_word' id='word_1_153' title='bbox 804 1924 970 1987; x_wconf 88' lang='lat' dir='ltr'><strong>testimonia</strong></span> <span class='ocrx_word' id='word_1_154' title='bbox 991 1924 1192 2010; x_wconf 81' lang='lat' dir='ltr'><strong>superioribus</strong></span> <span class='ocrx_word' id='word_1_155' title='bbox 1210 1926 1298 1988; x_wconf 90' lang='lat' dir='ltr'><strong>adde·</strong></span> 
     </span>
     <span class='ocr_line' id='line_1_18' title="bbox 140 2026 1298 2113; baseline -0.002 -21"><span class='ocrx_word' id='word_1_156' title='bbox 140 2051 222 2108; x_wconf 82' lang='lat' dir='ltr'><strong>mus3</strong></span> <span class='ocrx_word' id='word_1_157' title='bbox 256 2029 329 2089; x_wconf 88' lang='lat' dir='ltr'><strong>adeo</strong></span> <span class='ocrx_word' id='word_1_158' title='bbox 356 2037 388 2089; x_wconf 94' lang='lat' dir='ltr'><strong>nt</strong></span> <span class='ocrx_word' id='word_1_159' title='bbox 412 2028 441 2088; x_wconf 88' lang='lat' dir='ltr'><strong>in</strong></span> <span class='ocrx_word' id='word_1_160' title='bbox 465 2026 599 2088; x_wconf 91' lang='lat' dir='ltr'><strong>omuibus</strong></span> <span class='ocrx_word' id='word_1_161' title='bbox 624 2047 725 2089; x_wconf 87' lang='lat' dir='ltr'><strong>verum</strong></span> <span class='ocrx_word' id='word_1_162' title='bbox 753 2047 787 2089; x_wconf 92' lang='lat' dir='ltr'><strong>ac</strong></span> <span class='ocrx_word' id='word_1_163' title='bbox 814 2027 983 2111; x_wconf 88' lang='lat' dir='ltr'><strong>religiosum</strong></span> <span class='ocrx_word' id='word_1_164' title='bbox 1005 2030 1040 2090; x_wconf 91' lang='lat' dir='ltr'><strong>de</strong></span> <span class='ocrx_word' id='word_1_165' title='bbox 1065 2029 1167 2113; x_wconf 88' lang='lat' dir='ltr'><strong>spiritu</strong></span> <span class='ocrx_word' id='word_1_166' title='bbox 1195 2038 1298 2090; x_wconf 90' lang='lat' dir='ltr'><strong>sancto</strong></span> 
     </span>
     <span class='ocr_line' id='line_1_19' title="bbox 139 2126 1298 2214; baseline -0.001 -21"><span class='ocrx_word' id='word_1_167' title='bbox 139 2133 242 2214; x_wconf 87' lang='lat' dir='ltr'><strong>dogma</strong></span> <span class='ocrx_word' id='word_1_168' title='bbox 260 2149 430 2213; x_wconf 90' lang='lat' dir='ltr'><strong>sequamur.</strong></span> <span class='ocrx_word' id='word_1_169' title='bbox 477 2126 593 2191; x_wconf 79' lang='lat' dir='ltr'><strong>Etenim</strong></span> <span class='ocrx_word' id='word_1_170' title='bbox 613 2130 716 2190; x_wconf 92' lang='lat' dir='ltr'><strong>uuieus</strong></span> <span class='ocrx_word' id='word_1_171' title='bbox 733 2149 768 2190; x_wconf 92' lang='lat' dir='ltr'><strong>ac</strong></span> <span class='ocrx_word' id='word_1_172' title='bbox 784 2128 942 2212; x_wconf 88' lang='lat' dir='ltr'><strong>singularis</strong></span> <span class='ocrx_word' id='word_1_173' title='bbox 963 2142 1010 2192; x_wconf 87' lang='lat' dir='ltr'><strong>est</strong></span> <span class='ocrx_word' id='word_1_174' title='bbox 1026 2129 1145 2213; x_wconf 86' lang='lat' dir='ltr'><strong>spiritus</strong></span> <span class='ocrx_word' id='word_1_175' title='bbox 1163 2130 1211 2192; x_wconf 91' lang='lat' dir='ltr'><strong>ille</strong></span> <span class='ocrx_word' id='word_1_176' title='bbox 1230 2151 1298 2193; x_wconf 92' lang='lat' dir='ltr'><strong>sau·</strong></span> 
     </span>
     <span class='ocr_line' id='line_1_20' title="bbox 140 2229 1298 2317; baseline 0.001 -23"><span class='ocrx_word' id='word_1_177' title='bbox 140 2246 221 2310; x_wconf 89' lang='lat' dir='ltr'><strong>ctus,</strong></span> <span class='ocrx_word' id='word_1_178' title='bbox 258 2230 306 2316; x_wconf 92' lang='lat' dir='ltr'><strong>qui</strong></span> <span class='ocrx_word' id='word_1_179' title='bbox 330 2233 367 2293; x_wconf 85' lang='lat' dir='ltr'><strong>ul)</strong></span> <span class='ocrx_word' id='word_1_180' title='bbox 390 2229 524 2292; x_wconf 89' lang='lat' dir='ltr'><strong>omuibus</strong></span> <span class='ocrx_word' id='word_1_181' title='bbox 548 2230 700 2305; x_wconf 87' lang='lat' dir='ltr'><strong>adoratur,</strong></span> <span class='ocrx_word' id='word_1_182' title='bbox 734 2232 771 2294; x_wconf 90' lang='lat' dir='ltr'><strong>ab</strong></span> <span class='ocrx_word' id='word_1_183' title='bbox 787 2232 923 2294; x_wconf 84' lang='lat' dir='ltr'><strong>omuibus</strong></span> <span class='ocrx_word' id='word_1_184' title='bbox 942 2234 1087 2296; x_wconf 88' lang='lat' dir='ltr'><strong>creaturis</strong></span> <span class='ocrx_word' id='word_1_185' title='bbox 1103 2232 1298 2317; x_wconf 84' lang='lat' dir='ltr'><strong>operibusque</strong></span> 
     </span>
     <span class='ocr_line' id='line_1_21' title="bbox 139 2329 1299 2418; baseline 0.001 -21"><span class='ocrx_word' id='word_1_186' title='bbox 139 2334 334 2398; x_wconf 88' lang='lat' dir='ltr'><strong>desideratur.</strong></span> <span class='ocrx_word' id='word_1_187' title='bbox 382 2329 441 2414; x_wconf 79' lang='lat' dir='ltr'><strong>Qui</strong></span> <span class='ocrx_word' id='word_1_188' title='bbox 459 2353 524 2394; x_wconf 93' lang='lat' dir='ltr'><strong>cum</strong></span> <span class='ocrx_word' id='word_1_189' title='bbox 542 2332 621 2395; x_wconf 94' lang='lat' dir='ltr'><strong>nullo</strong></span> <span class='ocrx_word' id='word_1_190' title='bbox 634 2333 790 2417; x_wconf 88' lang='lat' dir='ltr'><strong>adaequari</strong></span> <span class='ocrx_word' id='word_1_191' title='bbox 810 2344 924 2418; x_wconf 88' lang='lat' dir='ltr'><strong>potest,</strong></span> <span class='ocrx_word' id='word_1_192' title='bbox 955 2336 1151 2418; x_wconf 84' lang='lat' dir='ltr'><strong>rtorraugelo‚</strong></span> <span class='ocrx_word' id='word_1_193' title='bbox 1183 2357 1240 2397; x_wconf 94' lang='lat' dir='ltr'><strong>uou</strong></span> <span class='ocrx_word' id='word_1_194' title='bbox 1259 2335 1299 2398; x_wconf 91' lang='lat' dir='ltr'><strong>al·</strong></span> 
     </span>
     <span class='ocr_line' id='line_1_22' title="bbox 139 2434 1299 2522; baseline -0.002 -21"><span class='ocrx_word' id='word_1_195' title='bbox 139 2449 204 2501; x_wconf 91' lang='lat' dir='ltr'><strong>tero</strong></span> <span class='ocrx_word' id='word_1_196' title='bbox 220 2437 342 2522; x_wconf 89' lang='lat' dir='ltr'><strong>spiritu,</strong></span> <span class='ocrx_word' id='word_1_197' title='bbox 367 2439 419 2498; x_wconf 91' lang='lat' dir='ltr'><strong>sed</strong></span> <span class='ocrx_word' id='word_1_198' title='bbox 439 2455 514 2497; x_wconf 90' lang='lat' dir='ltr'><strong>unus</strong></span> <span class='ocrx_word' id='word_1_199' title='bbox 527 2456 561 2496; x_wconf 93' lang='lat' dir='ltr'><strong>ac</strong></span> <span class='ocrx_word' id='word_1_200' title='bbox 581 2434 739 2517; x_wconf 86' lang='lat' dir='ltr'><strong>singularis</strong></span> <span class='ocrx_word' id='word_1_201' title='bbox 759 2448 816 2499; x_wconf 89' lang='lat' dir='ltr'><strong>est.</strong></span> <span class='ocrx_word' id='word_1_202' title='bbox 860 2435 938 2499; x_wconf 89' lang='lat' dir='ltr'><strong>Nam</strong></span> <span class='ocrx_word' id='word_1_203' title='bbox 958 2459 1024 2500; x_wconf 87' lang='lat' dir='ltr'><strong>eum</strong></span> <span class='ocrx_word' id='word_1_204' title='bbox 1041 2437 1123 2499; x_wconf 91' lang='lat' dir='ltr'><strong>multi</strong></span> <span class='ocrx_word' id='word_1_205' title='bbox 1139 2436 1199 2500; x_wconf 87' lang='lat' dir='ltr'><strong>siut</strong></span> <span class='ocrx_word' id='word_1_206' title='bbox 1214 2438 1299 2522; x_wconf 90' lang='lat' dir='ltr'><strong>spiri·</strong></span> 
     </span>
     <span class='ocr_line' id='line_1_23' title="bbox 139 2538 1300 2624; baseline -0.001 -21"><span class='ocrx_word' id='word_1_207' title='bbox 139 2552 205 2620; x_wconf 86' lang='lat' dir='ltr'><strong>tus,</strong></span> <span class='ocrx_word' id='word_1_208' title='bbox 231 2538 367 2602; x_wconf 89' lang='lat' dir='ltr'><strong>omuibus</strong></span> <span class='ocrx_word' id='word_1_209' title='bbox 384 2538 442 2601; x_wconf 90' lang='lat' dir='ltr'><strong>iste</strong></span> <span class='ocrx_word' id='word_1_210' title='bbox 462 2539 598 2622; x_wconf 86' lang='lat' dir='ltr'><strong>superior</strong></span> <span class='ocrx_word' id='word_1_211' title='bbox 617 2548 679 2614; x_wconf 87' lang='lat' dir='ltr'><strong>est,</strong></span> <span class='ocrx_word' id='word_1_212' title='bbox 712 2548 811 2622; x_wconf 88' lang='lat' dir='ltr'><strong>utpote</strong></span> <span class='ocrx_word' id='word_1_213' title='bbox 828 2540 875 2621; x_wconf 90' lang='lat' dir='ltr'><strong>qui</strong></span> <span class='ocrx_word' id='word_1_214' title='bbox 892 2560 1038 2624; x_wconf 88' lang='lat' dir='ltr'><strong>sempera</strong></span> <span class='ocrx_word' id='word_1_215' title='bbox 1056 2550 1137 2623; x_wconf 90' lang='lat' dir='ltr'><strong>patre</strong></span> <span class='ocrx_word' id='word_1_216' title='bbox 1157 2539 1212 2616; x_wconf 88' lang='lat' dir='ltr'><strong>sit,</strong></span> <span class='ocrx_word' id='word_1_217' title='bbox 1245 2560 1300 2602; x_wconf 91' lang='lat' dir='ltr'><strong>uec</strong></span> 
     </span>
     <span class='ocr_line' id='line_1_24' title="bbox 140 2639 1297 2725; baseline -0.001 -21"><span class='ocrx_word' id='word_1_218' title='bbox 140 2645 175 2704; x_wconf 92' lang='lat' dir='ltr'><strong>ab</strong></span> <span class='ocrx_word' id='word_1_219' title='bbox 186 2641 252 2704; x_wconf 86' lang='lat' dir='ltr'><strong>aliis</strong></span> <span class='ocrx_word' id='word_1_220' title='bbox 267 2662 342 2725; x_wconf 88' lang='lat' dir='ltr'><strong>quae</strong></span> <span class='ocrx_word' id='word_1_221' title='bbox 358 2661 375 2703; x_wconf 91' lang='lat' dir='ltr'><strong>e</strong></span> <span class='ocrx_word' id='word_1_222' title='bbox 391 2641 481 2702; x_wconf 87' lang='lat' dir='ltr'><strong>nihilo</strong></span> <span class='ocrx_word' id='word_1_223' title='bbox 498 2643 639 2724; x_wconf 89' lang='lat' dir='ltr'><strong>producta</strong></span> <span class='ocrx_word' id='word_1_224' title='bbox 661 2652 730 2703; x_wconf 90' lang='lat' dir='ltr'><strong>snut</strong></span> <span class='ocrx_word' id='word_1_225' title='bbox 752 2642 873 2704; x_wconf 79' lang='lat' dir='ltr'><strong>existat.</strong></span> <span class='ocrx_word' id='word_1_226' title='bbox 918 2639 1025 2705; x_wconf 90' lang='lat' dir='ltr'><strong>Plures</strong></span> <span class='ocrx_word' id='word_1_227' title='bbox 1049 2654 1135 2720; x_wconf 91' lang='lat' dir='ltr'><strong>suut,</strong></span> <span class='ocrx_word' id='word_1_228' title='bbox 1168 2642 1297 2724; x_wconf 90' lang='lat' dir='ltr'><strong>iuquam,</strong></span> 
     </span>
     <span class='ocr_line' id='line_1_25' title="bbox 140 2742 1300 2828; baseline 0.002 -24"><span class='ocrx_word' id='word_1_229' title='bbox 140 2744 277 2828; x_wconf 83' lang='lat' dir='ltr'><strong>spiritus,</strong></span> <span class='ocrx_word' id='word_1_230' title='bbox 307 2745 358 2807; x_wconf 91' lang='lat' dir='ltr'><strong>sed</strong></span> <span class='ocrx_word' id='word_1_231' title='bbox 383 2764 459 2806; x_wconf 92' lang='lat' dir='ltr'><strong>unus</strong></span> <span class='ocrx_word' id='word_1_232' title='bbox 483 2754 528 2804; x_wconf 91' lang='lat' dir='ltr'><strong>est</strong></span> <span class='ocrx_word' id='word_1_233' title='bbox 552 2742 689 2827; x_wconf 88' lang='lat' dir='ltr'><strong>spiritus,</strong></span> <span class='ocrx_word' id='word_1_234' title='bbox 722 2754 861 2822; x_wconf 71' lang='lat' dir='ltr'><strong>sauctus,</strong></span> <span class='ocrx_word' id='word_1_235' title='bbox 892 2746 1133 2827; x_wconf 88' lang='lat' dir='ltr'><strong>quemadmodum</strong></span> <span class='ocrx_word' id='word_1_236' title='bbox 1158 2765 1232 2807; x_wconf 91' lang='lat' dir='ltr'><strong>uuus</strong></span> <span class='ocrx_word' id='word_1_237' title='bbox 1255 2753 1300 2806; x_wconf 91' lang='lat' dir='ltr'><strong>est</strong></span> 
     </span>
     <span class='ocr_line' id='line_1_26' title="bbox 142 2843 1322 2931; baseline 0 -24"><span class='ocrx_word' id='word_1_238' title='bbox 142 2848 231 2922; x_wconf 88' lang='lat' dir='ltr'><strong>deus,</strong></span> <span class='ocrx_word' id='word_1_239' title='bbox 263 2856 292 2907; x_wconf 90' lang='lat' dir='ltr'><strong>et</strong></span> <span class='ocrx_word' id='word_1_240' title='bbox 314 2866 389 2908; x_wconf 91' lang='lat' dir='ltr'><strong>uuus</strong></span> <span class='ocrx_word' id='word_1_241' title='bbox 413 2846 458 2908; x_wconf 92' lang='lat' dir='ltr'><strong>dei</strong></span> <span class='ocrx_word' id='word_1_242' title='bbox 484 2845 560 2908; x_wconf 89' lang='lat' dir='ltr'><strong>lilius</strong></span> <span class='ocrx_word' id='word_1_243' title='bbox 585 2845 765 2929; x_wconf 84' lang='lat' dir='ltr'><strong>unigenitus.</strong></span> <span class='ocrx_word' id='word_1_244' title='bbox 813 2843 864 2909; x_wconf 85' lang='lat' dir='ltr'><strong>Sic</strong></span> <span class='ocrx_word' id='word_1_245' title='bbox 892 2858 921 2909; x_wconf 90' lang='lat' dir='ltr'><strong>et</strong></span> <span class='ocrx_word' id='word_1_246' title='bbox 938 2857 1058 2910; x_wconf 88' lang='lat' dir='ltr'><strong>sanetus</strong></span> <span class='ocrx_word' id='word_1_247' title='bbox 1081 2848 1125 2910; x_wconf 90' lang='lat' dir='ltr'><strong>dei</strong></span> <span class='ocrx_word' id='word_1_248' title='bbox 1145 2847 1266 2931; x_wconf 86' lang='lat' dir='ltr'><strong>spiritus</strong></span> <span class='ocrx_word' id='word_1_249' title='bbox 1283 2866 1322 2907; x_wconf 53' lang='lat' dir='ltr'><strong>a&lt;</strong></span> 
     </span>
     <span class='ocr_line' id='line_1_27' title="bbox 142 2944 1301 3035; baseline 0.005 -27"><span class='ocrx_word' id='word_1_250' title='bbox 142 2949 197 3009; x_wconf 91' lang='lat' dir='ltr'><strong>deo</strong></span> <span class='ocrx_word' id='word_1_251' title='bbox 222 2959 286 3024; x_wconf 89' lang='lat' dir='ltr'><strong>est,</strong></span> <span class='ocrx_word' id='word_1_252' title='bbox 317 2948 398 3012; x_wconf 90' lang='lat' dir='ltr'><strong>etin</strong></span> <span class='ocrx_word' id='word_1_253' title='bbox 421 2948 488 3012; x_wconf 91' lang='lat' dir='ltr'><strong>deo.</strong></span> <span class='ocrx_word' id='word_1_254' title='bbox 536 2944 637 3031; x_wconf 89' lang='lat' dir='ltr'><strong>ltaque</strong></span> <span class='ocrx_word' id='word_1_255' title='bbox 664 2959 693 3011; x_wconf 91' lang='lat' dir='ltr'><strong>et</strong></span> <span class='ocrx_word' id='word_1_256' title='bbox 715 2947 882 3031; x_wconf 81' lang='lat' dir='ltr'><strong>unigenitus</strong></span> <span class='ocrx_word' id='word_1_257' title='bbox 904 2948 981 3011; x_wconf 89' lang='lat' dir='ltr'><strong>lilius</strong></span> <span class='ocrx_word' id='word_1_258' title='bbox 998 2949 1301 3035; x_wconf 86' lang='lat' dir='ltr'><strong>incomprehensibilis</strong></span> 
     </span>
     <span class='ocr_line' id='line_1_28' title="bbox 143 3046 1301 3136; baseline 0.005 -26"><span class='ocrx_word' id='word_1_259' title='bbox 143 3059 205 3126; x_wconf 88' lang='lat' dir='ltr'><strong>est,</strong></span> <span class='ocrx_word' id='word_1_260' title='bbox 235 3061 262 3111; x_wconf 88' lang='lat' dir='ltr'><strong>et</strong></span> <span class='ocrx_word' id='word_1_261' title='bbox 284 3050 405 3133; x_wconf 85' lang='lat' dir='ltr'><strong>spiritus</strong></span> <span class='ocrx_word' id='word_1_262' title='bbox 429 3050 744 3135; x_wconf 84' lang='lat' dir='ltr'><strong>incompreheusibilis.</strong></span> <span class='ocrx_word' id='word_1_263' title='bbox 792 3046 850 3132; x_wconf 78' lang='lat' dir='ltr'><strong>Qui</strong></span> <span class='ocrx_word' id='word_1_264' title='bbox 869 3060 898 3114; x_wconf 93' lang='lat' dir='ltr'><strong>et</strong></span> <span class='ocrx_word' id='word_1_265' title='bbox 921 3053 1010 3114; x_wconf 89' lang='lat' dir='ltr'><strong>adeo</strong></span> <span class='ocrx_word' id='word_1_266' title='bbox 1030 3053 1178 3136; x_wconf 89' lang='lat' dir='ltr'><strong>procedit,</strong></span> <span class='ocrx_word' id='word_1_267' title='bbox 1209 3070 1301 3116; x_wconf 85' lang='lat' dir='ltr'><strong>ueea</strong></span> 
     </span>
     <span class='ocr_line' id='line_1_29' title="bbox 143 3150 1301 3238; baseline 0.002 -24"><span class='ocrx_word' id='word_1_268' title='bbox 143 3164 225 3236; x_wconf 87' lang='lat' dir='ltr'><strong>patre</strong></span> <span class='ocrx_word' id='word_1_269' title='bbox 240 3163 270 3214; x_wconf 87' lang='lat' dir='ltr'><strong>et</strong></span> <span class='ocrx_word' id='word_1_270' title='bbox 285 3153 343 3214; x_wconf 89' lang='lat' dir='ltr'><strong>lilio</strong></span> <span class='ocrx_word' id='word_1_271' title='bbox 359 3151 472 3214; x_wconf 90' lang='lat' dir='ltr'><strong>alienus</strong></span> <span class='ocrx_word' id='word_1_272' title='bbox 487 3164 543 3216; x_wconf 89' lang='lat' dir='ltr'><strong>est.</strong></span> <span class='ocrx_word' id='word_1_273' title='bbox 590 3150 697 3236; x_wconf 88' lang='lat' dir='ltr'><strong>Neque</strong></span> <span class='ocrx_word' id='word_1_274' title='bbox 724 3173 797 3216; x_wconf 87' lang='lat' dir='ltr'><strong>vero</strong></span> <span class='ocrx_word' id='word_1_275' title='bbox 819 3175 884 3215; x_wconf 92' lang='lat' dir='ltr'><strong>cum</strong></span> <span class='ocrx_word' id='word_1_276' title='bbox 910 3163 991 3238; x_wconf 86' lang='lat' dir='ltr'><strong>patre</strong></span> <span class='ocrx_word' id='word_1_277' title='bbox 1011 3164 1041 3216; x_wconf 88' lang='lat' dir='ltr'><strong>et</strong></span> <span class='ocrx_word' id='word_1_278' title='bbox 1057 3155 1115 3216; x_wconf 88' lang='lat' dir='ltr'><strong>lilio</strong></span> <span class='ocrx_word' id='word_1_279' title='bbox 1134 3155 1215 3217; x_wconf 88' lang='lat' dir='ltr'><strong>velut</strong></span> <span class='ocrx_word' id='word_1_280' title='bbox 1233 3176 1301 3238; x_wconf 87' lang='lat' dir='ltr'><strong>qua·</strong></span> 
     </span>
     <span class='ocr_line' id='line_1_30' title="bbox 142 3254 1299 3339; baseline 0.002 -22"><span class='ocrx_word' id='word_1_281' title='bbox 142 3257 207 3317; x_wconf 89' lang='lat' dir='ltr'><strong>dam</strong></span> <span class='ocrx_word' id='word_1_282' title='bbox 220 3254 393 3316; x_wconf 79' lang='lat' dir='ltr'><strong>confusione</strong></span> <span class='ocrx_word' id='word_1_283' title='bbox 406 3256 561 3336; x_wconf 81' lang='lat' dir='ltr'><strong>coalescit3</strong></span> <span class='ocrx_word' id='word_1_284' title='bbox 578 3256 629 3321; x_wconf 88' lang='lat' dir='ltr'><strong>sed</strong></span> <span class='ocrx_word' id='word_1_285' title='bbox 641 3255 758 3318; x_wconf 83' lang='lat' dir='ltr'><strong>trinitas</strong></span> <span class='ocrx_word' id='word_1_286' title='bbox 773 3256 903 3320; x_wconf 91' lang='lat' dir='ltr'><strong>eiusdem</strong></span> <span class='ocrx_word' id='word_1_287' title='bbox 917 3276 1034 3339; x_wconf 87' lang='lat' dir='ltr'><strong>semper</strong></span> <span class='ocrx_word' id='word_1_288' title='bbox 1047 3267 1092 3319; x_wconf 92' lang='lat' dir='ltr'><strong>est</strong></span> <span class='ocrx_word' id='word_1_289' title='bbox 1104 3258 1299 3334; x_wconf 87' lang='lat' dir='ltr'><strong>substantiae,</strong></span> 
     </span>
     <span class='ocr_line' id='line_1_31' title="bbox 144 3356 1300 3443; baseline 0.002 -25"><span class='ocrx_word' id='word_1_290' title='bbox 144 3378 202 3418; x_wconf 93' lang='lat' dir='ltr'><strong>uou</strong></span> <span class='ocrx_word' id='word_1_291' title='bbox 219 3356 340 3419; x_wconf 89' lang='lat' dir='ltr'><strong>alterins</strong></span> <span class='ocrx_word' id='word_1_292' title='bbox 357 3359 557 3421; x_wconf 75' lang='lat' dir='ltr'><strong>adiviuitates</strong></span> <span class='ocrx_word' id='word_1_293' title='bbox 578 3378 673 3443; x_wconf 89' lang='lat' dir='ltr'><strong>neque</strong></span> <span class='ocrx_word' id='word_1_294' title='bbox 692 3358 831 3421; x_wconf 87' lang='lat' dir='ltr'><strong>diviuitas</strong></span> <span class='ocrx_word' id='word_1_295' title='bbox 849 3360 940 3421; x_wconf 89' lang='lat' dir='ltr'><strong>altera</strong></span> <span class='ocrx_word' id='word_1_296' title='bbox 957 3370 1004 3421; x_wconf 89' lang='lat' dir='ltr'><strong>est</strong></span> <span class='ocrx_word' id='word_1_297' title='bbox 1019 3380 1036 3422; x_wconf 92' lang='lat' dir='ltr'><strong>a</strong></span> <span class='ocrx_word' id='word_1_298' title='bbox 1054 3359 1230 3437; x_wconf 87' lang='lat' dir='ltr'><strong>substantia,</strong></span> <span class='ocrx_word' id='word_1_299' title='bbox 1248 3359 1300 3422; x_wconf 93' lang='lat' dir='ltr'><strong>sed</strong></span> 
     </span>
     <span class='ocr_line' id='line_1_32' title="bbox 142 3460 1302 3546; baseline 0.003 -27"><span class='ocrx_word' id='word_1_300' title='bbox 142 3460 204 3543; x_wconf 89' lang='lat' dir='ltr'><strong>ipsa</strong></span> <span class='ocrx_word' id='word_1_301' title='bbox 221 3478 274 3542; x_wconf 92' lang='lat' dir='ltr'><strong>per</strong></span> <span class='ocrx_word' id='word_1_302' title='bbox 290 3478 358 3521; x_wconf 86' lang='lat' dir='ltr'><strong>sese</strong></span> <span class='ocrx_word' id='word_1_303' title='bbox 371 3460 526 3539; x_wconf 87' lang='lat' dir='ltr'><strong>diviuitas,</strong></span> <span class='ocrx_word' id='word_1_304' title='bbox 559 3472 589 3523; x_wconf 93' lang='lat' dir='ltr'><strong>et</strong></span> <span class='ocrx_word' id='word_1_305' title='bbox 607 3481 647 3522; x_wconf 77' lang='lat' dir='ltr'><strong>ex</strong></span> <span class='ocrx_word' id='word_1_306' title='bbox 665 3462 766 3523; x_wconf 89' lang='lat' dir='ltr'><strong>eadem</strong></span> <span class='ocrx_word' id='word_1_307' title='bbox 785 3461 937 3524; x_wconf 85' lang='lat' dir='ltr'><strong>divinitate</strong></span> <span class='ocrx_word' id='word_1_308' title='bbox 957 3462 1032 3525; x_wconf 90' lang='lat' dir='ltr'><strong>lilius</strong></span> <span class='ocrx_word' id='word_1_309' title='bbox 1048 3483 1083 3524; x_wconf 90' lang='lat' dir='ltr'><strong>ac</strong></span> <span class='ocrx_word' id='word_1_310' title='bbox 1099 3462 1220 3546; x_wconf 85' lang='lat' dir='ltr'><strong>spiritus</strong></span> <span class='ocrx_word' id='word_1_311' title='bbox 1234 3482 1302 3522; x_wconf 91' lang='lat' dir='ltr'><strong>sau·</strong></span> 
     </span>
     <span class='ocr_line' id='line_1_33' title="bbox 143 3561 1300 3648; baseline 0.003 -26"><span class='ocrx_word' id='word_1_312' title='bbox 143 3575 207 3623; x_wconf 87' lang='lat' dir='ltr'><strong>etus</strong></span> <span class='ocrx_word' id='word_1_313' title='bbox 232 3561 345 3623; x_wconf 77' lang='lat' dir='ltr'><strong>existit.</strong></span> <span class='ocrx_word' id='word_1_314' title='bbox 394 3565 492 3646; x_wconf 88' lang='lat' dir='ltr'><strong>ltaque</strong></span> <span class='ocrx_word' id='word_1_315' title='bbox 518 3563 640 3646; x_wconf 88' lang='lat' dir='ltr'><strong>spiritus</strong></span> <span class='ocrx_word' id='word_1_316' title='bbox 663 3563 784 3648; x_wconf 87' lang='lat' dir='ltr'><strong>spiritns</strong></span> <span class='ocrx_word' id='word_1_317' title='bbox 810 3575 929 3627; x_wconf 90' lang='lat' dir='ltr'><strong>sauctus</strong></span> <span class='ocrx_word' id='word_1_318' title='bbox 956 3576 1018 3641; x_wconf 91' lang='lat' dir='ltr'><strong>est,</strong></span> <span class='ocrx_word' id='word_1_319' title='bbox 1050 3575 1080 3627; x_wconf 93' lang='lat' dir='ltr'><strong>et</strong></span> <span class='ocrx_word' id='word_1_320' title='bbox 1103 3565 1180 3627; x_wconf 88' lang='lat' dir='ltr'><strong>lilius</strong></span> <span class='ocrx_word' id='word_1_321' title='bbox 1204 3563 1300 3625; x_wconf 77' lang='lat' dir='ltr'><strong>lilius:</strong></span> 
     </span>
     <span class='ocr_line' id='line_1_34' title="bbox 144 3666 1416 3774; baseline 0.001 -50"><span class='ocrx_word' id='word_1_322' title='bbox 144 3666 272 3744; x_wconf 83' lang='lat' dir='ltr'><strong>Spiritus</strong></span> <span class='ocrx_word' id='word_1_323' title='bbox 289 3684 354 3724; x_wconf 83' lang='lat' dir='ltr'><strong>cero</strong></span> <span class='ocrx_word' id='word_1_324' title='bbox 377 3676 493 3745; x_wconf 83' lang='lat' dir='ltr'><strong>epatre</strong></span> <span class='ocrx_word' id='word_1_325' title='bbox 505 3670 676 3746; x_wconf 83' lang='lat' dir='ltr'><strong>procedens,</strong></span> <span class='ocrx_word' id='word_1_326' title='bbox 706 3676 735 3725; x_wconf 88' lang='lat' dir='ltr'><strong>et</strong></span> <span class='ocrx_word' id='word_1_327' title='bbox 751 3669 846 3745; x_wconf 80' lang='lat' dir='ltr'><strong>ustlr&#39;o</strong></span> <span class='ocrx_word' id='word_1_328' title='bbox 860 3672 1016 3748; x_wconf 72' lang='lat' dir='ltr'><strong>ueerpzeus,</strong></span> <span class='ocrx_word' id='word_1_329' title='bbox 1051 3689 1086 3728; x_wconf 87' lang='lat' dir='ltr'><strong>ur</strong></span> <span class='ocrx_word' id='word_1_330' title='bbox 1101 3668 1301 3748; x_wconf 83' lang='lat' dir='ltr'><strong>deiprusuudu</strong></span> <span class='ocrx_word' id='word_1_331' title='bbox 1338 3677 1416 3774; x_wconf 57' lang='lat'><strong>{⁰5²⁰}</strong></span> 
     </span>
     <span class='ocr_line' id='line_1_35' title="bbox 139 3758 1421 3851; baseline 0.001 -24"><span class='ocrx_word' id='word_1_332' title='bbox 139 3776 342 3847; x_wconf 82' lang='lat' dir='ltr'><strong>perscrutans,</strong></span> <span class='ocrx_word' id='word_1_333' title='bbox 379 3769 558 3851; x_wconf 89' lang='lat' dir='ltr'><strong>etquaead</strong></span> <span class='ocrx_word' id='word_1_334' title='bbox 581 3767 672 3828; x_wconf 86' lang='lat' dir='ltr'><strong>lilium</strong></span> <span class='ocrx_word' id='word_1_335' title='bbox 698 3772 958 3850; x_wconf 88' lang='lat' dir='ltr'><strong>spectautmundo</strong></span> <span class='ocrx_word' id='word_1_336' title='bbox 983 3770 1138 3844; x_wconf 89' lang='lat' dir='ltr'><strong>nuntians,</strong></span> <span class='ocrx_word' id='word_1_337' title='bbox 1172 3767 1303 3829; x_wconf 88' lang='lat' dir='ltr'><strong>sauctili·</strong></span> <span class='ocrx_word' id='word_1_338' title='bbox 1367 3762 1375 3787; x_wconf 91' lang='lat'>’</span> <span class='ocrx_word' id='word_1_339' title='bbox 1414 3758 1421 3775; x_wconf 76' lang='lat'>⁸</span> 
     </span>
     <span class='ocr_line' id='line_1_36' title="bbox 143 3867 1302 3955; baseline 0.002 -24"><span class='ocrx_word' id='word_1_340' title='bbox 143 3890 231 3945; x_wconf 87' lang='lat' dir='ltr'><strong>caus,</strong></span> <span class='ocrx_word' id='word_1_341' title='bbox 265 3877 295 3929; x_wconf 88' lang='lat' dir='ltr'><strong>et</strong></span> <span class='ocrx_word' id='word_1_342' title='bbox 319 3879 439 3930; x_wconf 87' lang='lat' dir='ltr'><strong>sauctus</strong></span> <span class='ocrx_word' id='word_1_343' title='bbox 462 3891 514 3954; x_wconf 90' lang='lat' dir='ltr'><strong>per</strong></span> <span class='ocrx_word' id='word_1_344' title='bbox 539 3867 698 3931; x_wconf 86' lang='lat' dir='ltr'><strong>trinitatem</strong></span> <span class='ocrx_word' id='word_1_345' title='bbox 715 3870 856 3932; x_wconf 88' lang='lat' dir='ltr'><strong>efficiens.</strong></span> <span class='ocrx_word' id='word_1_346' title='bbox 903 3869 962 3952; x_wconf 82' lang='lat' dir='ltr'><strong>Qui</strong></span> <span class='ocrx_word' id='word_1_347' title='bbox 982 3883 1012 3933; x_wconf 93' lang='lat' dir='ltr'><strong>et</strong></span> <span class='ocrx_word' id='word_1_348' title='bbox 1030 3870 1222 3955; x_wconf 78' lang='lat' dir='ltr'><strong>appellatione</strong></span> <span class='ocrx_word' id='word_1_349' title='bbox 1244 3882 1302 3933; x_wconf 92' lang='lat' dir='ltr'><strong>ter·</strong></span> 
     </span>
     <span class='ocr_line' id='line_1_37' title="bbox 143 3971 1300 4056; baseline 0.001 -22"><span class='ocrx_word' id='word_1_350' title='bbox 143 3974 201 4036; x_wconf 90' lang='lat' dir='ltr'><strong>tius</strong></span> <span class='ocrx_word' id='word_1_351' title='bbox 220 3982 283 4049; x_wconf 90' lang='lat' dir='ltr'><strong>est,</strong></span> <span class='ocrx_word' id='word_1_352' title='bbox 317 3972 452 4054; x_wconf 87' lang='lat' dir='ltr'><strong>qnoniam</strong></span> <span class='ocrx_word' id='word_1_353' title='bbox 471 3971 649 4033; x_wconf 86' lang='lat' dir='ltr'><strong>trinitasest</strong></span> <span class='ocrx_word' id='word_1_354' title='bbox 667 3981 766 4054; x_wconf 84' lang='lat' dir='ltr'><strong>pater,</strong></span> <span class='ocrx_word' id='word_1_355' title='bbox 799 3981 828 4032; x_wconf 90' lang='lat' dir='ltr'><strong>et</strong></span> <span class='ocrx_word' id='word_1_356' title='bbox 846 3971 944 4051; x_wconf 87' lang='lat' dir='ltr'><strong>lilius,</strong></span> <span class='ocrx_word' id='word_1_357' title='bbox 976 3985 1004 4035; x_wconf 91' lang='lat' dir='ltr'><strong>et</strong></span> <span class='ocrx_word' id='word_1_358' title='bbox 1027 3973 1150 4056; x_wconf 89' lang='lat' dir='ltr'><strong>spiritus</strong></span> <span class='ocrx_word' id='word_1_359' title='bbox 1169 3983 1300 4036; x_wconf 85' lang='lat' dir='ltr'><strong>sauctus.</strong></span> 
     </span>
    </p>
   </div>
   <div class='ocr_carea' id='block_1_4' title="bbox 143 4074 1411 4200">
    <p class='ocr_par' dir='ltr' id='par_1_4' title="bbox 143 4074 1411 4200">
     <span class='ocr_line' id='line_1_38' title="bbox 143 4074 1411 4200; baseline -0.002 -63"><span class='ocrx_word' id='word_1_360' title='bbox 143 4080 251 4137; x_wconf 82' lang='lat' dir='ltr'><strong>Euntes</strong></span> <span class='ocrx_word' id='word_1_361' title='bbox 266 4079 356 4148; x_wconf 78' lang='lat' dir='ltr'><strong>entim,</strong></span> <span class='ocrx_word' id='word_1_362' title='bbox 382 4074 493 4157; x_wconf 90' lang='lat' dir='ltr'><strong>iuquit,</strong></span> <span class='ocrx_word' id='word_1_363' title='bbox 527 4076 670 4153; x_wconf 77' lang='lat' dir='ltr'><strong>buptr&#39;znte</strong></span> <span class='ocrx_word' id='word_1_364' title='bbox 685 4077 713 4134; x_wconf 85' lang='lat' dir='ltr'><strong>r&#39;u</strong></span> <span class='ocrx_word' id='word_1_365' title='bbox 730 4078 840 4134; x_wconf 69' lang='lat' dir='ltr'><strong>alumnae</strong></span> <span class='ocrx_word' id='word_1_366' title='bbox 852 4081 961 4155; x_wconf 78' lang='lat' dir='ltr'><strong>putris,</strong></span> <span class='ocrx_word' id='word_1_367' title='bbox 994 4088 1024 4138; x_wconf 89' lang='lat' dir='ltr'><strong>et</strong></span> <span class='ocrx_word' id='word_1_368' title='bbox 1033 4078 1109 4154; x_wconf 76' lang='lat' dir='ltr'><strong>fiat,</strong></span> <span class='ocrx_word' id='word_1_369' title='bbox 1141 4079 1300 4156; x_wconf 79' lang='lat' dir='ltr'><strong>etspriu&#39;tus</strong></span> <span class='ocrx_word' id='word_1_370' title='bbox 1326 4088 1411 4200; x_wconf 44' lang='lat' dir='ltr'><strong>wll</strong></span> 
     </span>
    </p>
   </div>
   <div class='ocr_carea' id='block_1_5' title="bbox 142 4243 1303 4586">
    <p class='ocr_par' dir='ltr' id='par_1_5' title="bbox 142 4243 1303 4310">
     <span class='ocr_line' id='line_1_39' title="bbox 142 4243 1303 4310; baseline 0.005 -15"><span class='ocrx_word' id='word_1_371' title='bbox 142 4249 210 4296; x_wconf 79' lang='lat' dir='ltr'><strong>uertit</strong></span> <span class='ocrx_word' id='word_1_372' title='bbox 224 4243 256 4294; x_wconf 89' lang='lat' dir='ltr'><strong>de</strong></span> <span class='ocrx_word' id='word_1_373' title='bbox 270 4244 324 4295; x_wconf 84' lang='lat' dir='ltr'><strong>eliis</strong></span> <span class='ocrx_word' id='word_1_374' title='bbox 346 4262 376 4294; x_wconf 88' lang='lat' dir='ltr'><strong>ex</strong></span> <span class='ocrx_word' id='word_1_375' title='bbox 399 4244 477 4296; x_wconf 89' lang='lat' dir='ltr'><strong>nihilo</strong></span> <span class='ocrx_word' id='word_1_376' title='bbox 493 4244 567 4295; x_wconf 81' lang='lat' dir='ltr'><strong>factis</strong></span> <span class='ocrx_word' id='word_1_377' title='bbox 584 4243 703 4310; x_wconf 81' lang='lat' dir='ltr'><strong>existens)</strong></span> <span class='ocrx_word' id='word_1_378' title='bbox 738 4259 782 4308; x_wconf 83' lang='lat' dir='ltr'><strong>que</strong></span> <span class='ocrx_word' id='word_1_379' title='bbox 797 4250 823 4295; x_wconf 82' lang='lat' dir='ltr'><strong>iu</strong></span> <span class='ocrx_word' id='word_1_380' title='bbox 838 4247 908 4297; x_wconf 82' lang='lat' dir='ltr'><strong>cedd.</strong></span> <span class='ocrx_word' id='word_1_381' title='bbox 927 4262 982 4299; x_wconf 79' lang='lat' dir='ltr'><strong>msa.</strong></span> <span class='ocrx_word' id='word_1_382' title='bbox 1008 4250 1120 4299; x_wconf 74' lang='lat' dir='ltr'><strong>Petuntur</strong></span> <span class='ocrx_word' id='word_1_383' title='bbox 1135 4246 1209 4297; x_wconf 81' lang='lat' dir='ltr'><strong>edidit</strong></span> <span class='ocrx_word' id='word_1_384' title='bbox 1229 4263 1303 4301; x_wconf 75' lang='grc' dir='ltr'>συνα-</span> 
     </span>
    </p>

    <p class='ocr_par' dir='ltr' id='par_1_6' title="bbox 143 4310 1031 4399">
     <span class='ocr_line' id='line_1_40' title="bbox 143 4310 1031 4399; baseline 0.006 -37"><span class='ocrx_word' id='word_1_385' title='bbox 143 4319 165 4362; x_wconf 83' lang='lat' dir='ltr'><strong>et</strong></span> <span class='ocrx_word' id='word_1_386' title='bbox 182 4315 306 4364; x_wconf 87' lang='lat' dir='ltr'><strong>Petoutum</strong></span> <span class='ocrx_word' id='word_1_387' title='bbox 321 4320 419 4365; x_wconf 82' lang='lat' dir='ltr'><strong>secutus.</strong></span> <span class='ocrx_word' id='word_1_388' title='bbox 453 4317 519 4364; x_wconf 73' lang='lat' dir='ltr'><strong>unu</strong></span> <span class='ocrx_word' id='word_1_389' title='bbox 535 4316 621 4365; x_wconf 78' lang='lat' dir='ltr'><strong>tutent</strong></span> <span class='ocrx_word' id='word_1_390' title='bbox 634 4310 705 4379; x_wconf 65' lang='lat' dir='ltr'><strong>pmo&#39;-</strong></span> <span class='ocrx_word' id='word_1_391' title='bbox 739 4315 831 4397; x_wconf 53' lang='lat' dir='ltr'><strong>impp,</strong></span> <span class='ocrx_word' id='word_1_392' title='bbox 862 4379 870 4398; x_wconf 61' lang='lat'><em>⁷</em></span> <span class='ocrx_word' id='word_1_393' title='bbox 1026 4388 1031 4399; x_wconf 39' lang='grc' dir='ltr'>Ι</span> 
     </span>
    </p>

    <p class='ocr_par' dir='ltr' id='par_1_7' title="bbox 145 4385 1300 4586">
     <span class='ocr_line' id='line_1_41' title="bbox 145 4385 1300 4520; baseline 0.003 -20"><span class='ocrx_word' id='word_1_394' title='bbox 145 4397 286 4501; x_wconf 50' lang='lat' dir='ltr'><strong>mlwtttrt</strong></span> <span class='ocrx_word' id='word_1_395' title='bbox 303 4454 387 4502; x_wconf 79' lang='lat' dir='ltr'><strong>tabent</strong></span> <span class='ocrx_word' id='word_1_396' title='bbox 403 4448 431 4503; x_wconf 79' lang='lat' dir='ltr'><strong>ml</strong></span> <span class='ocrx_word' id='word_1_397' title='bbox 452 4450 502 4516; x_wconf 67' lang='lat' dir='ltr'><strong>pto</strong></span> <span class='ocrx_word' id='word_1_398' title='bbox 772 4385 1073 4509; x_wconf 50' lang='lat' dir='ltr'><strong>ldoelltoiciidcodaledllm.</strong></span> <span class='ocrx_word' id='word_1_399' title='bbox 1099 4460 1194 4520; x_wconf 81' lang='lat' dir='ltr'><strong>uterquc</strong></span> <span class='ocrx_word' id='word_1_400' title='bbox 1220 4459 1242 4505; x_wconf 88' lang='lat' dir='ltr'><strong>et</strong></span> <span class='ocrx_word' id='word_1_401' title='bbox 1264 4456 1300 4506; x_wconf 73' lang='lat' dir='ltr'><strong>ed</strong></span> 
     </span>
     <span class='ocr_line' id='line_1_42' title="bbox 177 4516 813 4586; baseline -0.002 -16"><span class='ocrx_word' id='word_1_402' title='bbox 177 4516 201 4570; x_wconf 78' lang='lat'><strong>8·</strong></span> <span class='ocrx_word' id='word_1_403' title='bbox 219 4521 255 4572; x_wconf 83' lang='lat' dir='ltr'><strong>tto</strong></span> <span class='ocrx_word' id='word_1_404' title='bbox 269 4524 381 4583; x_wconf 79' lang='lat' dir='ltr'><strong>scriptum</strong></span> <span class='ocrx_word' id='word_1_405' title='bbox 397 4525 430 4570; x_wconf 86' lang='lat' dir='ltr'><strong>eat</strong></span> <span class='ocrx_word' id='word_1_406' title='bbox 444 4523 487 4575; x_wconf 82' lang='lat' dir='ltr'><strong>noe</strong></span> <span class='ocrx_word' id='word_1_407' title='bbox 499 4522 639 4575; x_wconf 72' lang='lat' dir='ltr'><strong>vccabulum</strong></span> <span class='ocrx_word' id='word_1_408' title='bbox 653 4522 705 4575; x_wconf 78' lang='lat' dir='ltr'><strong>unt·</strong></span> <span class='ocrx_word' id='word_1_409' title='bbox 736 4535 813 4586; x_wconf 65' lang='lat' dir='ltr'><strong>manc.</strong></span> 
     </span>
    </p>
   </div>
   <div class='ocr_carea' id='block_1_6' title="bbox 0 0 1560 5070">
    <p class='ocr_par' dir='ltr' id='par_1_8' title="bbox 0 0 1560 5070">
     <span class='ocr_line' id='line_1_43' title="bbox 0 0 1560 5070; baseline 0 0"><span class='ocrx_word' id='word_1_410' title='bbox 0 0 1560 5070; x_wconf 95' lang='lat' dir='ltr'><strong> </strong></span> 
     </span>
    </p>
   </div>
  </div>
 </body>
</html>
