3096 5070
449 333 586 386 PANARH
604 332 668 384 nte.
681 332 725 383 ΙΙΙ.
740 331 824 384 ΤΟΜ.
837 332 858 382 1.
876 330 974 382 HAER.
990 329 1086 381 Lxxr.
1305 317 1349 379 47

190 453 281 539 dens,
306 474 341 517 ac
359 454 427 538 qnid
445 453 557 537 decepti
574 451 707 515 bonnues
724 450 878 535 cogitaturi
895 450 1050 533 niiqnnudo
1070 450 1183 522 forent,
1208 459 1297 533 utque
1313 447 1349 510 nb

192 577 225 619 sc
249 557 371 641 quisque
397 557 550 619 veritatem
569 555 785 617 abiudicatnrns
802 564 884 616 esset
906 552 1090 634 intelligens,
1118 555 1216 626 Nr'dr't,
1241 550 1347 634 inquit,
1363 562 1501 619 tonante.

190 681 208 719 n
232 665 324 740 serpso
346 663 421 738 furit
431 662 536 739 filins,
569 661 628 718 ersi
651 661 755 718 viderit
774 668 884 737 petrem
905 657 1065 735 facientem.
1111 651 1178 717 Noc
1205 653 1349 738 estquod

168 748 170 752 ὗ
191 753 359 846 suspicetur
375 761 480 844 aliquis
498 760 620 844 primum
640 758 719 821 ilium
737 757 857 836 ridere,
880 756 984 819 deinde
1003 758 1112 818 tacere.
1160 753 1257 818 Habet
1272 757 1347 820 euim

191 862 221 926 in
245 865 344 948 seipso
366 862 481 937 onrrria,
505 871 535 923 et
557 881 756 945 quaecumque
780 859 905 922 roinerit
928 859 1050 943 perficit.

276 965 405 1049 Quinam
427 964 516 1046 igitur
534 983 605 1025 vern
632 962 703 1025 baec
728 982 811 1040 esse,
836 960 981 1038 Photine,
1007 962 1164 1046 poterunt?
1209 957 1284 1042 Quis
1300 960 1348 1022 itte
1368 975 1428 1044 (top.
1446 977 1476 1025 v.

192 1079 255 1145 est,
287 1066 334 1151 qni
355 1068 385 1128 in
406 1064 539 1127 tenebis
560 1086 664 1128 rursus
688 1065 786 1127 ioiinm
810 1064 1086 1127 iiinddisseminatt
1129 1060 1350 1145 Qnisittndri-
1441 1112 1445 1119 .

192 1191 244 1233 rns
263 1169 292 1232 iu
313 1169 468 1230 humanum
489 1188 582 1251 genus
600 1167 721 1231 effudit?
765 1164 841 1250 Quis
860 1178 959 1230 tantae
975 1165 1025 1228 tibi
1041 1165 1217 1250 impietatis,
1241 1185 1276 1226 ae
1291 1174 1349 1225 tam

193 1270 414 1339 consceleratae
426 1270 712 1353 contumeliosaeque
729 1270 758 1332 in
774 1271 859 1334 deum
876 1268 1024 1354 opinionis
1043 1278 1146 1332 auctor
1164 1267 1236 1331 taint
1279 1264 1349 1329 Non

193 1373 419 1436 vetnbrnamus
445 1373 595 1436 meliorem
625 1372 675 1434 tibi
699 1383 827 1435 nreutem
853 1373 1030 1456 persuadere
1053 1371 1163 1456 potuit,
1194 1368 1242 1453 qni
1264 1369 1349 1430 deum

192 1475 235 1538 uic
257 1475 431 1558 alloquitur:
464 1479 522 1554 Qnr'
535 1478 645 1537 abdr'em
665 1496 770 1536 omnem
789 1487 909 1548 terrem,
934 1496 990 1536 non
1004 1476 1096 1555 scetes
1111 1477 1268 1534 indicium?
1313 1469 1349 1536 ll·
1363 1476 1503 1535 emtum

190 1577 237 1641 lud
254 1599 326 1640 rero
346 1579 524 1662 redarguere
542 1588 571 1640 te
587 1576 689 1654 debet,
723 1577 799 1660 qnod
822 1569 896 1661 apud
918 1577 1012 1662 ipsum
1031 1587 1166 1639 uersatus
1189 1596 1256 1638 esse
1275 1573 1350 1638 fitius

190 1679 313 1759 dicitnr,
345 1702 403 1743 nou
422 1679 569 1743 sermonis
585 1678 680 1762 aliqua
695 1679 838 1762 prolatio,
869 1681 920 1742 sed
939 1680 1011 1742 dens
1029 1678 1150 1741 verbum
1170 1678 1347 1742 subsistens.

188 1782 290 1867 Atrpne
315 1793 346 1846 ut
371 1803 564 1865 eorumquae
590 1781 618 1843 iu
643 1782 698 1843 boo
726 1781 845 1864 negotio
868 1792 952 1863 gesta
968 1792 1036 1844 sunt
1059 1780 1170 1844 exitum
1188 1779 1348 1866 intelligas,

190 1885 385 1969 osapientiae
401 1885 496 1946 inanis
512 1884 686 1960 attentator,
723 1883 777 1945 boe
797 1883 905 1965 ipsein
926 1884 1089 1968 scripturae
1108 1883 1172 1946 ioco
1188 1885 1263 1967 qnod
1285 1905 1350 1970 per·

191 1988 298 2049 tectum
329 1996 359 2047 et
381 1986 545 2049 absolutum
575 1997 622 2050 est
649 1986 729 2049 reiut
759 1983 938 2067 obsignans,
974 1985 1134 2048 declaravit
1162 1986 1207 2049 bis
1231 1986 1347 2050 verbis:

190 2091 269 2148 le't
288 2090 416 2148 dommus
437 2110 453 2148 e
473 2092 551 2150 coelo
572 2094 682 2168 nknenr,
716 2100 744 2149 et
763 2090 901 2168 seulpdnr
922 2092 951 2148 in
975 2091 1094 2150 Sodoma
1110 2101 1139 2150 et
1158 2092 1315 2155 Gomomdn
1330 2101 1502 2159 attentum.

190 2193 312 2251 domnino.
358 2186 428 2253 Non
447 2189 539 2265 dixit,
565 2187 694 2252 Verbum
716 2188 843 2267 domini,
868 2190 919 2252 sed
940 2186 1085 2254 Dominus
1100 2212 1118 2254 a
1136 2192 1265 2254 domino.
1311 2186 1352 2256 Ut

190 2302 220 2355 et
240 2289 336 2356 David
353 2292 469 2355 loeutus
491 2302 553 2355 este
585 2297 670 2354 nunti
691 2297 819 2354 domibus
838 2296 949 2354 domiin
975 2315 1044 2353 meo.
1093 2290 1131 2357 Ut
1153 2306 1250 2358 autem
1278 2316 1349 2358 con·
1371 2307 1409 2352 c».
1425 2310 1502 2367 roo,r

190 2403 250 2458 stet
266 2416 325 2457 runo
344 2397 439 2457 sotum
456 2404 522 2479 post
540 2393 771 2458 incarnationem
790 2394 840 2457 filii
863 2416 968 2458 nomen
986 2395 1139 2479 usurpari,
1171 2398 1206 2459 de
1225 2416 1261 2459 eo
1279 2419 1350 2480 qno·
1402 2365 1451 2405 ἠ’

190 2516 260 2580 qne,
276 2499 380 2580 quoda
397 2496 541 2582 principio
561 2498 666 2560 iactum
684 2507 742 2575 est,
765 2497 945 2561 mentionem
965 2498 1043 2561 tacit.
1068 2502 1118 2559 Ee
1136 2510 1227 2573 atero,
1244 2499 1349 2583 iuquit,

189 2611 256 2661 unte
270 2600 435 2681 Luciferum
447 2604 541 2679 genui
556 2611 592 2660 te.
642 2596 702 2662 iarn
719 2619 791 2662 vcro
811 2602 846 2663 de
860 2601 964 2684 spiritu
982 2610 1086 2664 saneto
1107 2620 1193 2662 nemo
1212 2610 1274 2677 est,
1300 2602 1351 2663 tro·

189 2722 237 2764 mo
260 2700 484 2786 loqrrncissinre,
519 2713 549 2764 et
565 2703 643 2765 inter
661 2703 773 2765 otiosos
791 2703 985 2787 curiosusque
1002 2703 1199 2781 numerando,
1223 2701 1271 2786 qni
1288 2723 1351 2766 ser·

190 2823 293 2866 moues
310 2816 377 2869 turos
392 2806 494 2888 nequis
509 2803 629 2867 auribus
648 2805 792 2868 admittat.
838 2803 916 2868 Nam
935 2805 1159 2888 nequemaior,
1184 2825 1279 2888 neque
1298 2804 1351 2868 uri-

189 2925 246 2967 nor
265 2905 320 2968 dici
341 2917 438 2990 potest
456 2907 576 2991 spiritus
594 2917 727 2970 sanctus.
775 2912 843 2986 Quis
858 2913 930 2969 enim
945 2910 1030 2980 tneo,
1064 2906 1174 2991 inquit,
1204 2913 1426 2991 requr'u'rn'tttut
1440 2928 1461 2981 ι,
1474 2926 1506 2972 n.

188 3010 224 3068 de
239 3010 366 3069 munibus
380 3015 503 3071 vestris?
542 3006 713 3092 Quinetiam
730 3009 806 3073 idem
823 3021 851 3073 te
869 3008 1085 3073 sanctissimum
1104 3010 1238 3090 verbum,
1263 3007 1350 3076 Chri·

189 3119 253 3174 stus
269 3110 405 3174 videlieet
421 3111 555 3176 dominns
570 3113 762 3191 condemnat,
787 3111 835 3196 qni
853 3114 888 3175 de
906 3111 1011 3196 spiritu
1029 3122 1133 3175 sancto
1150 3113 1193 3176 sio
1208 3114 1348 3198 loquitur,

188 3210 350 3276 diuinitatis
379 3223 411 3277 ut
435 3235 506 3278 snae
533 3235 704 3299 germanum
732 3236 766 3277 ac
789 3213 958 3299 participem
985 3226 1138 3299 agnoscat.
1184 3215 1237 3280 An
1257 3217 1347 3296 euim,
1366 3233 1444 3330 {⁰5⁸¹}

190 3317 249 3394 Qui
267 3339 305 3378 ee
324 3328 408 3397 patre
424 3321 571 3398 procedit,
596 3321 680 3379 etde
701 3339 760 3379 meo
781 3322 911 3397 accipiet.
1395 3318 1403 3342 ⁹
1442 3318 1448 3331 '

274 3415 369 3500 Qunam
386 3420 473 3483 nnrlta
490 3430 603 3484 suntet
620 3419 675 3483 aba
695 3419 879 3484 testimonia!
926 3416 1012 3502 Quae
1029 3422 1163 3485 consulto
1179 3431 1347 3506 praetereo,
1366 3442 1479 3511 apuu,

190 3521 325 3601 quoniam
351 3522 466 3606 quidem
485 3533 535 3587 tua
559 3523 694 3586 omnibns
719 3522 923 3605 importunitas
947 3534 992 3587 est
1013 3524 1183 3600 manifesta,
1214 3542 1289 3606 qrrae
1311 3521 1347 3586 ab

191 3637 310 3697 errore,
335 3644 392 3686 rron
412 3646 428 3687 a
446 3627 589 3703 veritate,
614 3625 828 3710 proficiscitur,
857 3626 931 3689 adeo
950 3637 982 3689 nt
1006 3648 1063 3689 nou
1082 3647 1147 3689 earn
1166 3625 1252 3687 modo
1270 3624 1348 3710 sapi·

190 3720 340 3800 entiores,
372 3726 423 3787 sod
444 3738 476 3788 ut
494 3727 534 3789 itii
554 3726 639 3791 facile
659 3727 878 3812 deprehendant
893 3728 941 3812 qui
959 3728 1127 3791 nonnullum
1144 3747 1294 3790 sacrarum
1313 3727 1347 3790 li·
1438 3715 1443 3730 ⁸

190 3833 319 3886 terarum
340 3844 421 3886 nsnm
440 3827 604 3891 tribuerint.
651 3825 750 3910 Quare
771 3852 828 3893 uon
847 3831 983 3914 estquod
1004 3828 1134 3914 pluribus
1152 3829 1295 3892 adversus
1313 3828 1348 3892 it-

189 3924 246 3988 lam
263 3924 439 3988 testimoniis
460 3938 511 3989 ant
528 3928 653 4011 longiori
672 3931 848 3993 refutatione
872 3954 946 4017 opus
966 3952 1033 3995 esse
1054 3930 1139 3993 nobis
1157 3931 1344 3998 arbitremur.

188 4024 272 4091 Nihil
298 4026 376 4090 enim
403 4028 570 4091 narratione
594 4038 642 4091 tna
660 4041 690 4092 et
712 4031 880 4096 infideiitate
902 4036 938 4097 ad
962 4032 1195 4097 convincendum
1217 4036 1344 4100 facilins.

189 4127 274 4195 Unde
292 4150 367 4213 quae
383 4139 485 4193 contra
502 4142 530 4194 te
547 4132 689 4217 disputata
708 4142 775 4195 suut
799 4132 956 4214 hactenns,
990 4135 1063 4198 satis
1087 4134 1214 4200 arbitror
1236 4139 1345 4215 futura,

190 4252 225 4296 nc
248 4232 368 4317 perinde
392 4241 423 4296 nt
441 4231 583 4298 innectum
603 4236 745 4319 quoddam
764 4234 869 4298 animat
893 4248 1005 4300 eterra
1023 4258 1185 4317 emersum,
1210 4250 1240 4304 et
1256 4240 1347 4305 imbe-

190 4335 300 4415 cillum,
315 4336 359 4399 sie
374 4346 562 4420 posteaquam
577 4349 605 4401 te
621 4338 711 4400 divini
730 4337 811 4400 verbi
827 4359 862 4401 no
876 4339 1010 4404 veritatis
1023 4339 1149 4426 vestigio
1163 4342 1344 4427 proculcari,

222 4452 246 4507 ³·
271 4458 393 4518 suspicior
415 4459 562 4506 scribendum
584 4472 632 4509 erse
653 4449 682 4510 dn
707 4453 751 4517 oie.
786 4457 917 4509 malculurn
936 4456 1056 4512 insectnrn
1072 4478 1103 4512 uc
1117 4460 1243 4528 impotens
1256 4466 1305 4512 cett.

192 4525 319 4574 Carnarius
343 4526 409 4574 nertit
436 4524 596 4592 Quapropter
624 4525 752 4576 sufficiunt
819 4525 844 4579 4.
860 4529 927 4580 Libri
941 4530 1012 4594 vuido
1028 4523 1134 4596 ἀτόμου.

190 4589 381 4643 caecutiamus
394 4601 420 4643 te
432 4590 509 4658 dicu,
526 4609 600 4662 quem
613 4592 683 4646 redut
694 4593 751 4646 uui-
