<?xml version="1.0" encoding="UTF-8"?>
<!DOCTYPE html PUBLIC "-//W3C//DTD XHTML 1.0 Transitional//EN"
    "http://www.w3.org/TR/xhtml1/DTD/xhtml1-transitional.dtd">
<html xmlns="http://www.w3.org/1999/xhtml" xml:lang="en" lang="en">
 <head>
  <title>
</title>
<meta http-equiv="Content-Type" content="text/html;charset=utf-8" />
  <meta name='ocr-system' content='tesseract 3.04.00' />
  <meta name='ocr-capabilities' content='ocr_page ocr_carea ocr_par ocr_line ocrx_word'/>
</head>
<body>
  <div class='ocr_page' id='page_1' title='image "./corporishaerese00unkngoog/corporishaerese00unkngoog_0450.png"; bbox 0 0 3096 5070; ppageno 0'>
   <div class='ocr_carea' id='block_1_1' title="bbox 421 265 1343 332">
    <p class='ocr_par' dir='ltr' id='par_1_1' title="bbox 421 265 1343 332">
     <span class='ocr_line' id='line_1_1' title="bbox 421 265 1343 332; baseline -0.007 -1"><span class='ocrx_word' id='word_1_1' title='bbox 421 277 557 332; x_wconf 72' lang='lat' dir='ltr'><strong>bonuau</strong></span> <span class='ocrx_word' id='word_1_2' title='bbox 577 278 694 329; x_wconf 65' lang='lat' dir='ltr'><strong>trouu.</strong></span> <span class='ocrx_word' id='word_1_3' title='bbox 714 281 796 331; x_wconf 84' lang='grc' dir='ltr'><strong>τοιι.</strong></span> <span class='ocrx_word' id='word_1_4' title='bbox 810 280 840 329; x_wconf 86' lang='grc' dir='ltr'><strong>ιι.</strong></span> <span class='ocrx_word' id='word_1_5' title='bbox 858 278 956 329; x_wconf 82' lang='lat' dir='ltr'><strong>uana.</strong></span> <span class='ocrx_word' id='word_1_6' title='bbox 969 278 1110 329; x_wconf 80' lang='lat' dir='ltr'><strong>uxxvut.</strong></span> <span class='ocrx_word' id='word_1_7' title='bbox 1281 265 1343 326; x_wconf 83' lang='lat' dir='ltr'><strong>tta</strong></span> 
     </span>
    </p>
   </div>
   <div class='ocr_carea' id='block_1_2' title="bbox 188 397 1485 2426">
    <p class='ocr_par' dir='ltr' id='par_1_2' title="bbox 188 397 1485 891">
     <span class='ocr_line' id='line_1_2' title="bbox 189 397 1345 486; baseline -0.004 -23"><span class='ocrx_word' id='word_1_8' title='bbox 189 401 304 486; x_wconf 83' lang='lat' dir='ltr'><strong>quidem</strong></span> <span class='ocrx_word' id='word_1_9' title='bbox 319 399 437 485; x_wconf 90' lang='lat' dir='ltr'><strong>impium</strong></span> <span class='ocrx_word' id='word_1_10' title='bbox 454 420 488 462; x_wconf 88' lang='lat' dir='ltr'><strong>ac</strong></span> <span class='ocrx_word' id='word_1_11' title='bbox 503 399 659 462; x_wconf 89' lang='lat' dir='ltr'><strong>scelestum</strong></span> <span class='ocrx_word' id='word_1_12' title='bbox 678 409 735 476; x_wconf 88' lang='lat' dir='ltr'><strong>est,</strong></span> <span class='ocrx_word' id='word_1_13' title='bbox 760 410 789 462; x_wconf 91' lang='grc' dir='ltr'><strong>ει</strong></span> <span class='ocrx_word' id='word_1_14' title='bbox 804 420 819 461; x_wconf 90' lang='lat' dir='ltr'><strong>a</strong></span> <span class='ocrx_word' id='word_1_15' title='bbox 837 397 929 460; x_wconf 87' lang='lat' dir='ltr'><strong>sancti</strong></span> <span class='ocrx_word' id='word_1_16' title='bbox 944 397 1063 481; x_wconf 90' lang='lat' dir='ltr'><strong>spiritns</strong></span> <span class='ocrx_word' id='word_1_17' title='bbox 1078 397 1210 458; x_wconf 90' lang='lat' dir='ltr'><strong>doctrina</strong></span> <span class='ocrx_word' id='word_1_18' title='bbox 1226 415 1345 478; x_wconf 89' lang='lat' dir='ltr'><strong>prorsus</strong></span> 
     </span>
     <span class='ocr_line' id='line_1_3' title="bbox 188 497 1345 585; baseline -0.004 -19"><span class='ocrx_word' id='word_1_19' title='bbox 188 502 327 566; x_wconf 78' lang='lat' dir='ltr'><strong>alienum.</strong></span> <span class='ocrx_word' id='word_1_20' title='bbox 374 499 476 585; x_wconf 82' lang='lat' dir='ltr'><strong>Quare</strong></span> <span class='ocrx_word' id='word_1_21' title='bbox 500 512 592 565; x_wconf 89' lang='lat' dir='ltr'><strong>totum</strong></span> <span class='ocrx_word' id='word_1_22' title='bbox 618 501 686 564; x_wconf 93' lang='lat' dir='ltr'><strong>illud</strong></span> <span class='ocrx_word' id='word_1_23' title='bbox 709 522 725 561; x_wconf 90' lang='lat' dir='ltr'><strong>o</strong></span> <span class='ocrx_word' id='word_1_24' title='bbox 748 500 899 564; x_wconf 87' lang='lat' dir='ltr'><strong>daemonis</strong></span> <span class='ocrx_word' id='word_1_25' title='bbox 924 499 1019 561; x_wconf 89' lang='lat' dir='ltr'><strong>alllutu</strong></span> <span class='ocrx_word' id='word_1_26' title='bbox 1043 509 1072 561; x_wconf 92' lang='lat' dir='ltr'><strong>et</strong></span> <span class='ocrx_word' id='word_1_27' title='bbox 1093 498 1197 583; x_wconf 89' lang='lat' dir='ltr'><strong>impuri</strong></span> <span class='ocrx_word' id='word_1_28' title='bbox 1226 497 1345 582; x_wconf 87' lang='lat' dir='ltr'><strong>spiritus</strong></span> 
     </span>
     <span class='ocr_line' id='line_1_4' title="bbox 189 600 1485 690; baseline -0.006 -22"><span class='ocrx_word' id='word_1_29' title='bbox 189 604 341 690; x_wconf 77' lang='lat' dir='ltr'>disciplina</span> <span class='ocrx_word' id='word_1_30' title='bbox 368 607 529 689; x_wconf 85' lang='lat' dir='ltr'><strong>protectum</strong></span> <span class='ocrx_word' id='word_1_31' title='bbox 555 613 612 666; x_wconf 89' lang='lat' dir='ltr'><strong>est.</strong></span> <span class='ocrx_word' id='word_1_32' title='bbox 666 600 730 665; x_wconf 91' lang='lat' dir='ltr'><strong>lloo</strong></span> <span class='ocrx_word' id='word_1_33' title='bbox 758 602 834 665; x_wconf 90' lang='lat' dir='ltr'><strong>enim</strong></span> <span class='ocrx_word' id='word_1_34' title='bbox 862 601 890 663; x_wconf 93' lang='lat' dir='ltr'><strong>in</strong></span> <span class='ocrx_word' id='word_1_35' title='bbox 918 601 989 684; x_wconf 92' lang='lat' dir='ltr'><strong>ipsis</strong></span> <span class='ocrx_word' id='word_1_36' title='bbox 1021 601 1173 685; x_wconf 74' lang='lat' dir='ltr'>impietur,</span> <span class='ocrx_word' id='word_1_37' title='bbox 1209 602 1485 680; x_wconf 61' lang='lat' dir='ltr'><strong>deficientemque</strong></span> 
     </span>
     <span class='ocr_line' id='line_1_5' title="bbox 188 673 1448 790; baseline -0.006 -21"><span class='ocrx_word' id='word_1_38' title='bbox 188 712 297 790; x_wconf 76' lang='lat' dir='ltr'><strong>quadem</strong></span> <span class='ocrx_word' id='word_1_39' title='bbox 313 728 332 768; x_wconf 87' lang='lat' dir='ltr'><strong>o</strong></span> <span class='ocrx_word' id='word_1_40' title='bbox 347 728 419 769; x_wconf 80' lang='lat' dir='ltr'><strong>toan</strong></span> <span class='ocrx_word' id='word_1_41' title='bbox 435 711 583 779; x_wconf 82' lang='lat' dir='ltr'><strong>doctrr&#39;rro,</strong></span> <span class='ocrx_word' id='word_1_42' title='bbox 608 708 782 766; x_wconf 73' lang='lat' dir='ltr'><strong>obtendentes</strong></span> <span class='ocrx_word' id='word_1_43' title='bbox 800 707 907 785; x_wconf 67' lang='lat' dir='ltr'><strong>fabulet</strong></span> <span class='ocrx_word' id='word_1_44' title='bbox 924 716 953 765; x_wconf 87' lang='lat' dir='ltr'><strong>et</strong></span> <span class='ocrx_word' id='word_1_45' title='bbox 969 707 1106 764; x_wconf 73' lang='lat' dir='ltr'><strong>doctm&#39;mb</strong></span> <span class='ocrx_word' id='word_1_46' title='bbox 1123 706 1341 765; x_wconf 81' lang='lat' dir='ltr'><strong>doemoniorum.</strong></span> <span class='ocrx_word' id='word_1_47' title='bbox 1396 673 1416 728; x_wconf 76' lang='lat'><strong>⁴¹</strong></span> <span class='ocrx_word' id='word_1_48' title='bbox 1430 675 1448 718; x_wconf 58' lang='grc' dir='ltr'><strong>ι’</strong></span> 
     </span>
     <span class='ocr_line' id='line_1_6' title="bbox 190 801 1347 891; baseline -0.007 -17"><span class='ocrx_word' id='word_1_49' title='bbox 190 814 287 874; x_wconf 79' lang='lat' dir='ltr'><strong>Erunt</strong></span> <span class='ocrx_word' id='word_1_50' title='bbox 305 814 392 883; x_wconf 73' lang='lat' dir='ltr'><strong>enim,</strong></span> <span class='ocrx_word' id='word_1_51' title='bbox 419 808 531 891; x_wconf 90' lang='lat' dir='ltr'><strong>iuquit,</strong></span> <span class='ocrx_word' id='word_1_52' title='bbox 563 820 687 869; x_wconf 83' lang='lat' dir='ltr'><strong>mortuos</strong></span> <span class='ocrx_word' id='word_1_53' title='bbox 704 811 844 880; x_wconf 80' lang='lat' dir='ltr'><strong>colentes,</strong></span> <span class='ocrx_word' id='word_1_54' title='bbox 878 804 1118 890; x_wconf 78' lang='lat' dir='ltr'><strong>quemadmodum</strong></span> <span class='ocrx_word' id='word_1_55' title='bbox 1137 806 1210 890; x_wconf 88' lang='lat' dir='ltr'><strong>apud</strong></span> <span class='ocrx_word' id='word_1_56' title='bbox 1231 801 1347 867; x_wconf 80' lang='lat' dir='ltr'><strong>lsrab’li·</strong></span> 
     </span>
    </p>

    <p class='ocr_par' dir='ltr' id='par_1_3' title="bbox 189 906 1348 1100">
     <span class='ocr_line' id='line_1_7' title="bbox 189 906 1347 991; baseline -0.004 -16"><span class='ocrx_word' id='word_1_57' title='bbox 189 924 235 976; x_wconf 83' lang='lat' dir='ltr'><strong>tas</strong></span> <span class='ocrx_word' id='word_1_58' title='bbox 254 913 366 974; x_wconf 80' lang='lat' dir='ltr'>honore</span> <span class='ocrx_word' id='word_1_59' title='bbox 383 922 452 973; x_wconf 93' lang='lat' dir='ltr'><strong>sunt</strong></span> <span class='ocrx_word' id='word_1_60' title='bbox 471 910 581 973; x_wconf 86' lang='lat' dir='ltr'><strong>allecti.</strong></span> <span class='ocrx_word' id='word_1_61' title='bbox 627 906 672 972; x_wconf 89' lang='lat' dir='ltr'><strong>lta</strong></span> <span class='ocrx_word' id='word_1_62' title='bbox 695 912 801 973; x_wconf 86' lang='lat' dir='ltr'><strong>iactrrm</strong></span> <span class='ocrx_word' id='word_1_63' title='bbox 826 920 871 971; x_wconf 89' lang='lat' dir='ltr'><strong>est</strong></span> <span class='ocrx_word' id='word_1_64' title='bbox 894 920 925 970; x_wconf 96' lang='lat' dir='ltr'><strong>ut</strong></span> <span class='ocrx_word' id='word_1_65' title='bbox 942 918 1110 971; x_wconf 73' lang='lat' dir='ltr'><strong>sarectorum</strong></span> <span class='ocrx_word' id='word_1_66' title='bbox 1132 907 1257 991; x_wconf 89' lang='lat' dir='ltr'><strong>quisuis</strong></span> <span class='ocrx_word' id='word_1_67' title='bbox 1275 917 1347 970; x_wconf 89' lang='lat' dir='ltr'><strong>tem·</strong></span> 
     </span>
     <span class='ocr_line' id='line_1_8' title="bbox 190 1008 1348 1100; baseline -0.004 -24"><span class='ocrx_word' id='word_1_68' title='bbox 190 1014 310 1100; x_wconf 88' lang='lat' dir='ltr'><strong>poribus</strong></span> <span class='ocrx_word' id='word_1_69' title='bbox 333 1013 495 1075; x_wconf 86' lang='lat' dir='ltr'><strong>floruerunt</strong></span> <span class='ocrx_word' id='word_1_70' title='bbox 517 1013 683 1076; x_wconf 88' lang='lat' dir='ltr'><strong>redundans</strong></span> <span class='ocrx_word' id='word_1_71' title='bbox 708 1011 737 1074; x_wconf 95' lang='lat' dir='ltr'><strong>in</strong></span> <span class='ocrx_word' id='word_1_72' title='bbox 756 1013 840 1074; x_wconf 90' lang='lat' dir='ltr'><strong>deum</strong></span> <span class='ocrx_word' id='word_1_73' title='bbox 864 1011 958 1094; x_wconf 81' lang='lat' dir='ltr'><strong>gloria</strong></span> <span class='ocrx_word' id='word_1_74' title='bbox 974 1010 1040 1073; x_wconf 89' lang='lat' dir='ltr'><strong>aliis</strong></span> <span class='ocrx_word' id='word_1_75' title='bbox 1058 1010 1105 1093; x_wconf 90' lang='lat' dir='ltr'><strong>qni</strong></span> <span class='ocrx_word' id='word_1_76' title='bbox 1123 1010 1276 1072; x_wconf 88' lang='lat' dir='ltr'><strong>veritatem</strong></span> <span class='ocrx_word' id='word_1_77' title='bbox 1294 1008 1348 1071; x_wconf 92' lang='lat' dir='ltr'><strong>mi·</strong></span> 
     </span>
    </p>

    <p class='ocr_par' dir='ltr' id='par_1_4' title="bbox 191 1113 997 1199">
     <span class='ocr_line' id='line_1_9' title="bbox 191 1113 997 1199; baseline -0.005 -20"><span class='ocrx_word' id='word_1_78' title='bbox 191 1117 273 1180; x_wconf 83' lang='lat' dir='ltr'><strong>nime</strong></span> <span class='ocrx_word' id='word_1_79' title='bbox 291 1113 492 1199; x_wconf 89' lang='lat' dir='ltr'><strong>perspicerent</strong></span> <span class='ocrx_word' id='word_1_80' title='bbox 514 1115 699 1179; x_wconf 75' lang='lat' dir='ltr'><strong>occasionem</strong></span> <span class='ocrx_word' id='word_1_81' title='bbox 721 1113 834 1177; x_wconf 88' lang='lat' dir='ltr'><strong>erroris</strong></span> <span class='ocrx_word' id='word_1_82' title='bbox 856 1113 997 1176; x_wconf 86' lang='lat' dir='ltr'><strong>attulerit.</strong></span> 
     </span>
    </p>

    <p class='ocr_par' dir='ltr' id='par_1_5' title="bbox 190 1213 1472 2018">
     <span class='ocr_line' id='line_1_10' title="bbox 275 1213 1454 1301; baseline -0.005 -23"><span class='ocrx_word' id='word_1_83' title='bbox 275 1214 394 1279; x_wconf 80' lang='lat' dir='ltr'><strong>Etenim</strong></span> <span class='ocrx_word' id='word_1_84' title='bbox 414 1213 551 1295; x_wconf 90' lang='lat' dir='ltr'><strong>Sicimis,</strong></span> <span class='ocrx_word' id='word_1_85' title='bbox 582 1238 657 1301; x_wconf 89' lang='lat' dir='ltr'><strong>quae</strong></span> <span class='ocrx_word' id='word_1_86' title='bbox 677 1216 762 1278; x_wconf 90' lang='lat' dir='ltr'><strong>bodie</strong></span> <span class='ocrx_word' id='word_1_87' title='bbox 781 1213 924 1301; x_wconf 82' lang='lat' dir='ltr'><strong>Neapolis</strong></span> <span class='ocrx_word' id='word_1_88' title='bbox 943 1215 1067 1293; x_wconf 88' lang='lat' dir='ltr'><strong>dicitur,</strong></span> <span class='ocrx_word' id='word_1_89' title='bbox 1101 1235 1185 1278; x_wconf 89' lang='lat' dir='ltr'><strong>secra</strong></span> <span class='ocrx_word' id='word_1_90' title='bbox 1202 1214 1343 1299; x_wconf 91' lang='lat' dir='ltr'><strong>quaedam</strong></span> <span class='ocrx_word' id='word_1_91' title='bbox 1392 1222 1454 1289; x_wconf 71' lang='lat' dir='ltr'><strong>cip.</strong></span> 
     </span>
     <span class='ocr_line' id='line_1_11' title="bbox 192 1290 1469 1404; baseline -0.002 -23"><span class='ocrx_word' id='word_1_92' title='bbox 192 1319 228 1382; x_wconf 87' lang='lat' dir='ltr'><strong>ab</strong></span> <span class='ocrx_word' id='word_1_93' title='bbox 246 1319 390 1401; x_wconf 85' lang='lat' dir='ltr'><strong>indigenis</strong></span> <span class='ocrx_word' id='word_1_94' title='bbox 409 1320 438 1381; x_wconf 90' lang='lat' dir='ltr'><strong>in</strong></span> <span class='ocrx_word' id='word_1_95' title='bbox 461 1319 601 1382; x_wconf 88' lang='lat' dir='ltr'><strong>bonorem</strong></span> <span class='ocrx_word' id='word_1_96' title='bbox 619 1319 731 1404; x_wconf 89' lang='lat' dir='ltr'><strong>puellae</strong></span> <span class='ocrx_word' id='word_1_97' title='bbox 749 1319 954 1395; x_wconf 71' lang='lat' dir='ltr'>celebrantur,</span> <span class='ocrx_word' id='word_1_98' title='bbox 986 1317 1061 1402; x_wconf 91' lang='lat' dir='ltr'><strong>quod</strong></span> <span class='ocrx_word' id='word_1_99' title='bbox 1080 1318 1116 1380; x_wconf 90' lang='lat' dir='ltr'><strong>ab</strong></span> <span class='ocrx_word' id='word_1_100' title='bbox 1132 1314 1269 1402; x_wconf 86' lang='lat' dir='ltr'><strong>leplrtltao</strong></span> <span class='ocrx_word' id='word_1_101' title='bbox 1288 1317 1344 1379; x_wconf 81' lang='lat' dir='ltr'><strong>lilia</strong></span> <span class='ocrx_word' id='word_1_102' title='bbox 1372 1290 1469 1400; x_wconf 53' lang='grc' dir='ltr'><strong>ξξιιῖ</strong></span> 
     </span>
     <span class='ocr_line' id='line_1_12' title="bbox 192 1416 1347 1506; baseline -0.005 -19"><span class='ocrx_word' id='word_1_103' title='bbox 192 1440 329 1487; x_wconf 83' lang='lat' dir='ltr'><strong>manasse</strong></span> <span class='ocrx_word' id='word_1_104' title='bbox 347 1420 479 1498; x_wconf 88' lang='lat' dir='ltr'><strong>videtur,</strong></span> <span class='ocrx_word' id='word_1_105' title='bbox 510 1442 585 1505; x_wconf 89' lang='lat' dir='ltr'><strong>quae</strong></span> <span class='ocrx_word' id='word_1_106' title='bbox 611 1422 666 1484; x_wconf 89' lang='lat' dir='ltr'><strong>deo</strong></span> <span class='ocrx_word' id='word_1_107' title='bbox 690 1422 834 1506; x_wconf 89' lang='lat' dir='ltr'><strong>qnondam</strong></span> <span class='ocrx_word' id='word_1_108' title='bbox 857 1421 1019 1484; x_wconf 84' lang='lat' dir='ltr'><strong>sacrificata</strong></span> <span class='ocrx_word' id='word_1_109' title='bbox 1040 1421 1146 1482; x_wconf 86' lang='lat' dir='ltr'><strong>luerat.</strong></span> <span class='ocrx_word' id='word_1_110' title='bbox 1193 1416 1279 1502; x_wconf 85' lang='lat' dir='ltr'><strong>Quae</strong></span> <span class='ocrx_word' id='word_1_111' title='bbox 1299 1440 1347 1481; x_wconf 91' lang='lat' dir='ltr'><strong>res</strong></span> 
     </span>
     <span class='ocr_line' id='line_1_13' title="bbox 191 1522 1347 1607; baseline -0.002 -21"><span class='ocrx_word' id='word_1_112' title='bbox 191 1523 308 1587; x_wconf 82' lang='lat' dir='ltr'><strong>miseris</strong></span> <span class='ocrx_word' id='word_1_113' title='bbox 332 1522 496 1586; x_wconf 89' lang='lat' dir='ltr'><strong>bominibus</strong></span> <span class='ocrx_word' id='word_1_114' title='bbox 522 1523 706 1587; x_wconf 87' lang='lat' dir='ltr'><strong>idololatriae</strong></span> <span class='ocrx_word' id='word_1_115' title='bbox 723 1523 944 1607; x_wconf 90' lang='lat' dir='ltr'><strong>inanissimique</strong></span> <span class='ocrx_word' id='word_1_116' title='bbox 970 1523 1066 1584; x_wconf 88' lang='lat' dir='ltr'><strong>cultus</strong></span> <span class='ocrx_word' id='word_1_117' title='bbox 1089 1522 1240 1584; x_wconf 76' lang='lat' dir='ltr'><strong>materiam</strong></span> <span class='ocrx_word' id='word_1_118' title='bbox 1263 1542 1347 1606; x_wconf 89' lang='lat' dir='ltr'><strong>prue-</strong></span> 
     </span>
     <span class='ocr_line' id='line_1_14' title="bbox 190 1622 1472 1709; baseline -0.002 -20"><span class='ocrx_word' id='word_1_119' title='bbox 190 1623 267 1689; x_wconf 91' lang='lat' dir='ltr'><strong>buit.</strong></span> <span class='ocrx_word' id='word_1_120' title='bbox 313 1623 480 1709; x_wconf 76' lang='lat' dir='ltr'><strong>Quinetiam</strong></span> <span class='ocrx_word' id='word_1_121' title='bbox 498 1622 663 1690; x_wconf 76' lang='lat' dir='ltr'><strong>Pharaonis</strong></span> <span class='ocrx_word' id='word_1_122' title='bbox 682 1626 788 1704; x_wconf 90' lang='lat' dir='ltr'><strong>liliam,</strong></span> <span class='ocrx_word' id='word_1_123' title='bbox 820 1647 894 1708; x_wconf 89' lang='lat' dir='ltr'><strong>quae</strong></span> <span class='ocrx_word' id='word_1_124' title='bbox 910 1647 1027 1688; x_wconf 86' lang='lat' dir='ltr'><strong>servom</strong></span> <span class='ocrx_word' id='word_1_125' title='bbox 1046 1625 1091 1688; x_wconf 87' lang='lat' dir='ltr'><strong>dei</strong></span> <span class='ocrx_word' id='word_1_126' title='bbox 1107 1622 1236 1709; x_wconf 85' lang='lat' dir='ltr'><strong>Moysen</strong></span> <span class='ocrx_word' id='word_1_127' title='bbox 1256 1624 1348 1688; x_wconf 89' lang='lat' dir='ltr'><strong>hono·</strong></span> <span class='ocrx_word' id='word_1_128' title='bbox 1368 1647 1472 1694; x_wconf 66' lang='lat' dir='ltr'><strong>mem</strong></span> 
     </span>
     <span class='ocr_line' id='line_1_15' title="bbox 192 1727 1348 1812; baseline -0.003 -20"><span class='ocrx_word' id='word_1_129' title='bbox 192 1728 287 1806; x_wconf 84' lang='lat' dir='ltr'><strong>ravit,</strong></span> <span class='ocrx_word' id='word_1_130' title='bbox 320 1739 350 1797; x_wconf 92' lang='grc' dir='ltr'><strong>ει</strong></span> <span class='ocrx_word' id='word_1_131' title='bbox 367 1728 511 1791; x_wconf 86' lang='grc' dir='ltr'><strong>ειιΙιΙειιιιιι</strong></span> <span class='ocrx_word' id='word_1_132' title='bbox 529 1728 687 1806; x_wconf 71' lang='lat' dir='ltr'><strong>enutrivit,</strong></span> <span class='ocrx_word' id='word_1_133' title='bbox 721 1738 840 1812; x_wconf 90' lang='lat' dir='ltr'><strong>propter</strong></span> <span class='ocrx_word' id='word_1_134' title='bbox 862 1727 1007 1789; x_wconf 85' lang='lat' dir='ltr'><strong>celebrem</strong></span> <span class='ocrx_word' id='word_1_135' title='bbox 1029 1727 1140 1811; x_wconf 90' lang='lat' dir='ltr'><strong>pueruli</strong></span> <span class='ocrx_word' id='word_1_136' title='bbox 1164 1730 1270 1790; x_wconf 72' lang='lat' dir='ltr'><strong>lamam</strong></span> <span class='ocrx_word' id='word_1_137' title='bbox 1295 1727 1348 1789; x_wconf 90' lang='lat' dir='ltr'><strong>im·</strong></span> 
     </span>
     <span class='ocr_line' id='line_1_16' title="bbox 192 1826 1348 1915; baseline -0.001 -23"><span class='ocrx_word' id='word_1_138' title='bbox 192 1830 313 1914; x_wconf 87' lang='lat' dir='ltr'><strong>pensius</strong></span> <span class='ocrx_word' id='word_1_139' title='bbox 337 1850 422 1913; x_wconf 87' lang='lat' dir='ltr'><strong>quam</strong></span> <span class='ocrx_word' id='word_1_140' title='bbox 445 1851 498 1915; x_wconf 91' lang='lat' dir='ltr'><strong>par</strong></span> <span class='ocrx_word' id='word_1_141' title='bbox 520 1841 585 1893; x_wconf 89' lang='lat' dir='ltr'><strong>erat</strong></span> <span class='ocrx_word' id='word_1_142' title='bbox 610 1851 646 1892; x_wconf 86' lang='lat' dir='ltr'><strong>ac</strong></span> <span class='ocrx_word' id='word_1_143' title='bbox 670 1852 723 1914; x_wconf 91' lang='lat' dir='ltr'><strong>pro</strong></span> <span class='ocrx_word' id='word_1_144' title='bbox 749 1832 805 1892; x_wconf 87' lang='lat' dir='ltr'><strong>deo</strong></span> <span class='ocrx_word' id='word_1_145' title='bbox 827 1839 1005 1892; x_wconf 86' lang='lat' dir='ltr'><strong>venerantes</strong></span> <span class='ocrx_word' id='word_1_146' title='bbox 1024 1828 1161 1913; x_wconf 82' lang='lat' dir='ltr'><strong>Aegyptii</strong></span> <span class='ocrx_word' id='word_1_147' title='bbox 1186 1826 1348 1893; x_wconf 88' lang='lat' dir='ltr'><strong>istiusmodi</strong></span> 
     </span>
     <span class='ocr_line' id='line_1_17' title="bbox 192 1931 1346 2018; baseline -0.001 -23"><span class='ocrx_word' id='word_1_148' title='bbox 192 1932 430 2018; x_wconf 83' lang='lat' dir='ltr'><strong>superstitionem</strong></span> <span class='ocrx_word' id='word_1_149' title='bbox 459 1931 489 1993; x_wconf 92' lang='lat' dir='ltr'><strong>iu</strong></span> <span class='ocrx_word' id='word_1_150' title='bbox 511 1932 634 1995; x_wconf 85' lang='lat' dir='ltr'><strong>stolidos</strong></span> <span class='ocrx_word' id='word_1_151' title='bbox 660 1932 793 1996; x_wconf 83' lang='lat' dir='ltr'><strong>homines</strong></span> <span class='ocrx_word' id='word_1_152' title='bbox 815 1932 976 1995; x_wconf 86' lang='lat' dir='ltr'><strong>derivatam</strong></span> <span class='ocrx_word' id='word_1_153' title='bbox 1003 1934 1113 1995; x_wconf 85' lang='lat' dir='ltr'><strong>rrelarie</strong></span> <span class='ocrx_word' id='word_1_154' title='bbox 1138 1943 1346 2017; x_wconf 85' lang='lat' dir='ltr'><strong>propagarunt.</strong></span> 
     </span>
    </p>

    <p class='ocr_par' dir='ltr' id='par_1_6' title="bbox 192 2031 1349 2426">
     <span class='ocr_line' id='line_1_18' title="bbox 192 2031 1348 2119; baseline 0 -22"><span class='ocrx_word' id='word_1_155' title='bbox 192 2032 276 2118; x_wconf 83' lang='lat' dir='ltr'><strong>Ergo</strong></span> <span class='ocrx_word' id='word_1_156' title='bbox 295 2033 336 2097; x_wconf 92' lang='lat' dir='ltr'><strong>illi</strong></span> <span class='ocrx_word' id='word_1_157' title='bbox 353 2032 530 2096; x_wconf 85' lang='lat' dir='ltr'><strong>Tltermutiu</strong></span> <span class='ocrx_word' id='word_1_158' title='bbox 548 2035 711 2119; x_wconf 80' lang='lat' dir='ltr'><strong>Amenopbi</strong></span> <span class='ocrx_word' id='word_1_159' title='bbox 731 2034 835 2108; x_wconf 88' lang='lat' dir='ltr'><strong>liliam,</strong></span> <span class='ocrx_word' id='word_1_160' title='bbox 867 2034 921 2096; x_wconf 89' lang='lat' dir='ltr'><strong>boc</strong></span> <span class='ocrx_word' id='word_1_161' title='bbox 945 2044 991 2096; x_wconf 89' lang='grc' dir='ltr'><strong>εει</strong></span> <span class='ocrx_word' id='word_1_162' title='bbox 1007 2031 1188 2110; x_wconf 85' lang='lat' dir='ltr'><strong>Pharaonis,</strong></span> <span class='ocrx_word' id='word_1_163' title='bbox 1224 2035 1348 2097; x_wconf 87' lang='lat' dir='ltr'><strong>adorare</strong></span> 
     </span>
     <span class='ocr_line' id='line_1_19' title="bbox 192 2134 1349 2222; baseline 0.001 -24"><span class='ocrx_word' id='word_1_164' title='bbox 192 2146 334 2221; x_wconf 87' lang='lat' dir='ltr'><strong>pergunt,</strong></span> <span class='ocrx_word' id='word_1_165' title='bbox 357 2136 451 2219; x_wconf 93' lang='lat' dir='ltr'><strong>qnod,</strong></span> <span class='ocrx_word' id='word_1_166' title='bbox 486 2146 515 2197; x_wconf 86' lang='lat' dir='ltr'><strong>ut</strong></span> <span class='ocrx_word' id='word_1_167' title='bbox 531 2146 616 2197; x_wconf 88' lang='lat' dir='ltr'><strong>autea</strong></span> <span class='ocrx_word' id='word_1_168' title='bbox 635 2137 714 2215; x_wconf 81' lang='lat' dir='ltr'><strong>dixi,</strong></span> <span class='ocrx_word' id='word_1_169' title='bbox 745 2134 873 2221; x_wconf 81' lang='lat' dir='ltr'><strong>Moyseo</strong></span> <span class='ocrx_word' id='word_1_170' title='bbox 892 2137 1072 2199; x_wconf 85' lang='lat' dir='ltr'><strong>educaverit.</strong></span> <span class='ocrx_word' id='word_1_171' title='bbox 1120 2135 1271 2199; x_wconf 81' lang='lat' dir='ltr'><strong>Eiusmodi</strong></span> <span class='ocrx_word' id='word_1_172' title='bbox 1289 2137 1349 2222; x_wconf 89' lang='lat' dir='ltr'><strong>ple-</strong></span> 
     </span>
     <span class='ocr_line' id='line_1_20' title="bbox 192 2237 1348 2322; baseline -0.002 -19"><span class='ocrx_word' id='word_1_173' title='bbox 192 2260 283 2322; x_wconf 84' lang='lat' dir='ltr'><strong>toque</strong></span> <span class='ocrx_word' id='word_1_174' title='bbox 303 2240 338 2300; x_wconf 91' lang='lat' dir='ltr'><strong>ad</strong></span> <span class='ocrx_word' id='word_1_175' title='bbox 355 2259 511 2301; x_wconf 86' lang='lat' dir='ltr'><strong>caecorum</strong></span> <span class='ocrx_word' id='word_1_176' title='bbox 539 2237 686 2300; x_wconf 90' lang='lat' dir='ltr'><strong>bominum</strong></span> <span class='ocrx_word' id='word_1_177' title='bbox 704 2240 835 2302; x_wconf 83' lang='lat' dir='ltr'><strong>fraudem</strong></span> <span class='ocrx_word' id='word_1_178' title='bbox 853 2250 884 2302; x_wconf 89' lang='lat' dir='ltr'><strong>et</strong></span> <span class='ocrx_word' id='word_1_179' title='bbox 905 2259 1037 2301; x_wconf 79' lang='lat' dir='ltr'><strong>errorem</strong></span> <span class='ocrx_word' id='word_1_180' title='bbox 1055 2239 1084 2301; x_wconf 93' lang='lat' dir='ltr'><strong>iu</strong></span> <span class='ocrx_word' id='word_1_181' title='bbox 1105 2241 1240 2302; x_wconf 88' lang='lat' dir='ltr'><strong>muudum</strong></span> <span class='ocrx_word' id='word_1_182' title='bbox 1257 2239 1348 2302; x_wconf 90' lang='lat' dir='ltr'><strong>intro·</strong></span> 
     </span>
     <span class='ocr_line' id='line_1_21' title="bbox 193 2340 1346 2426; baseline -0.001 -23"><span class='ocrx_word' id='word_1_183' title='bbox 193 2340 277 2403; x_wconf 89' lang='lat' dir='ltr'><strong>ducta</strong></span> <span class='ocrx_word' id='word_1_184' title='bbox 294 2349 378 2416; x_wconf 70' lang='lat' dir='ltr'><strong>sunt,</strong></span> <span class='ocrx_word' id='word_1_185' title='bbox 413 2361 471 2402; x_wconf 93' lang='lat' dir='ltr'><strong>oon</strong></span> <span class='ocrx_word' id='word_1_186' title='bbox 497 2341 572 2424; x_wconf 87' lang='lat' dir='ltr'><strong>quod</strong></span> <span class='ocrx_word' id='word_1_187' title='bbox 599 2341 693 2403; x_wconf 88' lang='lat' dir='ltr'><strong>saneti</strong></span> <span class='ocrx_word' id='word_1_188' title='bbox 717 2341 850 2425; x_wconf 87' lang='lat' dir='ltr'><strong>cuiqnam</strong></span> <span class='ocrx_word' id='word_1_189' title='bbox 868 2341 1041 2404; x_wconf 82' lang='lat' dir='ltr'><strong>offensionis</strong></span> <span class='ocrx_word' id='word_1_190' title='bbox 1059 2362 1159 2404; x_wconf 87' lang='lat' dir='ltr'><strong>ansam</strong></span> <span class='ocrx_word' id='word_1_191' title='bbox 1178 2342 1346 2426; x_wconf 86' lang='lat' dir='ltr'><strong>praebeant,</strong></span> 
     </span>
    </p>
   </div>
   <div class='ocr_carea' id='block_1_3' title="bbox 191 2441 1346 2530">
    <p class='ocr_par' dir='ltr' id='par_1_7' title="bbox 191 2441 1346 2530">
     <span class='ocr_line' id='line_1_22' title="bbox 191 2441 1346 2530; baseline -0.001 -24"><span class='ocrx_word' id='word_1_192' title='bbox 191 2443 243 2507; x_wconf 86' lang='lat' dir='ltr'><strong>sed</strong></span> <span class='ocrx_word' id='word_1_193' title='bbox 260 2443 335 2525; x_wconf 93' lang='lat' dir='ltr'><strong>quod</strong></span> <span class='ocrx_word' id='word_1_194' title='bbox 353 2441 563 2526; x_wconf 82' lang='lat' dir='ltr'><strong>conquiescere</strong></span> <span class='ocrx_word' id='word_1_195' title='bbox 580 2462 664 2505; x_wconf 86' lang='lat' dir='ltr'><strong>meus</strong></span> <span class='ocrx_word' id='word_1_196' title='bbox 682 2443 827 2506; x_wconf 90' lang='lat' dir='ltr'><strong>bominum</strong></span> <span class='ocrx_word' id='word_1_197' title='bbox 845 2454 980 2528; x_wconf 87' lang='lat' dir='ltr'><strong>nequeat,</strong></span> <span class='ocrx_word' id='word_1_198' title='bbox 1005 2445 1084 2506; x_wconf 87' lang='lat' dir='ltr'><strong>etad</strong></span> <span class='ocrx_word' id='word_1_199' title='bbox 1102 2465 1192 2530; x_wconf 86' lang='lat' dir='ltr'><strong>prava</strong></span> <span class='ocrx_word' id='word_1_200' title='bbox 1210 2444 1346 2506; x_wconf 85' lang='lat' dir='ltr'><strong>declinet.</strong></span> 
     </span>
    </p>
   </div>
   <div class='ocr_carea' id='block_1_4' title="bbox 191 2541 1351 2631">
    <p class='ocr_par' dir='ltr' id='par_1_8' title="bbox 191 2541 1351 2631">
     <span class='ocr_line' id='line_1_23' title="bbox 191 2541 1351 2631; baseline 0.003 -25"><span class='ocrx_word' id='word_1_201' title='bbox 191 2541 309 2607; x_wconf 82' lang='lat' dir='ltr'><strong>Etenim</strong></span> <span class='ocrx_word' id='word_1_202' title='bbox 331 2545 396 2606; x_wconf 88' lang='lat' dir='ltr'><strong>sive</strong></span> <span class='ocrx_word' id='word_1_203' title='bbox 420 2557 535 2607; x_wconf 88' lang='lat' dir='ltr'><strong>mortua</strong></span> <span class='ocrx_word' id='word_1_204' title='bbox 558 2556 604 2608; x_wconf 89' lang='lat' dir='ltr'><strong>est</strong></span> <span class='ocrx_word' id='word_1_205' title='bbox 628 2544 713 2628; x_wconf 75' lang='lat' dir='ltr'><strong>virgo</strong></span> <span class='ocrx_word' id='word_1_206' title='bbox 736 2547 938 2624; x_wconf 88' lang='lat' dir='ltr'><strong>sanctissima,</strong></span> <span class='ocrx_word' id='word_1_207' title='bbox 970 2568 1005 2609; x_wconf 91' lang='lat' dir='ltr'><strong>ac</strong></span> <span class='ocrx_word' id='word_1_208' title='bbox 1022 2547 1135 2631; x_wconf 90' lang='lat' dir='ltr'><strong>sepulta</strong></span> <span class='ocrx_word' id='word_1_209' title='bbox 1150 2567 1263 2608; x_wconf 91' lang='lat' dir='ltr'><strong>summo</strong></span> <span class='ocrx_word' id='word_1_210' title='bbox 1283 2567 1351 2609; x_wconf 88' lang='lat' dir='ltr'><strong>cum</strong></span> 
     </span>
    </p>
   </div>
   <div class='ocr_carea' id='block_1_5' title="bbox 190 2645 1488 4437">
    <p class='ocr_par' dir='ltr' id='par_1_9' title="bbox 190 2645 1488 4242">
     <span class='ocr_line' id='line_1_24' title="bbox 191 2645 1348 2730; baseline 0.002 -22"><span class='ocrx_word' id='word_1_211' title='bbox 191 2645 349 2730; x_wconf 82' lang='lat' dir='ltr'><strong>splendore</strong></span> <span class='ocrx_word' id='word_1_212' title='bbox 372 2647 525 2709; x_wconf 87' lang='lat' dir='ltr'><strong>coniuncta</strong></span> <span class='ocrx_word' id='word_1_213' title='bbox 551 2668 631 2710; x_wconf 87' lang='lat' dir='ltr'><strong>mors</strong></span> <span class='ocrx_word' id='word_1_214' title='bbox 647 2647 725 2710; x_wconf 93' lang='lat' dir='ltr'><strong>illius</strong></span> <span class='ocrx_word' id='word_1_215' title='bbox 742 2658 806 2725; x_wconf 86' lang='lat' dir='ltr'><strong>est,</strong></span> <span class='ocrx_word' id='word_1_216' title='bbox 840 2658 869 2710; x_wconf 91' lang='lat' dir='ltr'><strong>et</strong></span> <span class='ocrx_word' id='word_1_217' title='bbox 884 2649 1066 2713; x_wconf 89' lang='lat' dir='ltr'><strong>castissimus</strong></span> <span class='ocrx_word' id='word_1_218' title='bbox 1086 2650 1203 2726; x_wconf 81' lang='lat' dir='ltr'><strong>exitus,</strong></span> <span class='ocrx_word' id='word_1_219' title='bbox 1236 2669 1272 2710; x_wconf 90' lang='lat' dir='ltr'><strong>ac</strong></span> <span class='ocrx_word' id='word_1_220' title='bbox 1290 2647 1348 2710; x_wconf 83' lang='lat' dir='ltr'><strong>vir·</strong></span> 
     </span>
     <span class='ocr_line' id='line_1_25' title="bbox 191 2745 1348 2834; baseline 0.002 -25"><span class='ocrx_word' id='word_1_221' title='bbox 191 2747 323 2830; x_wconf 73' lang='lat' dir='ltr'><strong>qirtitatis</strong></span> <span class='ocrx_word' id='word_1_222' title='bbox 348 2745 376 2810; x_wconf 91' lang='lat' dir='ltr'><strong>ei</strong></span> <span class='ocrx_word' id='word_1_223' title='bbox 397 2768 506 2811; x_wconf 89' lang='lat' dir='ltr'><strong>corona</strong></span> <span class='ocrx_word' id='word_1_224' title='bbox 523 2770 683 2812; x_wconf 77' lang='lat' dir='ltr'><strong>corroessaa</strong></span> <span class='ocrx_word' id='word_1_225' title='bbox 715 2750 780 2813; x_wconf 85' lang='lat' dir='ltr'><strong>sive</strong></span> <span class='ocrx_word' id='word_1_226' title='bbox 800 2751 970 2828; x_wconf 83' lang='lat' dir='ltr'><strong>interiecta,</strong></span> <span class='ocrx_word' id='word_1_227' title='bbox 1003 2762 1033 2813; x_wconf 92' lang='lat' dir='ltr'><strong>ut</strong></span> <span class='ocrx_word' id='word_1_228' title='bbox 1054 2751 1185 2814; x_wconf 89' lang='lat' dir='ltr'><strong>indicare</strong></span> <span class='ocrx_word' id='word_1_229' title='bbox 1204 2750 1348 2834; x_wconf 90' lang='lat' dir='ltr'><strong>scriptura</strong></span> 
     </span>
     <span class='ocr_line' id='line_1_26' title="bbox 193 2848 1488 2937; baseline 0.005 -25"><span class='ocrx_word' id='word_1_230' title='bbox 193 2848 310 2912; x_wconf 83' lang='lat' dir='ltr'><strong>videtur</strong></span> <span class='ocrx_word' id='word_1_231' title='bbox 325 2848 370 2912; x_wconf 89' lang='lat' dir='ltr'><strong>bis</strong></span> <span class='ocrx_word' id='word_1_232' title='bbox 384 2850 495 2929; x_wconf 84' lang='lat' dir='ltr'><strong>verbis,</strong></span> <span class='ocrx_word' id='word_1_233' title='bbox 517 2855 559 2913; x_wconf 82' lang='lat' dir='ltr'><strong>Et</strong></span> <span class='ocrx_word' id='word_1_234' title='bbox 572 2857 661 2933; x_wconf 77' lang='lat' dir='ltr'><strong>ipsius</strong></span> <span class='ocrx_word' id='word_1_235' title='bbox 677 2857 796 2914; x_wconf 75' lang='lat' dir='ltr'><strong>mamma</strong></span> <span class='ocrx_word' id='word_1_236' title='bbox 808 2856 969 2932; x_wconf 79' lang='lat' dir='ltr'><strong>penetrabit</strong></span> <span class='ocrx_word' id='word_1_237' title='bbox 979 2856 1105 2933; x_wconf 73' lang='lat' dir='ltr'><strong>gladios,</strong></span> <span class='ocrx_word' id='word_1_238' title='bbox 1131 2854 1252 2937; x_wconf 78' lang='lat' dir='ltr'><strong>gloriam</strong></span> <span class='ocrx_word' id='word_1_239' title='bbox 1269 2873 1345 2914; x_wconf 89' lang='lat' dir='ltr'><strong>mar·</strong></span> <span class='ocrx_word' id='word_1_240' title='bbox 1359 2863 1443 2919; x_wconf 72' lang='lat' dir='ltr'><strong>unet,</strong></span> <span class='ocrx_word' id='word_1_241' title='bbox 1454 2863 1488 2909; x_wconf 55' lang='grc' dir='ltr'>Ἀ</span> 
     </span>
     <span class='ocr_line' id='line_1_27' title="bbox 192 2951 1349 3039; baseline 0.005 -28"><span class='ocrx_word' id='word_1_242' title='bbox 192 2959 275 3035; x_wconf 82' lang='lat' dir='ltr'><strong>tyros</strong></span> <span class='ocrx_word' id='word_1_243' title='bbox 293 2951 371 3015; x_wconf 90' lang='lat' dir='ltr'><strong>inter</strong></span> <span class='ocrx_word' id='word_1_244' title='bbox 386 2973 421 3016; x_wconf 87' lang='lat' dir='ltr'><strong>ae</strong></span> <span class='ocrx_word' id='word_1_245' title='bbox 435 2952 524 3016; x_wconf 88' lang='lat' dir='ltr'><strong>decus</strong></span> <span class='ocrx_word' id='word_1_246' title='bbox 544 2954 674 3033; x_wconf 87' lang='lat' dir='ltr'><strong>obtinet,</strong></span> <span class='ocrx_word' id='word_1_247' title='bbox 710 2966 740 3017; x_wconf 92' lang='lat' dir='ltr'><strong>et</strong></span> <span class='ocrx_word' id='word_1_248' title='bbox 755 2975 871 3017; x_wconf 86' lang='lat' dir='ltr'><strong>sacrum</strong></span> <span class='ocrx_word' id='word_1_249' title='bbox 892 2956 969 3018; x_wconf 89' lang='lat' dir='ltr'><strong>illius</strong></span> <span class='ocrx_word' id='word_1_250' title='bbox 986 2976 1092 3039; x_wconf 89' lang='lat' dir='ltr'><strong>corpus</strong></span> <span class='ocrx_word' id='word_1_251' title='bbox 1111 2957 1189 3018; x_wconf 83' lang='lat' dir='ltr'><strong>onrni</strong></span> <span class='ocrx_word' id='word_1_252' title='bbox 1211 2956 1349 3020; x_wconf 79' lang='lat' dir='ltr'><strong>felicitate</strong></span> 
     </span>
     <span class='ocr_line' id='line_1_28' title="bbox 191 3051 1349 3143; baseline 0.006 -29"><span class='ocrx_word' id='word_1_253' title='bbox 191 3051 368 3116; x_wconf 87' lang='lat' dir='ltr'><strong>cornulatum</strong></span> <span class='ocrx_word' id='word_1_254' title='bbox 391 3066 453 3134; x_wconf 89' lang='lat' dir='ltr'><strong>est,</strong></span> <span class='ocrx_word' id='word_1_255' title='bbox 486 3076 538 3140; x_wconf 89' lang='lat' dir='ltr'><strong>per</strong></span> <span class='ocrx_word' id='word_1_256' title='bbox 555 3076 639 3140; x_wconf 90' lang='lat' dir='ltr'><strong>quam</strong></span> <span class='ocrx_word' id='word_1_257' title='bbox 657 3059 766 3121; x_wconf 89' lang='lat' dir='ltr'><strong>muodo</strong></span> <span class='ocrx_word' id='word_1_258' title='bbox 786 3058 882 3120; x_wconf 89' lang='lat' dir='ltr'><strong>lumen</strong></span> <span class='ocrx_word' id='word_1_259' title='bbox 900 3057 1009 3120; x_wconf 91' lang='lat' dir='ltr'><strong>illuxit.</strong></span> <span class='ocrx_word' id='word_1_260' title='bbox 1055 3056 1159 3122; x_wconf 90' lang='lat' dir='ltr'><strong>Potest</strong></span> <span class='ocrx_word' id='word_1_261' title='bbox 1177 3059 1303 3143; x_wconf 90' lang='lat' dir='ltr'><strong>denique</strong></span> <span class='ocrx_word' id='word_1_262' title='bbox 1319 3068 1349 3121; x_wconf 90' lang='grc' dir='ltr'><strong>ει</strong></span> 
     </span>
     <span class='ocr_line' id='line_1_29' title="bbox 191 3153 1347 3243; baseline 0.003 -25"><span class='ocrx_word' id='word_1_263' title='bbox 191 3153 222 3218; x_wconf 88' lang='lat' dir='ltr'><strong>ia</strong></span> <span class='ocrx_word' id='word_1_264' title='bbox 239 3153 300 3218; x_wconf 87' lang='lat' dir='ltr'><strong>vita</strong></span> <span class='ocrx_word' id='word_1_265' title='bbox 316 3157 471 3221; x_wconf 90' lang='lat' dir='ltr'><strong>mansisse.</strong></span> <span class='ocrx_word' id='word_1_266' title='bbox 518 3154 622 3222; x_wconf 86' lang='lat' dir='ltr'><strong>Potest</strong></span> <span class='ocrx_word' id='word_1_267' title='bbox 640 3161 718 3223; x_wconf 91' lang='lat' dir='ltr'><strong>enim</strong></span> <span class='ocrx_word' id='word_1_268' title='bbox 734 3160 806 3222; x_wconf 89' lang='lat' dir='ltr'><strong>deus</strong></span> <span class='ocrx_word' id='word_1_269' title='bbox 824 3160 959 3243; x_wconf 88' lang='lat' dir='ltr'><strong>quioquid</strong></span> <span class='ocrx_word' id='word_1_270' title='bbox 983 3159 1100 3223; x_wconf 89' lang='lat' dir='ltr'><strong>libuerit</strong></span> <span class='ocrx_word' id='word_1_271' title='bbox 1116 3162 1250 3240; x_wconf 83' lang='lat' dir='ltr'><strong>efficere3</strong></span> <span class='ocrx_word' id='word_1_272' title='bbox 1282 3182 1347 3224; x_wconf 89' lang='lat' dir='ltr'><strong>nam</strong></span> 
     </span>
     <span class='ocr_line' id='line_1_30' title="bbox 192 3256 1348 3347; baseline 0.006 -27"><span class='ocrx_word' id='word_1_273' title='bbox 192 3256 228 3320; x_wconf 92' lang='lat' dir='ltr'><strong>de</strong></span> <span class='ocrx_word' id='word_1_274' title='bbox 246 3257 323 3320; x_wconf 90' lang='lat' dir='ltr'><strong>illius</strong></span> <span class='ocrx_word' id='word_1_275' title='bbox 339 3258 424 3322; x_wconf 84' lang='lat' dir='ltr'><strong>exitu</strong></span> <span class='ocrx_word' id='word_1_276' title='bbox 439 3259 508 3324; x_wconf 91' lang='lat' dir='ltr'><strong>nibil</strong></span> <span class='ocrx_word' id='word_1_277' title='bbox 526 3273 607 3325; x_wconf 89' lang='lat' dir='ltr'><strong>certo</strong></span> <span class='ocrx_word' id='word_1_278' title='bbox 624 3272 750 3326; x_wconf 88' lang='lat' dir='ltr'><strong>constat.</strong></span> <span class='ocrx_word' id='word_1_279' title='bbox 797 3259 893 3325; x_wconf 88' lang='lat' dir='ltr'><strong>Porro</strong></span> <span class='ocrx_word' id='word_1_280' title='bbox 911 3263 985 3326; x_wconf 88' lang='lat' dir='ltr'><strong>ultra</strong></span> <span class='ocrx_word' id='word_1_281' title='bbox 1005 3285 1089 3346; x_wconf 89' lang='lat' dir='ltr'><strong>qoam</strong></span> <span class='ocrx_word' id='word_1_282' title='bbox 1107 3285 1160 3347; x_wconf 92' lang='lat' dir='ltr'><strong>par</strong></span> <span class='ocrx_word' id='word_1_283' title='bbox 1176 3263 1214 3326; x_wconf 90' lang='lat' dir='ltr'><strong>sit</strong></span> <span class='ocrx_word' id='word_1_284' title='bbox 1229 3274 1348 3327; x_wconf 85' lang='lat' dir='ltr'><strong>sanctos</strong></span> 
     </span>
     <span class='ocr_line' id='line_1_31' title="bbox 192 3360 1349 3448; baseline 0.003 -24"><span class='ocrx_word' id='word_1_285' title='bbox 192 3360 327 3424; x_wconf 81' lang='lat' dir='ltr'><strong>venerari</strong></span> <span class='ocrx_word' id='word_1_286' title='bbox 352 3361 437 3423; x_wconf 89' lang='lat' dir='ltr'><strong>nelas</strong></span> <span class='ocrx_word' id='word_1_287' title='bbox 457 3371 521 3439; x_wconf 87' lang='lat' dir='ltr'><strong>est,</strong></span> <span class='ocrx_word' id='word_1_288' title='bbox 553 3364 604 3426; x_wconf 92' lang='lat' dir='ltr'><strong>sed</strong></span> <span class='ocrx_word' id='word_1_289' title='bbox 630 3364 745 3427; x_wconf 90' lang='lat' dir='ltr'><strong>illorum</strong></span> <span class='ocrx_word' id='word_1_290' title='bbox 769 3363 955 3428; x_wconf 86' lang='lat' dir='ltr'><strong>honorandus</strong></span> <span class='ocrx_word' id='word_1_291' title='bbox 978 3377 1024 3427; x_wconf 90' lang='lat' dir='ltr'><strong>est</strong></span> <span class='ocrx_word' id='word_1_292' title='bbox 1046 3366 1191 3428; x_wconf 88' lang='lat' dir='ltr'><strong>dominus.</strong></span> <span class='ocrx_word' id='word_1_293' title='bbox 1238 3362 1349 3448; x_wconf 80' lang='lat' dir='ltr'><strong>Quam-</strong></span> 
     </span>
     <span class='ocr_line' id='line_1_32' title="bbox 192 3461 1346 3552; baseline 0.004 -27"><span class='ocrx_word' id='word_1_294' title='bbox 192 3461 293 3525; x_wconf 87' lang='lat' dir='ltr'><strong>obrem</strong></span> <span class='ocrx_word' id='word_1_295' title='bbox 311 3461 426 3525; x_wconf 89' lang='lat' dir='ltr'><strong>desinat</strong></span> <span class='ocrx_word' id='word_1_296' title='bbox 443 3464 557 3526; x_wconf 91' lang='lat' dir='ltr'><strong>tandem</strong></span> <span class='ocrx_word' id='word_1_297' title='bbox 577 3465 734 3529; x_wconf 77' lang='lat' dir='ltr'><strong>infelicium</strong></span> <span class='ocrx_word' id='word_1_298' title='bbox 757 3466 806 3529; x_wconf 91' lang='lat' dir='ltr'><strong>ille</strong></span> <span class='ocrx_word' id='word_1_299' title='bbox 830 3466 977 3530; x_wconf 88' lang='lat' dir='ltr'><strong>bominum</strong></span> <span class='ocrx_word' id='word_1_300' title='bbox 997 3470 1093 3531; x_wconf 82' lang='lat' dir='ltr'><strong>error.</strong></span> <span class='ocrx_word' id='word_1_301' title='bbox 1140 3467 1245 3552; x_wconf 86' lang='lat' dir='ltr'><strong>Neque</strong></span> <span class='ocrx_word' id='word_1_302' title='bbox 1270 3467 1346 3532; x_wconf 91' lang='lat' dir='ltr'><strong>enim</strong></span> 
     </span>
     <span class='ocr_line' id='line_1_33' title="bbox 191 3559 1348 3654; baseline 0.006 -27"><span class='ocrx_word' id='word_1_303' title='bbox 191 3559 288 3627; x_wconf 86' lang='lat' dir='ltr'><strong>Maria</strong></span> <span class='ocrx_word' id='word_1_304' title='bbox 305 3563 378 3627; x_wconf 89' lang='lat' dir='ltr'><strong>deus</strong></span> <span class='ocrx_word' id='word_1_305' title='bbox 395 3575 459 3643; x_wconf 88' lang='lat' dir='ltr'><strong>est,</strong></span> <span class='ocrx_word' id='word_1_306' title='bbox 484 3585 579 3648; x_wconf 89' lang='lat' dir='ltr'><strong>neque</strong></span> <span class='ocrx_word' id='word_1_307' title='bbox 597 3566 632 3628; x_wconf 89' lang='lat' dir='ltr'><strong>de</strong></span> <span class='ocrx_word' id='word_1_308' title='bbox 648 3567 732 3629; x_wconf 85' lang='lat' dir='ltr'><strong>coelo</strong></span> <span class='ocrx_word' id='word_1_309' title='bbox 747 3588 853 3652; x_wconf 87' lang='lat' dir='ltr'><strong>eorpus</strong></span> <span class='ocrx_word' id='word_1_310' title='bbox 868 3571 998 3654; x_wconf 82' lang='lat' dir='ltr'><strong>accepit,</strong></span> <span class='ocrx_word' id='word_1_311' title='bbox 1030 3572 1082 3634; x_wconf 88' lang='lat' dir='ltr'><strong>sed</strong></span> <span class='ocrx_word' id='word_1_312' title='bbox 1100 3571 1135 3634; x_wconf 89' lang='lat' dir='ltr'><strong>ab</strong></span> <span class='ocrx_word' id='word_1_313' title='bbox 1153 3572 1218 3633; x_wconf 85' lang='lat' dir='ltr'><strong>viro</strong></span> <span class='ocrx_word' id='word_1_314' title='bbox 1235 3592 1270 3632; x_wconf 85' lang='lat' dir='ltr'><strong>ao</strong></span> <span class='ocrx_word' id='word_1_315' title='bbox 1286 3593 1348 3634; x_wconf 94' lang='lat' dir='ltr'><strong>mu·</strong></span> 
     </span>
     <span class='ocr_line' id='line_1_34' title="bbox 191 3664 1347 3756; baseline 0.005 -27"><span class='ocrx_word' id='word_1_316' title='bbox 191 3664 264 3729; x_wconf 90' lang='lat' dir='ltr'><strong>liere</strong></span> <span class='ocrx_word' id='word_1_317' title='bbox 282 3665 398 3748; x_wconf 84' lang='lat' dir='ltr'><strong>genita,</strong></span> <span class='ocrx_word' id='word_1_318' title='bbox 424 3667 539 3729; x_wconf 89' lang='lat' dir='ltr'><strong>tametsi</strong></span> <span class='ocrx_word' id='word_1_319' title='bbox 558 3688 596 3730; x_wconf 82' lang='lat' dir='ltr'><strong>ox</strong></span> <span class='ocrx_word' id='word_1_320' title='bbox 617 3668 828 3752; x_wconf 85' lang='lat' dir='ltr'><strong>promissione,</strong></span> <span class='ocrx_word' id='word_1_321' title='bbox 852 3683 883 3733; x_wconf 92' lang='lat' dir='ltr'><strong>ut</strong></span> <span class='ocrx_word' id='word_1_322' title='bbox 899 3672 966 3734; x_wconf 92' lang='lat' dir='ltr'><strong>olim</strong></span> <span class='ocrx_word' id='word_1_323' title='bbox 986 3669 1117 3751; x_wconf 88' lang='lat' dir='ltr'><strong>isaacus,</strong></span> <span class='ocrx_word' id='word_1_324' title='bbox 1142 3672 1283 3756; x_wconf 80' lang='lat' dir='ltr'><strong>singulari</strong></span> <span class='ocrx_word' id='word_1_325' title='bbox 1302 3673 1347 3736; x_wconf 89' lang='lat' dir='ltr'><strong>dei</strong></span> 
     </span>
     <span class='ocr_line' id='line_1_35' title="bbox 191 3765 1347 3854; baseline 0.005 -23"><span class='ocrx_word' id='word_1_326' title='bbox 191 3765 231 3832; x_wconf 86' lang='lat' dir='ltr'><strong>sit</strong></span> <span class='ocrx_word' id='word_1_327' title='bbox 254 3769 436 3854; x_wconf 89' lang='lat' dir='ltr'><strong>providentia</strong></span> <span class='ocrx_word' id='word_1_328' title='bbox 464 3789 618 3832; x_wconf 85' lang='lat' dir='ltr'><strong>concessa.</strong></span> <span class='ocrx_word' id='word_1_329' title='bbox 664 3767 762 3832; x_wconf 87' lang='lat' dir='ltr'><strong>Nemo</strong></span> <span class='ocrx_word' id='word_1_330' title='bbox 787 3773 913 3836; x_wconf 88' lang='lat' dir='ltr'><strong>veroin</strong></span> <span class='ocrx_word' id='word_1_331' title='bbox 939 3774 1016 3837; x_wconf 88' lang='lat' dir='ltr'><strong>illius</strong></span> <span class='ocrx_word' id='word_1_332' title='bbox 1040 3796 1146 3838; x_wconf 88' lang='lat' dir='ltr'><strong>nomon</strong></span> <span class='ocrx_word' id='word_1_333' title='bbox 1172 3774 1347 3837; x_wconf 84' lang='lat' dir='ltr'><strong>sacrificinm</strong></span> 
     </span>
     <span class='ocr_line' id='line_1_36' title="bbox 191 3870 1348 3956; baseline 0.004 -21"><span class='ocrx_word' id='word_1_334' title='bbox 191 3871 314 3950; x_wconf 79' lang='lat' dir='ltr'><strong>oll‘era13</strong></span> <span class='ocrx_word' id='word_1_335' title='bbox 340 3870 447 3955; x_wconf 87' lang='lat' dir='ltr'><strong>alioqui</strong></span> <span class='ocrx_word' id='word_1_336' title='bbox 465 3873 580 3932; x_wconf 88' lang='lat' dir='ltr'><strong>animae</strong></span> <span class='ocrx_word' id='word_1_337' title='bbox 593 3893 664 3935; x_wconf 92' lang='lat' dir='ltr'><strong>snae</strong></span> <span class='ocrx_word' id='word_1_338' title='bbox 681 3882 803 3934; x_wconf 86' lang='lat' dir='ltr'><strong>mortem</strong></span> <span class='ocrx_word' id='word_1_339' title='bbox 822 3885 908 3956; x_wconf 89' lang='lat' dir='ltr'><strong>atque</strong></span> <span class='ocrx_word' id='word_1_340' title='bbox 924 3875 1047 3939; x_wconf 85' lang='lat' dir='ltr'><strong>exitium</strong></span> <span class='ocrx_word' id='word_1_341' title='bbox 1063 3877 1239 3940; x_wconf 87' lang='lat' dir='ltr'><strong>conscisoot.</strong></span> <span class='ocrx_word' id='word_1_342' title='bbox 1284 3875 1348 3940; x_wconf 89' lang='lat' dir='ltr'><strong>Ne-</strong></span> 
     </span>
     <span class='ocr_line' id='line_1_37' title="bbox 190 3972 1344 4062; baseline 0.004 -25"><span class='ocrx_word' id='word_1_343' title='bbox 190 3994 247 4058; x_wconf 91' lang='lat' dir='ltr'><strong>que</strong></span> <span class='ocrx_word' id='word_1_344' title='bbox 276 3994 349 4037; x_wconf 88' lang='lat' dir='ltr'><strong>vero</strong></span> <span class='ocrx_word' id='word_1_345' title='bbox 376 3972 406 4034; x_wconf 92' lang='lat' dir='ltr'><strong>in</strong></span> <span class='ocrx_word' id='word_1_346' title='bbox 436 3974 649 4036; x_wconf 89' lang='lat' dir='ltr'><strong>sanctissimam</strong></span> <span class='ocrx_word' id='word_1_347' title='bbox 680 3973 758 4035; x_wconf 90' lang='lat' dir='ltr'><strong>illam</strong></span> <span class='ocrx_word' id='word_1_348' title='bbox 786 3976 997 4040; x_wconf 89' lang='lat' dir='ltr'><strong>contumeliose</strong></span> <span class='ocrx_word' id='word_1_349' title='bbox 1028 3978 1200 4062; x_wconf 86' lang='lat' dir='ltr'><strong>perbacbari</strong></span> <span class='ocrx_word' id='word_1_350' title='bbox 1229 3980 1344 4042; x_wconf 89' lang='lat' dir='ltr'><strong>audeat.</strong></span> 
     </span>
     <span class='ocr_line' id='line_1_38' title="bbox 190 4075 1346 4168; baseline 0.005 -28"><span class='ocrx_word' id='word_1_351' title='bbox 190 4075 279 4140; x_wconf 75' lang='lat' dir='ltr'><strong>alsit</strong></span> <span class='ocrx_word' id='word_1_352' title='bbox 302 4076 379 4138; x_wconf 89' lang='lat' dir='ltr'><strong>euim</strong></span> <span class='ocrx_word' id='word_1_353' title='bbox 397 4088 428 4139; x_wconf 91' lang='lat' dir='ltr'><strong>nt</strong></span> <span class='ocrx_word' id='word_1_354' title='bbox 447 4088 512 4163; x_wconf 88' lang='lat' dir='ltr'><strong>post</strong></span> <span class='ocrx_word' id='word_1_355' title='bbox 529 4077 636 4168; x_wconf 77' lang='lat' dir='ltr'><strong>editum</strong></span> <span class='ocrx_word' id='word_1_356' title='bbox 663 4075 841 4140; x_wconf 87' lang='lat' dir='ltr'><strong>salvatorem</strong></span> <span class='ocrx_word' id='word_1_357' title='bbox 866 4090 917 4141; x_wconf 90' lang='lat' dir='ltr'><strong>aut</strong></span> <span class='ocrx_word' id='word_1_358' title='bbox 935 4090 1004 4143; x_wconf 89' lang='lat' dir='ltr'><strong>ante</strong></span> <span class='ocrx_word' id='word_1_359' title='bbox 1022 4091 1136 4165; x_wconf 91' lang='lat' dir='ltr'><strong>partum</strong></span> <span class='ocrx_word' id='word_1_360' title='bbox 1155 4102 1262 4166; x_wconf 91' lang='lat' dir='ltr'><strong>corpus</strong></span> <span class='ocrx_word' id='word_1_361' title='bbox 1282 4104 1346 4146; x_wconf 87' lang='lat' dir='ltr'><strong>oum</strong></span> 
     </span>
     <span class='ocr_line' id='line_1_39' title="bbox 190 4177 612 4242; baseline 0 0"><span class='ocrx_word' id='word_1_362' title='bbox 190 4177 250 4242; x_wconf 83' lang='lat' dir='ltr'><strong>allo</strong></span> <span class='ocrx_word' id='word_1_363' title='bbox 272 4179 465 4242; x_wconf 84' lang='lat' dir='ltr'><strong>coniunxisse</strong></span> <span class='ocrx_word' id='word_1_364' title='bbox 488 4179 612 4242; x_wconf 91' lang='lat' dir='ltr'><strong>dicatur.</strong></span> 
     </span>
    </p>

    <p class='ocr_par' dir='ltr' id='par_1_10' title="bbox 275 4278 1450 4435">
     <span class='ocr_line' id='line_1_40' title="bbox 275 4278 1450 4435; baseline 0.009 -93"><span class='ocrx_word' id='word_1_365' title='bbox 275 4278 357 4344; x_wconf 87' lang='lat' dir='ltr'><strong>llaec</strong></span> <span class='ocrx_word' id='word_1_366' title='bbox 373 4280 525 4345; x_wconf 88' lang='lat' dir='ltr'><strong>babuimus</strong></span> <span class='ocrx_word' id='word_1_367' title='bbox 540 4302 614 4365; x_wconf 88' lang='lat' dir='ltr'><strong>quae</strong></span> <span class='ocrx_word' id='word_1_368' title='bbox 631 4281 705 4367; x_wconf 91' lang='lat' dir='ltr'><strong>apud</strong></span> <span class='ocrx_word' id='word_1_369' title='bbox 723 4304 777 4346; x_wconf 92' lang='lat' dir='ltr'><strong>nos</strong></span> <span class='ocrx_word' id='word_1_370' title='bbox 795 4283 934 4347; x_wconf 88' lang='lat' dir='ltr'><strong>meditata</strong></span> <span class='ocrx_word' id='word_1_371' title='bbox 951 4283 981 4346; x_wconf 92' lang='lat' dir='ltr'><strong>in</strong></span> <span class='ocrx_word' id='word_1_372' title='bbox 1000 4304 1101 4348; x_wconf 88' lang='lat' dir='ltr'><strong>eorum</strong></span> <span class='ocrx_word' id='word_1_373' title='bbox 1119 4286 1242 4369; x_wconf 84' lang='lat' dir='ltr'><strong>gratiam</strong></span> <span class='ocrx_word' id='word_1_374' title='bbox 1263 4287 1346 4352; x_wconf 86' lang='lat' dir='ltr'><strong>brevi</strong></span> <span class='ocrx_word' id='word_1_375' title='bbox 1390 4312 1450 4435; x_wconf 46' lang='grc' dir='ltr'><strong>οἱ,</strong></span> 
     </span>
    </p>

    <p class='ocr_par' dir='ltr' id='par_1_11' title="bbox 1377 4381 1465 4437">
     <span class='ocr_line' id='line_1_41' title="bbox 1377 4381 1465 4437; baseline 0.034 -4"><span class='ocrx_word' id='word_1_376' title='bbox 1377 4381 1403 4433; x_wconf 83' lang='lat' dir='ltr'>X</span> <span class='ocrx_word' id='word_1_377' title='bbox 1434 4383 1465 4437; x_wconf 80' lang='lat' dir='ltr'><strong>V·</strong></span> 
     </span>
    </p>
   </div>
   <div class='ocr_carea' id='block_1_6' title="bbox 223 4449 1326 4586">
    <p class='ocr_par' dir='ltr' id='par_1_12' title="bbox 223 4449 1326 4586">
     <span class='ocr_line' id='line_1_42' title="bbox 224 4449 954 4521; baseline 0.005 -21"><span class='ocrx_word' id='word_1_378' title='bbox 224 4449 248 4500; x_wconf 87' lang='lat'><strong>5.</strong></span> <span class='ocrx_word' id='word_1_379' title='bbox 266 4452 419 4502; x_wconf 72' lang='lat' dir='ltr'><strong>Scribendm</strong></span> <span class='ocrx_word' id='word_1_380' title='bbox 431 4458 489 4515; x_wconf 84' lang='lat' dir='ltr'><strong>puto</strong></span> <span class='ocrx_word' id='word_1_381' title='bbox 505 4451 550 4505; x_wconf 78' lang='grc' dir='ltr'><strong>καὶ</strong></span> <span class='ocrx_word' id='word_1_382' title='bbox 566 4451 591 4505; x_wconf 76' lang='lat' dir='ltr'><strong>dr</strong></span> <span class='ocrx_word' id='word_1_383' title='bbox 610 4457 682 4521; x_wconf 76' lang='grc' dir='ltr'><strong>τιμῇ.</strong></span> <span class='ocrx_word' id='word_1_384' title='bbox 785 4453 810 4508; x_wconf 73' lang='grc' dir='ltr'><strong>ἐι</strong></span> <span class='ocrx_word' id='word_1_385' title='bbox 827 4451 954 4520; x_wconf 74' lang='grc' dir='ltr'><strong>μάρτυσιν.</strong></span> 
     </span>
     <span class='ocr_line' id='line_1_43' title="bbox 223 4514 1326 4586; baseline 0.014 -20"><span class='ocrx_word' id='word_1_386' title='bbox 223 4514 248 4570; x_wconf 84' lang='grc'><strong>6.</strong></span> <span class='ocrx_word' id='word_1_387' title='bbox 265 4521 371 4571; x_wconf 76' lang='lat' dir='ltr'><strong>Fortasse</strong></span> <span class='ocrx_word' id='word_1_388' title='bbox 391 4522 429 4570; x_wconf 83' lang='lat' dir='ltr'><strong>blo</strong></span> <span class='ocrx_word' id='word_1_389' title='bbox 442 4536 531 4585; x_wconf 84' lang='lat' dir='ltr'><strong>quoque</strong></span> <span class='ocrx_word' id='word_1_390' title='bbox 546 4523 692 4574; x_wconf 79' lang='lat' dir='ltr'><strong>scribendum</strong></span> <span class='ocrx_word' id='word_1_391' title='bbox 707 4520 750 4576; x_wconf 78' lang='grc' dir='ltr'><strong>και</strong></span> <span class='ocrx_word' id='word_1_392' title='bbox 818 4523 841 4576; x_wconf 83' lang='lat' dir='ltr'><strong>i.</strong></span> <span class='ocrx_word' id='word_1_393' title='bbox 860 4518 976 4579; x_wconf 74' lang='grc' dir='ltr'><strong>ἀπολλύει</strong></span> <span class='ocrx_word' id='word_1_394' title='bbox 993 4528 1044 4578; x_wconf 83' lang='lat' dir='ltr'><strong>cod.</strong></span> <span class='ocrx_word' id='word_1_395' title='bbox 1060 4529 1136 4580; x_wconf 80' lang='lat' dir='ltr'><strong>Parit.</strong></span> <span class='ocrx_word' id='word_1_396' title='bbox 1155 4531 1208 4580; x_wconf 74' lang='lat' dir='ltr'><strong>tote</strong></span> <span class='ocrx_word' id='word_1_397' title='bbox 1222 4531 1326 4586; x_wconf 77' lang='lat' dir='ltr'><strong>Patauio.</strong></span> 
     </span>
    </p>
   </div>
   <div class='ocr_carea' id='block_1_7' title="bbox 0 0 1552 5070">
    <p class='ocr_par' dir='ltr' id='par_1_13' title="bbox 0 0 1552 5070">
     <span class='ocr_line' id='line_1_44' title="bbox 0 0 1552 5070; baseline 0 0"><span class='ocrx_word' id='word_1_398' title='bbox 0 0 1552 5070; x_wconf 95' lang='lat' dir='ltr'><strong> </strong></span> 
     </span>
    </p>
   </div>
  </div>
 </body>
</html>
