<?xml version="1.0" encoding="UTF-8"?>
<!DOCTYPE html PUBLIC "-//W3C//DTD XHTML 1.0 Transitional//EN"
    "http://www.w3.org/TR/xhtml1/DTD/xhtml1-transitional.dtd">
<html xmlns="http://www.w3.org/1999/xhtml" xml:lang="en" lang="en">
 <head>
  <title>
</title>
<meta http-equiv="Content-Type" content="text/html;charset=utf-8" />
  <meta name='ocr-system' content='tesseract 3.04.00' />
  <meta name='ocr-capabilities' content='ocr_page ocr_carea ocr_par ocr_line ocrx_word'/>
</head>
<body>
  <div class='ocr_page' id='page_1' title='image "./corporishaerese00unkngoog/corporishaerese00unkngoog_0441.png"; bbox 0 0 3096 5070; ppageno 0'>
   <div class='ocr_carea' id='block_1_1' title="bbox 281 271 1014 358">
    <p class='ocr_par' dir='ltr' id='par_1_1' title="bbox 281 271 1014 358">
     <span class='ocr_line' id='line_1_1' title="bbox 281 271 1014 358; baseline 0.001 -23"><span class='ocrx_word' id='word_1_1' title='bbox 281 271 343 344; x_wconf 82' lang='grc'><strong><em>434</em></strong></span> <span class='ocrx_word' id='word_1_2' title='bbox 560 347 563 358; x_wconf 32' lang='grc' dir='ltr'>Ι</span> <span class='ocrx_word' id='word_1_3' title='bbox 708 284 1014 337; x_wconf 76' lang='grc' dir='ltr'><strong><em>οιαοτιτιιειιιαιι</em></strong></span> 
     </span>
    </p>
   </div>
   <div class='ocr_carea' id='block_1_2' title="bbox 146 398 1445 2229">
    <p class='ocr_par' dir='ltr' id='par_1_2' title="bbox 280 398 1443 692">
     <span class='ocr_line' id='line_1_2' title="bbox 283 398 1443 488; baseline 0.004 -23"><span class='ocrx_word' id='word_1_4' title='bbox 283 399 383 467; x_wconf 89' lang='grc' dir='ltr'><strong><em>πόκου</em></strong></span> <span class='ocrx_word' id='word_1_5' title='bbox 408 402 440 464; x_wconf 87' lang='grc' dir='ltr'><strong><em>έν</em></strong></span> <span class='ocrx_word' id='word_1_6' title='bbox 463 405 573 488; x_wconf 75' lang='grc' dir='ltr'><strong><em>σοφία,</em></strong></span> <span class='ocrx_word' id='word_1_7' title='bbox 603 398 641 466; x_wconf 87' lang='grc' dir='ltr'><strong><em>δι’</em></strong></span> <span class='ocrx_word' id='word_1_8' title='bbox 666 400 772 485; x_wconf 83' lang='grc' dir='ltr'><strong><em>ιἰρετῆς</em></strong></span> <span class='ocrx_word' id='word_1_9' title='bbox 798 402 891 468; x_wconf 79' lang='grc' dir='ltr'><strong><em>αὐτοῦ</em></strong></span> <span class='ocrx_word' id='word_1_10' title='bbox 917 405 1031 484; x_wconf 80' lang='grc' dir='ltr'><strong><em>ένδυμα</em></strong></span> <span class='ocrx_word' id='word_1_11' title='bbox 1056 400 1238 486; x_wconf 84' lang='grc' dir='ltr'><strong><em>άφθαρσίας.</em></strong></span> <span class='ocrx_word' id='word_1_12' title='bbox 1280 401 1364 469; x_wconf 83' lang='grc' dir='ltr'><strong><em>Ἀλλά</em></strong></span> <span class='ocrx_word' id='word_1_13' title='bbox 1390 407 1443 470; x_wconf 85' lang='grc' dir='ltr'><strong><em>καλ</em></strong></span> 
     </span>
     <span class='ocr_line' id='line_1_3' title="bbox 285 503 1443 590; baseline 0.003 -22"><span class='ocrx_word' id='word_1_14' title='bbox 285 505 384 588; x_wconf 71' lang='grc' dir='ltr'><strong><em>ἕτερον</em></strong></span> <span class='ocrx_word' id='word_1_15' title='bbox 407 503 608 586; x_wconf 80' lang='grc' dir='ltr'><strong><em>περὶτούτων</em></strong></span> <span class='ocrx_word' id='word_1_16' title='bbox 631 507 818 570; x_wconf 87' lang='grc' dir='ltr'><strong><em>διανοεῖσθαί</em></strong></span> <span class='ocrx_word' id='word_1_17' title='bbox 841 507 900 570; x_wconf 88' lang='grc' dir='ltr'><strong><em>έστι</em></strong></span> <span class='ocrx_word' id='word_1_18' title='bbox 924 503 1114 586; x_wconf 87' lang='grc' dir='ltr'><strong><em>θαυμαστόν,</em></strong></span> <span class='ocrx_word' id='word_1_19' title='bbox 1145 510 1213 590; x_wconf 90' lang='grc' dir='ltr'><strong><em>περί</em></strong></span> <span class='ocrx_word' id='word_1_20' title='bbox 1234 532 1265 571; x_wconf 93' lang='grc' dir='ltr'><strong><em>τε</em></strong></span> <span class='ocrx_word' id='word_1_21' title='bbox 1285 515 1338 589; x_wconf 78' lang='grc' dir='ltr'><strong><em>τῆς</em></strong></span> <span class='ocrx_word' id='word_1_22' title='bbox 1356 506 1443 584; x_wconf 76' lang='grc' dir='ltr'><strong><em>Εὔας</em></strong></span> 
     </span>
     <span class='ocr_line' id='line_1_4' title="bbox 280 604 1443 692; baseline 0.005 -23"><span class='ocrx_word' id='word_1_23' title='bbox 280 607 332 681; x_wconf 81' lang='grc' dir='ltr'><strong><em>καί</em></strong></span> <span class='ocrx_word' id='word_1_24' title='bbox 348 613 401 687; x_wconf 77' lang='grc' dir='ltr'><strong><em>τῆς</em></strong></span> <span class='ocrx_word' id='word_1_25' title='bbox 418 612 549 690; x_wconf 88' lang='grc' dir='ltr'><strong><em>Μαρίας.</em></strong></span> <span class='ocrx_word' id='word_1_26' title='bbox 592 604 630 670; x_wconf 88' lang='grc' dir='ltr'><strong><em>Ἡ</em></strong></span> <span class='ocrx_word' id='word_1_27' title='bbox 645 607 697 689; x_wconf 88' lang='grc' dir='ltr'><strong><em>μέν</em></strong></span> <span class='ocrx_word' id='word_1_28' title='bbox 716 604 772 692; x_wconf 79' lang='grc' dir='ltr'><strong><em>γάρ</em></strong></span> <span class='ocrx_word' id='word_1_29' title='bbox 786 605 859 682; x_wconf 34' lang='grc' dir='ltr'><strong><em>,Εὕα</em></strong></span> <span class='ocrx_word' id='word_1_30' title='bbox 875 605 1027 690; x_wconf 88' lang='grc' dir='ltr'><strong><em>πρόφασις</em></strong></span> <span class='ocrx_word' id='word_1_31' title='bbox 1043 608 1210 692; x_wconf 71' lang='grc' dir='ltr'><em>γεγέννηται</em></span> <span class='ocrx_word' id='word_1_32' title='bbox 1226 611 1362 675; x_wconf 83' lang='grc' dir='ltr'><strong><em>θανάτου</em></strong></span> <span class='ocrx_word' id='word_1_33' title='bbox 1378 619 1443 686; x_wconf 86' lang='grc' dir='ltr'><strong><em>τοῖς</em></strong></span> 
     </span>
    </p>

    <p class='ocr_par' dir='ltr' id='par_1_3' title="bbox 146 703 1445 2130">
     <span class='ocr_line' id='line_1_5' title="bbox 258 703 1443 793; baseline 0.003 -21"><span class='ocrx_word' id='word_1_34' title='bbox 258 705 261 711; x_wconf 41' lang='lat'><em>⁴</em></span> <span class='ocrx_word' id='word_1_35' title='bbox 280 703 469 792; x_wconf 79' lang='grc' dir='ltr'><strong><em>α’νθροίποις·</em></strong></span> <span class='ocrx_word' id='word_1_36' title='bbox 494 707 533 774; x_wconf 85' lang='grc' dir='ltr'><strong><em>δι’</em></strong></span> <span class='ocrx_word' id='word_1_37' title='bbox 548 707 639 791; x_wconf 83' lang='grc' dir='ltr'><strong><em>ατίτής</em></strong></span> <span class='ocrx_word' id='word_1_38' title='bbox 657 706 713 793; x_wconf 86' lang='grc' dir='ltr'><strong><em>γάρ</em></strong></span> <span class='ocrx_word' id='word_1_39' title='bbox 729 712 863 791; x_wconf 84' lang='grc' dir='ltr'><strong><em>είςήλθεν</em></strong></span> <span class='ocrx_word' id='word_1_40' title='bbox 878 706 896 774; x_wconf 92' lang='grc' dir='ltr'><strong><em>ό</em></strong></span> <span class='ocrx_word' id='word_1_41' title='bbox 913 708 1046 783; x_wconf 86' lang='grc' dir='ltr'><strong><em>θάνατος</em></strong></span> <span class='ocrx_word' id='word_1_42' title='bbox 1064 711 1107 784; x_wconf 89' lang='grc' dir='ltr'><strong><em>είς</em></strong></span> <span class='ocrx_word' id='word_1_43' title='bbox 1122 708 1174 774; x_wconf 88' lang='grc' dir='ltr'><strong><em>τόν</em></strong></span> <span class='ocrx_word' id='word_1_44' title='bbox 1192 708 1313 792; x_wconf 82' lang='grc' dir='ltr'><strong>κόσμον.</strong></span> <span class='ocrx_word' id='word_1_45' title='bbox 1354 708 1393 775; x_wconf 86' lang='grc' dir='ltr'>Ἡ</span> <span class='ocrx_word' id='word_1_46' title='bbox 1409 712 1443 776; x_wconf 81' lang='grc' dir='ltr'><strong><em>δέ</em></strong></span> 
     </span>
     <span class='ocr_line' id='line_1_6' title="bbox 282 804 1442 897; baseline 0.003 -22"><span class='ocrx_word' id='word_1_47' title='bbox 282 816 391 897; x_wconf 92' lang='grc' dir='ltr'><strong><em>Μαρία</em></strong></span> <span class='ocrx_word' id='word_1_48' title='bbox 413 811 563 895; x_wconf 86' lang='grc' dir='ltr'><strong><em>πρόφασις</em></strong></span> <span class='ocrx_word' id='word_1_49' title='bbox 581 819 671 893; x_wconf 82' lang='grc' dir='ltr'><strong><em>ζωῆς,</em></strong></span> <span class='ocrx_word' id='word_1_50' title='bbox 702 809 739 876; x_wconf 87' lang='grc' dir='ltr'><strong><em>δι’</em></strong></span> <span class='ocrx_word' id='word_1_51' title='bbox 758 804 793 894; x_wconf 85' lang='grc' dir='ltr'><strong><em>ής</em></strong></span> <span class='ocrx_word' id='word_1_52' title='bbox 809 809 956 897; x_wconf 75' lang='grc' dir='ltr'><strong><em>ἐγεννήθη</em></strong></span> <span class='ocrx_word' id='word_1_53' title='bbox 974 808 1047 893; x_wconf 84' lang='grc' dir='ltr'><strong><em>ήμῖν</em></strong></span> <span class='ocrx_word' id='word_1_54' title='bbox 1062 810 1129 892; x_wconf 77' lang='grc' dir='ltr'><strong><em>ζωή.</em></strong></span> <span class='ocrx_word' id='word_1_55' title='bbox 1175 815 1236 876; x_wconf 78' lang='grc' dir='ltr'><strong><em>Καὶ</em></strong></span> <span class='ocrx_word' id='word_1_56' title='bbox 1254 811 1304 878; x_wconf 81' lang='grc' dir='ltr'><strong><em>διά</em></strong></span> <span class='ocrx_word' id='word_1_57' title='bbox 1319 810 1442 879; x_wconf 85' lang='grc' dir='ltr'><strong><em>τοῦτσό</em></strong></span> 
     </span>
     <span class='ocr_line' id='line_1_7' title="bbox 280 907 1442 999; baseline 0.003 -22"><span class='ocrx_word' id='word_1_58' title='bbox 280 910 347 988; x_wconf 82' lang='grc' dir='ltr'><strong><em>υἱός</em></strong></span> <span class='ocrx_word' id='word_1_59' title='bbox 375 920 454 979; x_wconf 63' lang='grc' dir='ltr'><strong><em>ῡτοῦ</em></strong></span> <span class='ocrx_word' id='word_1_60' title='bbox 476 921 551 978; x_wconf 82' lang='grc' dir='ltr'><em>θεοῦ</em></span> <span class='ocrx_word' id='word_1_61' title='bbox 571 915 745 998; x_wconf 88' lang='grc' dir='ltr'><strong><em>παρεγένετο</em></strong></span> <span class='ocrx_word' id='word_1_62' title='bbox 764 916 805 990; x_wconf 90' lang='grc' dir='ltr'><strong><em>είς</em></strong></span> <span class='ocrx_word' id='word_1_63' title='bbox 828 912 880 979; x_wconf 87' lang='grc' dir='ltr'><strong><em>τόν</em></strong></span> <span class='ocrx_word' id='word_1_64' title='bbox 901 911 1031 995; x_wconf 87' lang='grc' dir='ltr'><strong><em>κόσμον,</em></strong></span> <span class='ocrx_word' id='word_1_65' title='bbox 1062 916 1112 979; x_wconf 84' lang='grc' dir='ltr'><strong><em>καλ</em></strong></span> <span class='ocrx_word' id='word_1_66' title='bbox 1131 907 1176 980; x_wconf 78' lang='grc' dir='ltr'><strong><em>Οὗ</em></strong></span> <span class='ocrx_word' id='word_1_67' title='bbox 1204 913 1442 999; x_wconf 74' lang='grc' dir='ltr'><strong><em>οέττλεόνασενή</em></strong></span> 
     </span>
     <span class='ocr_line' id='line_1_8' title="bbox 281 1010 1445 1102; baseline 0.006 -24"><span class='ocrx_word' id='word_1_68' title='bbox 281 1010 423 1099; x_wconf 75' lang='grc' dir='ltr'><strong><em>ἆμαρτία,</em></strong></span> <span class='ocrx_word' id='word_1_69' title='bbox 453 1013 733 1099; x_wconf 74' lang='grc' dir='ltr'><strong><em>ὑπερεπερίσσευσεν</em></strong></span> <span class='ocrx_word' id='word_1_70' title='bbox 747 1014 768 1098; x_wconf 87' lang='grc' dir='ltr'><strong><em>ή</em></strong></span> <span class='ocrx_word' id='word_1_71' title='bbox 783 1016 881 1102; x_wconf 85' lang='grc' dir='ltr'><strong><em>χάρις·</em></strong></span> <span class='ocrx_word' id='word_1_72' title='bbox 913 1018 964 1082; x_wconf 82' lang='grc' dir='ltr'><strong><em>καί</em></strong></span> <span class='ocrx_word' id='word_1_73' title='bbox 987 1015 1063 1081; x_wconf 78' lang='grc' dir='ltr'><strong><em>ὅθεν</em></strong></span> <span class='ocrx_word' id='word_1_74' title='bbox 1086 1018 1185 1102; x_wconf 87' lang='grc' dir='ltr'><strong><em>γέγονε</em></strong></span> <span class='ocrx_word' id='word_1_75' title='bbox 1202 1016 1350 1098; x_wconf 86' lang='grc' dir='ltr'><strong><em>θάνατος,</em></strong></span> <span class='ocrx_word' id='word_1_76' title='bbox 1379 1021 1445 1085; x_wconf 84' lang='grc' dir='ltr'><strong><em>έκεῖ</em></strong></span> 
     </span>
     <span class='ocr_line' id='line_1_9' title="bbox 279 1116 1441 1203; baseline 0.004 -21"><span class='ocrx_word' id='word_1_77' title='bbox 279 1119 442 1202; x_wconf 71' lang='grc' dir='ltr'><strong><em>προέλαβεν</em></strong></span> <span class='ocrx_word' id='word_1_78' title='bbox 460 1116 481 1201; x_wconf 89' lang='grc' dir='ltr'><strong><em>ή</em></strong></span> <span class='ocrx_word' id='word_1_79' title='bbox 496 1118 572 1200; x_wconf 83' lang='grc' dir='ltr'><strong><em>ζωή,</em></strong></span> <span class='ocrx_word' id='word_1_80' title='bbox 602 1122 652 1183; x_wconf 78' lang='grc' dir='ltr'><strong><em>ἵνα</em></strong></span> <span class='ocrx_word' id='word_1_81' title='bbox 671 1118 731 1202; x_wconf 77' lang='grc' dir='ltr'><strong><em>ζωή</em></strong></span> <span class='ocrx_word' id='word_1_82' title='bbox 754 1119 821 1183; x_wconf 84' lang='grc' dir='ltr'><strong><em>άντλ</em></strong></span> <span class='ocrx_word' id='word_1_83' title='bbox 844 1118 980 1184; x_wconf 87' lang='grc' dir='ltr'><strong><em>θανάτου</em></strong></span> <span class='ocrx_word' id='word_1_84' title='bbox 1006 1120 1158 1203; x_wconf 88' lang='grc' dir='ltr'><strong><em>γέννηται,</em></strong></span> <span class='ocrx_word' id='word_1_85' title='bbox 1191 1122 1360 1186; x_wconf 83' lang='grc' dir='ltr'><strong><em>έκκλείσασα</em></strong></span> <span class='ocrx_word' id='word_1_86' title='bbox 1387 1119 1441 1187; x_wconf 86' lang='grc' dir='ltr'><strong><em>τόν</em></strong></span> 
     </span>
     <span class='ocr_line' id='line_1_10' title="bbox 279 1218 1438 1308; baseline 0.004 -24"><span class='ocrx_word' id='word_1_87' title='bbox 279 1219 414 1286; x_wconf 82' lang='grc' dir='ltr'><strong><em>θάνατον</em></strong></span> <span class='ocrx_word' id='word_1_88' title='bbox 437 1219 489 1286; x_wconf 86' lang='grc' dir='ltr'><strong><em>τόν</em></strong></span> <span class='ocrx_word' id='word_1_89' title='bbox 510 1224 541 1286; x_wconf 88' lang='grc' dir='ltr'><strong><em>έκ</em></strong></span> <span class='ocrx_word' id='word_1_90' title='bbox 560 1220 718 1305; x_wconf 85' lang='grc' dir='ltr'><strong><em>γυναικός,</em></strong></span> <span class='ocrx_word' id='word_1_91' title='bbox 748 1220 836 1285; x_wconf 88' lang='grc' dir='ltr'><strong><em>πάλιν</em></strong></span> <span class='ocrx_word' id='word_1_92' title='bbox 851 1218 869 1286; x_wconf 88' lang='grc' dir='ltr'><strong><em>ό</em></strong></span> <span class='ocrx_word' id='word_1_93' title='bbox 884 1219 935 1286; x_wconf 84' lang='grc' dir='ltr'><strong><em>διά</em></strong></span> <span class='ocrx_word' id='word_1_94' title='bbox 948 1220 1089 1306; x_wconf 84' lang='grc' dir='ltr'><strong><em>γυναικός</em></strong></span> <span class='ocrx_word' id='word_1_95' title='bbox 1111 1218 1181 1304; x_wconf 84' lang='grc' dir='ltr'><strong><em>ήμῖν</em></strong></span> <span class='ocrx_word' id='word_1_96' title='bbox 1197 1221 1256 1305; x_wconf 71' lang='grc' dir='ltr'><strong><em>ζωή</em></strong></span> <span class='ocrx_word' id='word_1_97' title='bbox 1269 1225 1438 1308; x_wconf 84' lang='grc' dir='ltr'><strong><em>γεγεννημέ-</em></strong></span> 
     </span>
     <span class='ocr_line' id='line_1_11' title="bbox 279 1318 1440 1410; baseline 0.005 -23"><span class='ocrx_word' id='word_1_98' title='bbox 279 1349 340 1399; x_wconf 91' lang='grc' dir='ltr'><strong><em>νος.</em></strong></span> <span class='ocrx_word' id='word_1_99' title='bbox 386 1325 448 1387; x_wconf 83' lang='grc' dir='ltr'><strong><em>Καὶ</em></strong></span> <span class='ocrx_word' id='word_1_100' title='bbox 469 1322 571 1404; x_wconf 78' lang='grc' dir='ltr'><strong><em>ἐπειδή</em></strong></span> <span class='ocrx_word' id='word_1_101' title='bbox 597 1326 658 1388; x_wconf 89' lang='grc' dir='ltr'><strong><em>έκεί</em></strong></span> <span class='ocrx_word' id='word_1_102' title='bbox 679 1325 731 1405; x_wconf 83' lang='grc' dir='ltr'><strong><em>μέν</em></strong></span> <span class='ocrx_word' id='word_1_103' title='bbox 751 1326 794 1388; x_wconf 81' lang='grc' dir='ltr'><strong><em>ίτι</em></strong></span> <span class='ocrx_word' id='word_1_104' title='bbox 817 1318 895 1389; x_wconf 83' lang='grc' dir='ltr'><strong><em>οὖσα</em></strong></span> <span class='ocrx_word' id='word_1_105' title='bbox 915 1321 1104 1407; x_wconf 86' lang='grc' dir='ltr'><strong><em>παρθένοςή</em></strong></span> <span class='ocrx_word' id='word_1_106' title='bbox 1123 1322 1191 1388; x_wconf 64' lang='lat' dir='ltr'><strong><em>ma</em></strong></span> <span class='ocrx_word' id='word_1_107' title='bbox 1211 1327 1244 1390; x_wconf 86' lang='grc' dir='ltr'><strong><em>έν</em></strong></span> <span class='ocrx_word' id='word_1_108' title='bbox 1259 1324 1440 1410; x_wconf 84' lang='grc' dir='ltr'><strong><em>παρεκβάσετ</em></strong></span> 
     </span>
     <span class='ocr_line' id='line_1_12' title="bbox 279 1424 1440 1512; baseline 0.003 -22"><span class='ocrx_word' id='word_1_109' title='bbox 279 1435 435 1512; x_wconf 79' lang='grc' dir='ltr'><strong><em>παρακοῆς</em></strong></span> <span class='ocrx_word' id='word_1_110' title='bbox 458 1429 573 1512; x_wconf 87' lang='grc' dir='ltr'><strong><em>γέγονε,</em></strong></span> <span class='ocrx_word' id='word_1_111' title='bbox 604 1426 692 1490; x_wconf 89' lang='grc' dir='ltr'><strong><em>πάλιν</em></strong></span> <span class='ocrx_word' id='word_1_112' title='bbox 709 1424 760 1490; x_wconf 85' lang='grc' dir='ltr'><strong><em>διά</em></strong></span> <span class='ocrx_word' id='word_1_113' title='bbox 775 1433 828 1508; x_wconf 81' lang='grc' dir='ltr'><strong><em>τῆς</em></strong></span> <span class='ocrx_word' id='word_1_114' title='bbox 843 1428 1001 1510; x_wconf 88' lang='grc' dir='ltr'><strong><em>παρθένου</em></strong></span> <span class='ocrx_word' id='word_1_115' title='bbox 1017 1428 1134 1512; x_wconf 87' lang='grc' dir='ltr'><strong><em>γέγονεν</em></strong></span> <span class='ocrx_word' id='word_1_116' title='bbox 1149 1424 1169 1509; x_wconf 89' lang='grc' dir='ltr'><strong><em>ή</em></strong></span> <span class='ocrx_word' id='word_1_117' title='bbox 1186 1424 1304 1510; x_wconf 75' lang='grc' dir='ltr'><strong><em>ὑπακοή</em></strong></span> <span class='ocrx_word' id='word_1_118' title='bbox 1320 1436 1372 1510; x_wconf 82' lang='grc' dir='ltr'><strong><em>τῆς</em></strong></span> <span class='ocrx_word' id='word_1_119' title='bbox 1388 1429 1440 1512; x_wconf 80' lang='grc' dir='ltr'><strong><em>χά-</em></strong></span> 
     </span>
     <span class='ocr_line' id='line_1_13' title="bbox 278 1526 1440 1616; baseline 0.001 -22"><span class='ocrx_word' id='word_1_120' title='bbox 278 1555 376 1614; x_wconf 90' lang='grc' dir='ltr'><strong><em>ριτος,</em></strong></span> <span class='ocrx_word' id='word_1_121' title='bbox 400 1529 655 1615; x_wconf 83' lang='grc' dir='ltr'><strong><em>εὐαγγελισθείσης</em></strong></span> <span class='ocrx_word' id='word_1_122' title='bbox 670 1536 723 1610; x_wconf 86' lang='grc' dir='ltr'><strong><em>τῆς</em></strong></span> <span class='ocrx_word' id='word_1_123' title='bbox 738 1527 790 1593; x_wconf 73' lang='grc' dir='ltr'><strong><em>ἀπ’</em></strong></span> <span class='ocrx_word' id='word_1_124' title='bbox 809 1526 941 1612; x_wconf 85' lang='grc' dir='ltr'><strong><em>οτίρανοῦ</em></strong></span> <span class='ocrx_word' id='word_1_125' title='bbox 952 1528 1089 1593; x_wconf 78' lang='grc' dir='ltr'><strong><em>καθόδου</em></strong></span> <span class='ocrx_word' id='word_1_126' title='bbox 1104 1528 1250 1612; x_wconf 78' lang='grc' dir='ltr'><strong><em>ένσάρκου</em></strong></span> <span class='ocrx_word' id='word_1_127' title='bbox 1263 1538 1440 1616; x_wconf 84' lang='grc' dir='ltr'><strong><em>παρουσίας,</em></strong></span> 
     </span>
     <span class='ocr_line' id='line_1_14' title="bbox 146 1629 1441 1718; baseline 0.004 -25"><span class='ocrx_word' id='word_1_128' title='bbox 146 1646 197 1693; x_wconf 72' lang='lat' dir='ltr'><strong><em>m·</em></strong></span> <span class='ocrx_word' id='word_1_129' title='bbox 212 1634 269 1680; x_wconf 72' lang='lat'><strong>¹⁸⁵¹·</strong></span> <span class='ocrx_word' id='word_1_130' title='bbox 282 1633 334 1697; x_wconf 80' lang='grc' dir='ltr'><strong><em>καὶ</em></strong></span> <span class='ocrx_word' id='word_1_131' title='bbox 349 1639 425 1714; x_wconf 71' lang='grc' dir='ltr'><strong><em>ζωῆς</em></strong></span> <span class='ocrx_word' id='word_1_132' title='bbox 443 1637 574 1697; x_wconf 84' lang='grc' dir='ltr'><strong><em>αίωνίου.</em></strong></span> <span class='ocrx_word' id='word_1_133' title='bbox 614 1630 698 1695; x_wconf 83' lang='grc' dir='ltr'><strong><em>Ἐκεῖ</em></strong></span> <span class='ocrx_word' id='word_1_134' title='bbox 712 1629 785 1716; x_wconf 81' lang='grc' dir='ltr'><strong><em>γάρ,</em></strong></span> <span class='ocrx_word' id='word_1_135' title='bbox 808 1632 882 1712; x_wconf 79' lang='grc' dir='ltr'><strong><em>φησί</em></strong></span> <span class='ocrx_word' id='word_1_136' title='bbox 901 1629 977 1716; x_wconf 85' lang='grc' dir='ltr'><strong><em>πρός</em></strong></span> <span class='ocrx_word' id='word_1_137' title='bbox 992 1629 1043 1696; x_wconf 84' lang='grc' dir='ltr'><strong><em>τόν</em></strong></span> <span class='ocrx_word' id='word_1_138' title='bbox 1062 1630 1148 1710; x_wconf 84' lang='grc' dir='ltr'><strong><em>ὅφιν,</em></strong></span> <span class='ocrx_word' id='word_1_139' title='bbox 1174 1634 1234 1697; x_wconf 77' lang='grc' dir='ltr'><strong><em>Καὶ</em></strong></span> <span class='ocrx_word' id='word_1_140' title='bbox 1253 1635 1364 1716; x_wconf 76' lang='grc' dir='ltr'><strong><em>ἔχθραν</em></strong></span> <span class='ocrx_word' id='word_1_141' title='bbox 1381 1634 1441 1718; x_wconf 86' lang='grc' dir='ltr'><strong><em>θή-</em></strong></span> 
     </span>
     <span class='ocr_line' id='line_1_15' title="bbox 278 1730 1442 1821; baseline 0.005 -24"><span class='ocrx_word' id='word_1_142' title='bbox 278 1754 321 1798; x_wconf 91' lang='grc' dir='ltr'><strong><em>σω</em></strong></span> <span class='ocrx_word' id='word_1_143' title='bbox 337 1733 486 1817; x_wconf 83' lang='grc' dir='ltr'><strong><em>άναμέσον</em></strong></span> <span class='ocrx_word' id='word_1_144' title='bbox 502 1757 573 1811; x_wconf 88' lang='grc' dir='ltr'><strong><em>σου,</em></strong></span> <span class='ocrx_word' id='word_1_145' title='bbox 596 1735 645 1798; x_wconf 81' lang='grc' dir='ltr'><strong><em>καὶ</em></strong></span> <span class='ocrx_word' id='word_1_146' title='bbox 663 1730 810 1814; x_wconf 84' lang='grc' dir='ltr'><strong><em>άναμέσον</em></strong></span> <span class='ocrx_word' id='word_1_147' title='bbox 826 1731 935 1815; x_wconf 78' lang='grc' dir='ltr'><strong><em>αὐτῆς,</em></strong></span> <span class='ocrx_word' id='word_1_148' title='bbox 966 1737 1017 1798; x_wconf 81' lang='grc' dir='ltr'><strong><em>καί</em></strong></span> <span class='ocrx_word' id='word_1_149' title='bbox 1034 1734 1182 1815; x_wconf 85' lang='grc' dir='ltr'><strong><em>ιἰναμέσον</em></strong></span> <span class='ocrx_word' id='word_1_150' title='bbox 1198 1742 1252 1801; x_wconf 86' lang='grc' dir='ltr'><strong><em>τοῦ</em></strong></span> <span class='ocrx_word' id='word_1_151' title='bbox 1270 1736 1442 1821; x_wconf 83' lang='grc' dir='ltr'><strong><em>σπέρματός</em></strong></span> 
     </span>
     <span class='ocr_line' id='line_1_16' title="bbox 278 1834 1441 1924; baseline 0.004 -24"><span class='ocrx_word' id='word_1_152' title='bbox 278 1856 350 1917; x_wconf 90' lang='grc' dir='ltr'><strong><em>σου,</em></strong></span> <span class='ocrx_word' id='word_1_153' title='bbox 382 1839 431 1901; x_wconf 82' lang='grc' dir='ltr'><strong><em>καί</em></strong></span> <span class='ocrx_word' id='word_1_154' title='bbox 451 1835 598 1918; x_wconf 89' lang='grc' dir='ltr'><strong><em>άναμέσον</em></strong></span> <span class='ocrx_word' id='word_1_155' title='bbox 613 1843 667 1900; x_wconf 83' lang='grc' dir='ltr'><strong><em>τοῦ</em></strong></span> <span class='ocrx_word' id='word_1_156' title='bbox 679 1837 846 1920; x_wconf 89' lang='grc' dir='ltr'><strong><em>σπέρματος</em></strong></span> <span class='ocrx_word' id='word_1_157' title='bbox 862 1834 962 1918; x_wconf 80' lang='grc' dir='ltr'><strong><em>αότής.</em></strong></span> <span class='ocrx_word' id='word_1_158' title='bbox 1010 1834 1155 1919; x_wconf 85' lang='grc' dir='ltr'><strong><em>Οιίδαμοῦ</em></strong></span> <span class='ocrx_word' id='word_1_159' title='bbox 1177 1838 1209 1902; x_wconf 85' lang='grc' dir='ltr'><strong><em>δδ</em></strong></span> <span class='ocrx_word' id='word_1_160' title='bbox 1224 1838 1340 1922; x_wconf 88' lang='grc' dir='ltr'><strong><em>σπέρμα</em></strong></span> <span class='ocrx_word' id='word_1_161' title='bbox 1362 1837 1441 1924; x_wconf 82' lang='grc' dir='ltr'><strong><em>εόρί-</em></strong></span> 
     </span>
     <span class='ocr_line' id='line_1_17' title="bbox 278 1936 1440 2024; baseline 0.004 -22"><span class='ocrx_word' id='word_1_162' title='bbox 278 1959 376 2003; x_wconf 87' lang='grc' dir='ltr'><strong><em>σκεται</em></strong></span> <span class='ocrx_word' id='word_1_163' title='bbox 394 1939 547 2023; x_wconf 86' lang='grc' dir='ltr'><strong><em>γυναικός·</em></strong></span> <span class='ocrx_word' id='word_1_164' title='bbox 579 1938 636 2003; x_wconf 75' lang='grc' dir='ltr'><strong><em>ἀλλ’</em></strong></span> <span class='ocrx_word' id='word_1_165' title='bbox 658 1936 677 2019; x_wconf 78' lang='grc' dir='ltr'><em>ἢ</em></span> <span class='ocrx_word' id='word_1_166' title='bbox 693 1937 768 2003; x_wconf 83' lang='grc' dir='ltr'><strong><em>κατά</em></strong></span> <span class='ocrx_word' id='word_1_167' title='bbox 792 1937 825 2003; x_wconf 86' lang='grc' dir='ltr'><strong><em>τό</em></strong></span> <span class='ocrx_word' id='word_1_168' title='bbox 839 1941 960 2022; x_wconf 81' lang='grc' dir='ltr'><strong><em>αίνιγμα</em></strong></span> <span class='ocrx_word' id='word_1_169' title='bbox 984 1940 1034 2003; x_wconf 78' lang='grc' dir='ltr'><strong><em>έπί</em></strong></span> <span class='ocrx_word' id='word_1_170' title='bbox 1050 1946 1104 2020; x_wconf 80' lang='grc' dir='ltr'><strong><em>τῆς</em></strong></span> <span class='ocrx_word' id='word_1_171' title='bbox 1122 1937 1207 2015; x_wconf 81' lang='grc' dir='ltr'><strong><em>Εόας</em></strong></span> <span class='ocrx_word' id='word_1_172' title='bbox 1221 1937 1402 2024; x_wconf 81' lang='grc' dir='ltr'><strong><em>λαμβάνεται</em></strong></span> <span class='ocrx_word' id='word_1_173' title='bbox 1418 1939 1440 2023; x_wconf 81' lang='grc' dir='ltr'><strong><em>ή</em></strong></span> 
     </span>
     <span class='ocr_line' id='line_1_18' title="bbox 278 2038 1438 2130; baseline 0.003 -27"><span class='ocrx_word' id='word_1_174' title='bbox 278 2041 373 2124; x_wconf 79' lang='grc' dir='ltr'><strong><em>έχθρα</em></strong></span> <span class='ocrx_word' id='word_1_175' title='bbox 396 2041 473 2127; x_wconf 84' lang='grc' dir='ltr'><strong><em>πρός</em></strong></span> <span class='ocrx_word' id='word_1_176' title='bbox 497 2040 532 2106; x_wconf 87' lang='grc' dir='ltr'><strong><em>τοί</em></strong></span> <span class='ocrx_word' id='word_1_177' title='bbox 559 2038 610 2104; x_wconf 72' lang='grc' dir='ltr'><strong><em>ὑπ’</em></strong></span> <span class='ocrx_word' id='word_1_178' title='bbox 637 2040 731 2122; x_wconf 79' lang='grc' dir='ltr'><strong><em>αὐτῆς</em></strong></span> <span class='ocrx_word' id='word_1_179' title='bbox 756 2039 937 2125; x_wconf 78' lang='grc' dir='ltr'><strong><em>γεννώμενα,</em></strong></span> <span class='ocrx_word' id='word_1_180' title='bbox 965 2047 1019 2105; x_wconf 86' lang='grc' dir='ltr'><strong><em>τοῦ</em></strong></span> <span class='ocrx_word' id='word_1_181' title='bbox 1039 2066 1068 2105; x_wconf 89' lang='grc' dir='ltr'><strong><em>τε</em></strong></span> <span class='ocrx_word' id='word_1_182' title='bbox 1088 2039 1188 2120; x_wconf 82' lang='grc' dir='ltr'><strong><em>ὄφεως</em></strong></span> <span class='ocrx_word' id='word_1_183' title='bbox 1211 2044 1263 2108; x_wconf 84' lang='grc' dir='ltr'><strong><em>καλ</em></strong></span> <span class='ocrx_word' id='word_1_184' title='bbox 1279 2051 1332 2109; x_wconf 87' lang='grc' dir='ltr'><strong><em>τοῦ</em></strong></span> <span class='ocrx_word' id='word_1_185' title='bbox 1348 2046 1380 2109; x_wconf 92' lang='grc' dir='ltr'><strong><em>έν</em></strong></span> <span class='ocrx_word' id='word_1_186' title='bbox 1397 2049 1438 2130; x_wconf 71' lang='grc' dir='ltr'><strong><em>τῷ</em></strong></span> 
     </span>
    </p>

    <p class='ocr_par' dir='ltr' id='par_1_4' title="bbox 278 2139 927 2229">
     <span class='ocr_line' id='line_1_19' title="bbox 278 2139 927 2229; baseline 0.005 -22"><span class='ocrx_word' id='word_1_187' title='bbox 278 2139 350 2223; x_wconf 83' lang='grc' dir='ltr'><strong><em>όφει</em></strong></span> <span class='ocrx_word' id='word_1_188' title='bbox 373 2146 532 2229; x_wconf 77' lang='grc' dir='ltr'><strong><em>γενομένου</em></strong></span> <span class='ocrx_word' id='word_1_189' title='bbox 556 2143 698 2227; x_wconf 76' lang='grc' dir='ltr'><strong><em>διαβόλου</em></strong></span> <span class='ocrx_word' id='word_1_190' title='bbox 720 2145 770 2208; x_wconf 86' lang='grc' dir='ltr'><strong><em>καλ</em></strong></span> <span class='ocrx_word' id='word_1_191' title='bbox 793 2142 927 2222; x_wconf 78' lang='grc' dir='ltr'><strong><em>φθόνου.</em></strong></span> 
     </span>
    </p>
   </div>
   <div class='ocr_carea' id='block_1_3' title="bbox 141 2343 1436 4378">
    <p class='ocr_par' dir='ltr' id='par_1_5' title="bbox 141 2343 1436 4378">
     <span class='ocr_line' id='line_1_20' title="bbox 141 2343 1430 2437; baseline -0.002 -25"><span class='ocrx_word' id='word_1_192' title='bbox 141 2351 209 2421; x_wconf 76' lang='grc' dir='ltr'><strong><em>Κεφ·</em></strong></span> <span class='ocrx_word' id='word_1_193' title='bbox 226 2350 269 2408; x_wconf 59' lang='grc' dir='ltr'><strong><em>«θ’.</em></strong></span> <span class='ocrx_word' id='word_1_194' title='bbox 366 2345 436 2412; x_wconf 80' lang='grc' dir='ltr'><strong><em>Ἀλλ’</em></strong></span> <span class='ocrx_word' id='word_1_195' title='bbox 452 2343 507 2414; x_wconf 76' lang='grc' dir='ltr'><strong><em>οὖν</em></strong></span> <span class='ocrx_word' id='word_1_196' title='bbox 521 2375 554 2435; x_wconf 87' lang='grc' dir='ltr'><strong><em>γε</em></strong></span> <span class='ocrx_word' id='word_1_197' title='bbox 568 2347 643 2414; x_wconf 88' lang='grc' dir='ltr'><strong><em>κατά</em></strong></span> <span class='ocrx_word' id='word_1_198' title='bbox 656 2347 689 2414; x_wconf 85' lang='grc' dir='ltr'><strong><em>τό</em></strong></span> <span class='ocrx_word' id='word_1_199' title='bbox 706 2346 885 2412; x_wconf 76' lang='grc' dir='ltr'><strong><em>τελειότατον</em></strong></span> <span class='ocrx_word' id='word_1_200' title='bbox 901 2345 938 2412; x_wconf 84' lang='lat' dir='ltr'><strong><em>ov’</em></strong></span> <span class='ocrx_word' id='word_1_201' title='bbox 957 2345 1080 2412; x_wconf 79' lang='grc' dir='ltr'><strong><em>δύναται</em></strong></span> <span class='ocrx_word' id='word_1_202' title='bbox 1096 2350 1128 2412; x_wconf 90' lang='grc' dir='ltr'><strong><em>έν</em></strong></span> <span class='ocrx_word' id='word_1_203' title='bbox 1144 2346 1220 2437; x_wconf 76' lang='grc' dir='ltr'><strong><em>αὐτῇ</em></strong></span> <span class='ocrx_word' id='word_1_204' title='bbox 1235 2347 1268 2413; x_wconf 82' lang='grc' dir='ltr'><strong><em>τά</em></strong></span> <span class='ocrx_word' id='word_1_205' title='bbox 1283 2355 1343 2411; x_wconf 77' lang='grc' dir='ltr'><strong><em>κᾶν</em></strong></span> <span class='ocrx_word' id='word_1_206' title='bbox 1359 2356 1430 2428; x_wconf 86' lang='grc' dir='ltr'><strong><em>πλη-</em></strong></span> 
     </span>
     <span class='ocr_line' id='line_1_21' title="bbox 278 2444 1429 2536; baseline -0.001 -25"><span class='ocrx_word' id='word_1_207' title='bbox 278 2456 432 2531; x_wconf 85' lang='grc' dir='ltr'><strong><em>ρωθήνατ,</em></strong></span> <span class='ocrx_word' id='word_1_208' title='bbox 455 2454 682 2534; x_wconf 77' lang='grc' dir='ltr'><strong><em>πληρωθήσεται</em></strong></span> <span class='ocrx_word' id='word_1_209' title='bbox 702 2451 734 2515; x_wconf 81' lang='grc' dir='ltr'><strong><em>δὲ</em></strong></span> <span class='ocrx_word' id='word_1_210' title='bbox 755 2447 795 2524; x_wconf 63' lang='grc' dir='ltr'><strong><em>οἷς</em></strong></span> <span class='ocrx_word' id='word_1_211' title='bbox 813 2446 934 2530; x_wconf 78' lang='grc' dir='ltr'><strong><em>άληθῶς</em></strong></span> <span class='ocrx_word' id='word_1_212' title='bbox 953 2451 985 2515; x_wconf 85' lang='grc' dir='ltr'><strong><em>έν</em></strong></span> <span class='ocrx_word' id='word_1_213' title='bbox 999 2457 1039 2536; x_wconf 75' lang='grc' dir='ltr'><strong><em>τῷ</em></strong></span> <span class='ocrx_word' id='word_1_214' title='bbox 1056 2451 1198 2532; x_wconf 86' lang='grc' dir='ltr'><strong><em>σπέρματι</em></strong></span> <span class='ocrx_word' id='word_1_215' title='bbox 1211 2456 1251 2535; x_wconf 78' lang='grc' dir='ltr'><strong><em>τῷ</em></strong></span> <span class='ocrx_word' id='word_1_216' title='bbox 1266 2444 1355 2534; x_wconf 78' lang='grc' dir='ltr'><strong><em>ιλγίρ),</em></strong></span> <span class='ocrx_word' id='word_1_217' title='bbox 1387 2455 1429 2534; x_wconf 78' lang='grc' dir='ltr'><strong><em>τῷ</em></strong></span> 
     </span>
     <span class='ocr_line' id='line_1_22' title="bbox 278 2545 1429 2641; baseline -0.004 -24"><span class='ocrx_word' id='word_1_218' title='bbox 278 2552 432 2640; x_wconf 76' lang='grc' dir='ltr'><strong><em>έξαιρέτςο,</em></strong></span> <span class='ocrx_word' id='word_1_219' title='bbox 462 2562 502 2641; x_wconf 81' lang='grc' dir='ltr'><strong><em>τῷ</em></strong></span> <span class='ocrx_word' id='word_1_220' title='bbox 520 2552 696 2641; x_wconf 79' lang='grc' dir='ltr'><strong><em>μονωτάτφ,</em></strong></span> <span class='ocrx_word' id='word_1_221' title='bbox 726 2559 765 2640; x_wconf 79' lang='grc' dir='ltr'><strong><em>τῷ</em></strong></span> <span class='ocrx_word' id='word_1_222' title='bbox 783 2549 846 2617; x_wconf 87' lang='grc' dir='ltr'><strong><em>άπό</em></strong></span> <span class='ocrx_word' id='word_1_223' title='bbox 864 2557 990 2637; x_wconf 80' lang='grc' dir='ltr'><strong><em>Μαρίας</em></strong></span> <span class='ocrx_word' id='word_1_224' title='bbox 1006 2551 1097 2633; x_wconf 88' lang='grc' dir='ltr'><strong><em>μόνον</em></strong></span> <span class='ocrx_word' id='word_1_225' title='bbox 1116 2546 1274 2634; x_wconf 82' lang='grc' dir='ltr'><strong><em>ειίρεθέντι,</em></strong></span> <span class='ocrx_word' id='word_1_226' title='bbox 1302 2551 1353 2614; x_wconf 82' lang='grc' dir='ltr'><strong><em>καί</em></strong></span> <span class='ocrx_word' id='word_1_227' title='bbox 1371 2545 1429 2614; x_wconf 76' lang='grc' dir='ltr'><strong><em>οὐκ</em></strong></span> 
     </span>
     <span class='ocr_line' id='line_1_23' title="bbox 274 2648 1431 2748; baseline -0.003 -30"><span class='ocrx_word' id='word_1_228' title='bbox 274 2651 337 2720; x_wconf 66' lang='lat' dir='ltr'><strong><em>&#39;duo&#39;</em></strong></span> <span class='ocrx_word' id='word_1_229' title='bbox 364 2660 502 2740; x_wconf 79' lang='grc' dir='ltr'><strong><em>συζυγίας</em></strong></span> <span class='ocrx_word' id='word_1_230' title='bbox 526 2657 644 2740; x_wconf 83' lang='grc' dir='ltr'><strong><em>άνδρίς.</em></strong></span> <span class='ocrx_word' id='word_1_231' title='bbox 693 2648 789 2748; x_wconf 78' lang='grc' dir='ltr'><strong><em>Οὗτος</em></strong></span> <span class='ocrx_word' id='word_1_232' title='bbox 805 2653 860 2740; x_wconf 83' lang='grc' dir='ltr'><strong><em>γάρ</em></strong></span> <span class='ocrx_word' id='word_1_233' title='bbox 878 2648 970 2736; x_wconf 86' lang='grc' dir='ltr'><strong><em>ήλθεν</em></strong></span> <span class='ocrx_word' id='word_1_234' title='bbox 993 2652 1103 2719; x_wconf 87' lang='grc' dir='ltr'><strong><em>άνελείν</em></strong></span> <span class='ocrx_word' id='word_1_235' title='bbox 1123 2651 1177 2736; x_wconf 91' lang='grc' dir='ltr'><strong><em>τήν</em></strong></span> <span class='ocrx_word' id='word_1_236' title='bbox 1189 2677 1219 2718; x_wconf 82' lang='grc' dir='ltr'><strong><em>τε</em></strong></span> <span class='ocrx_word' id='word_1_237' title='bbox 1231 2650 1358 2734; x_wconf 84' lang='grc' dir='ltr'><strong><em>δόναμιν</em></strong></span> <span class='ocrx_word' id='word_1_238' title='bbox 1377 2659 1431 2716; x_wconf 77' lang='grc' dir='ltr'><strong><em>τοῦ</em></strong></span> 
     </span>
     <span class='ocr_line' id='line_1_24' title="bbox 276 2754 1435 2842; baseline -0.003 -20"><span class='ocrx_word' id='word_1_239' title='bbox 276 2754 441 2842; x_wconf 89' lang='grc' dir='ltr'><strong><em>δράκοντος</em></strong></span> <span class='ocrx_word' id='word_1_240' title='bbox 462 2760 513 2822; x_wconf 83' lang='grc' dir='ltr'><strong><em>καὶ</em></strong></span> <span class='ocrx_word' id='word_1_241' title='bbox 533 2766 651 2822; x_wconf 87' lang='grc' dir='ltr'><strong><em>σκολιοῦ</em></strong></span> <span class='ocrx_word' id='word_1_242' title='bbox 674 2755 773 2838; x_wconf 79' lang='grc' dir='ltr'><strong><em>ὄφεως</em></strong></span> <span class='ocrx_word' id='word_1_243' title='bbox 796 2757 976 2842; x_wconf 79' lang='grc' dir='ltr'><strong><em>φεύγοντος,</em></strong></span> <span class='ocrx_word' id='word_1_244' title='bbox 1007 2759 1057 2821; x_wconf 79' lang='grc' dir='ltr'><strong><em>καί</em></strong></span> <span class='ocrx_word' id='word_1_245' title='bbox 1073 2754 1127 2838; x_wconf 86' lang='grc' dir='ltr'><strong><em>τήν</em></strong></span> <span class='ocrx_word' id='word_1_246' title='bbox 1142 2763 1240 2821; x_wconf 80' lang='grc' dir='ltr'><strong><em>πᾶσαν</em></strong></span> <span class='ocrx_word' id='word_1_247' title='bbox 1254 2757 1435 2836; x_wconf 71' lang='grc' dir='ltr'><strong><em>οἰκουμένην</em></strong></span> 
     </span>
     <span class='ocr_line' id='line_1_25' title="bbox 275 2854 1433 2946; baseline -0.004 -21"><span class='ocrx_word' id='word_1_248' title='bbox 275 2862 481 2941; x_wconf 72' lang='grc' dir='ltr'><strong><em>κατειληφέναι</em></strong></span> <span class='ocrx_word' id='word_1_249' title='bbox 502 2862 646 2946; x_wconf 87' lang='grc' dir='ltr'><strong><em>λέγοντος.</em></strong></span> <span class='ocrx_word' id='word_1_250' title='bbox 691 2859 751 2924; x_wconf 86' lang='grc' dir='ltr'><strong><em>Διοί</em></strong></span> <span class='ocrx_word' id='word_1_251' title='bbox 766 2868 853 2925; x_wconf 83' lang='grc' dir='ltr'><strong><em>τοῦτο</em></strong></span> <span class='ocrx_word' id='word_1_252' title='bbox 873 2861 1046 2943; x_wconf 86' lang='grc' dir='ltr'><strong><em>παρεγένετο</em></strong></span> <span class='ocrx_word' id='word_1_253' title='bbox 1066 2861 1098 2923; x_wconf 84' lang='grc' dir='ltr'><strong><em>έιι</em></strong></span> <span class='ocrx_word' id='word_1_254' title='bbox 1120 2854 1294 2943; x_wconf 85' lang='grc' dir='ltr'><strong><em>γνναιιιόςό</em></strong></span> <span class='ocrx_word' id='word_1_255' title='bbox 1314 2881 1433 2941; x_wconf 86' lang='grc' dir='ltr'><strong><em>μονογε·</em></strong></span> 
     </span>
     <span class='ocr_line' id='line_1_26' title="bbox 275 2959 1436 3046; baseline -0.003 -19"><span class='ocrx_word' id='word_1_256' title='bbox 275 2959 344 3044; x_wconf 87' lang='grc' dir='ltr'><strong><em>νής,</em></strong></span> <span class='ocrx_word' id='word_1_257' title='bbox 367 2965 409 3038; x_wconf 87' lang='grc' dir='ltr'><strong><em>είς</em></strong></span> <span class='ocrx_word' id='word_1_258' title='bbox 425 2961 573 3046; x_wconf 86' lang='grc' dir='ltr'><strong><em>άναίρεσιν</em></strong></span> <span class='ocrx_word' id='word_1_259' title='bbox 588 2963 640 3044; x_wconf 83' lang='grc' dir='ltr'><strong><em>μέν</em></strong></span> <span class='ocrx_word' id='word_1_260' title='bbox 653 2970 706 3027; x_wconf 81' lang='grc' dir='ltr'><strong><em>τοῦ</em></strong></span> <span class='ocrx_word' id='word_1_261' title='bbox 724 2960 841 3041; x_wconf 83' lang='grc' dir='ltr'><strong><em>όφεως,</em></strong></span> <span class='ocrx_word' id='word_1_262' title='bbox 863 2963 993 3027; x_wconf 84' lang='grc' dir='ltr'><strong><em>τουτέστι</em></strong></span> <span class='ocrx_word' id='word_1_263' title='bbox 1012 2968 1065 3042; x_wconf 77' lang='grc' dir='ltr'><strong><em>τῆς</em></strong></span> <span class='ocrx_word' id='word_1_264' title='bbox 1080 2965 1362 3038; x_wconf 85' lang='grc' dir='ltr'><strong><em>κακοδιδασκαλίας,</em></strong></span> <span class='ocrx_word' id='word_1_265' title='bbox 1383 2961 1436 3024; x_wconf 88' lang='grc' dir='ltr'><strong><em>καλ</em></strong></span> 
     </span>
     <span class='ocr_line' id='line_1_27' title="bbox 275 3056 1436 3150; baseline -0.003 -21"><span class='ocrx_word' id='word_1_266' title='bbox 275 3072 416 3150; x_wconf 80' lang='grc' dir='ltr'><strong><em>φθορᾶς,</em></strong></span> <span class='ocrx_word' id='word_1_267' title='bbox 445 3064 645 3146; x_wconf 74' lang='grc' dir='ltr'><strong><em>καὶόπάτης,</em></strong></span> <span class='ocrx_word' id='word_1_268' title='bbox 674 3063 788 3146; x_wconf 81' lang='grc' dir='ltr'><strong><em>πλάνης</em></strong></span> <span class='ocrx_word' id='word_1_269' title='bbox 804 3067 899 3129; x_wconf 80' lang='grc' dir='ltr'><strong><em>τεκαὶ</em></strong></span> <span class='ocrx_word' id='word_1_270' title='bbox 917 3061 1049 3145; x_wconf 85' lang='grc' dir='ltr'><strong><em>άνομίας.</em></strong></span> <span class='ocrx_word' id='word_1_271' title='bbox 1096 3056 1194 3140; x_wconf 82' lang='grc' dir='ltr'><strong><em>Οὗτός</em></strong></span> <span class='ocrx_word' id='word_1_272' title='bbox 1212 3066 1290 3130; x_wconf 91' lang='grc' dir='ltr'><strong><em>έστιν</em></strong></span> <span class='ocrx_word' id='word_1_273' title='bbox 1312 3061 1436 3144; x_wconf 82' lang='grc' dir='ltr'><strong><em>άληθῶς</em></strong></span> 
     </span>
     <span class='ocr_line' id='line_1_28' title="bbox 276 3163 1434 3252; baseline -0.003 -20"><span class='ocrx_word' id='word_1_274' title='bbox 276 3164 402 3252; x_wconf 85' lang='grc' dir='ltr'><strong><em>άνοίγων</em></strong></span> <span class='ocrx_word' id='word_1_275' title='bbox 426 3165 542 3252; x_wconf 87' lang='grc' dir='ltr'><strong><em>μήτραν</em></strong></span> <span class='ocrx_word' id='word_1_276' title='bbox 564 3166 680 3250; x_wconf 87' lang='grc' dir='ltr'><strong><em>μητρός.</em></strong></span> <span class='ocrx_word' id='word_1_277' title='bbox 727 3165 843 3242; x_wconf 79' lang='grc' dir='ltr'><strong><em>Πάντες</em></strong></span> <span class='ocrx_word' id='word_1_278' title='bbox 859 3165 916 3251; x_wconf 78' lang='grc' dir='ltr'><strong><em>γάρ</em></strong></span> <span class='ocrx_word' id='word_1_279' title='bbox 935 3165 1001 3231; x_wconf 80' lang='grc' dir='ltr'><strong><em>ὅσοι</em></strong></span> <span class='ocrx_word' id='word_1_280' title='bbox 1020 3165 1222 3250; x_wconf 76' lang='grc' dir='ltr'><strong><em>ἐγεννήθησαν</em></strong></span> <span class='ocrx_word' id='word_1_281' title='bbox 1237 3163 1434 3248; x_wconf 87' lang='grc' dir='ltr'><strong><em>πρωτότοκοι,</em></strong></span> 
     </span>
     <span class='ocr_line' id='line_1_29' title="bbox 274 3262 1434 3352; baseline -0.002 -20"><span class='ocrx_word' id='word_1_282' title='bbox 274 3271 324 3333; x_wconf 76' lang='grc' dir='ltr'><strong><em>ἵνα</em></strong></span> <span class='ocrx_word' id='word_1_283' title='bbox 347 3271 398 3334; x_wconf 82' lang='grc' dir='ltr'><strong><em>καί</em></strong></span> <span class='ocrx_word' id='word_1_284' title='bbox 422 3269 596 3352; x_wconf 87' lang='grc' dir='ltr'><strong><em>σεμνότερον</em></strong></span> <span class='ocrx_word' id='word_1_285' title='bbox 623 3272 764 3349; x_wconf 86' lang='grc' dir='ltr'><strong><em>είπωμεν,</em></strong></span> <span class='ocrx_word' id='word_1_286' title='bbox 793 3266 849 3334; x_wconf 87' lang='grc' dir='ltr'><strong><em>οιίκ</em></strong></span> <span class='ocrx_word' id='word_1_287' title='bbox 866 3266 1065 3350; x_wconf 76' lang='grc' dir='ltr'><strong><em>ἠδυνήθησαν</em></strong></span> <span class='ocrx_word' id='word_1_288' title='bbox 1088 3274 1174 3333; x_wconf 82' lang='grc' dir='ltr'><strong><em>τοῦτο</em></strong></span> <span class='ocrx_word' id='word_1_289' title='bbox 1197 3275 1346 3351; x_wconf 85' lang='grc' dir='ltr'><strong><em>πληροῦν,</em></strong></span> <span class='ocrx_word' id='word_1_290' title='bbox 1374 3262 1434 3330; x_wconf 83' lang='grc' dir='ltr'><strong><em>άλλ’</em></strong></span> 
     </span>
     <span class='ocr_line' id='line_1_30' title="bbox 274 3367 1434 3457; baseline -0.002 -21"><span class='ocrx_word' id='word_1_291' title='bbox 274 3367 296 3452; x_wconf 74' lang='grc' dir='ltr'><em>ἢ</em></span> <span class='ocrx_word' id='word_1_292' title='bbox 312 3369 405 3452; x_wconf 91' lang='grc' dir='ltr'><strong><em>μόνος</em></strong></span> <span class='ocrx_word' id='word_1_293' title='bbox 424 3370 441 3437; x_wconf 84' lang='grc' dir='ltr'><strong><em>ό</em></strong></span> <span class='ocrx_word' id='word_1_294' title='bbox 459 3370 638 3457; x_wconf 86' lang='grc' dir='ltr'><strong><em>μονογενής,</em></strong></span> <span class='ocrx_word' id='word_1_295' title='bbox 661 3370 775 3454; x_wconf 87' lang='grc' dir='ltr'><strong><em>μήτραν</em></strong></span> <span class='ocrx_word' id='word_1_296' title='bbox 791 3372 946 3453; x_wconf 86' lang='grc' dir='ltr'><strong><em>παρθένον</em></strong></span> <span class='ocrx_word' id='word_1_297' title='bbox 964 3368 1089 3447; x_wconf 85' lang='grc' dir='ltr'><strong><em>άνοίξας.</em></strong></span> <span class='ocrx_word' id='word_1_298' title='bbox 1131 3368 1181 3434; x_wconf 82' lang='grc' dir='ltr'><strong><em>Ἐν</em></strong></span> <span class='ocrx_word' id='word_1_299' title='bbox 1197 3369 1293 3456; x_wconf 75' lang='grc' dir='ltr'><strong><em>τούτῳ</em></strong></span> <span class='ocrx_word' id='word_1_300' title='bbox 1310 3367 1365 3453; x_wconf 79' lang='grc' dir='ltr'><strong><em>γάρ</em></strong></span> <span class='ocrx_word' id='word_1_301' title='bbox 1380 3367 1434 3450; x_wconf 86' lang='grc' dir='ltr'><strong><em>μό·</em></strong></span> 
     </span>
     <span class='ocr_line' id='line_1_31' title="bbox 277 3467 1434 3561; baseline 0 -26"><span class='ocrx_word' id='word_1_302' title='bbox 277 3498 319 3560; x_wconf 79' lang='grc' dir='ltr'><strong><em>νφ</em></strong></span> <span class='ocrx_word' id='word_1_303' title='bbox 337 3479 526 3552; x_wconf 87' lang='grc' dir='ltr'><strong><em>τετελείωται,</em></strong></span> <span class='ocrx_word' id='word_1_304' title='bbox 549 3478 599 3539; x_wconf 82' lang='grc' dir='ltr'><strong><em>καί</em></strong></span> <span class='ocrx_word' id='word_1_305' title='bbox 618 3476 650 3537; x_wconf 89' lang='grc' dir='ltr'><strong><em>έν</em></strong></span> <span class='ocrx_word' id='word_1_306' title='bbox 668 3471 743 3561; x_wconf 81' lang='grc' dir='ltr'><strong><em>άλλρι</em></strong></span> <span class='ocrx_word' id='word_1_307' title='bbox 757 3472 866 3538; x_wconf 79' lang='grc' dir='ltr'><strong><em>οὐδενί.</em></strong></span> <span class='ocrx_word' id='word_1_308' title='bbox 908 3471 992 3537; x_wconf 83' lang='grc' dir='ltr'><strong><em>Ἀλλοί</em></strong></span> <span class='ocrx_word' id='word_1_309' title='bbox 1011 3475 1061 3536; x_wconf 88' lang='grc' dir='ltr'><strong><em>καλ</em></strong></span> <span class='ocrx_word' id='word_1_310' title='bbox 1079 3468 1128 3536; x_wconf 72' lang='grc' dir='ltr'><strong><em>ἄπ’</em></strong></span> <span class='ocrx_word' id='word_1_311' title='bbox 1143 3470 1236 3553; x_wconf 78' lang='grc' dir='ltr'><strong><em>αὐτῆς</em></strong></span> <span class='ocrx_word' id='word_1_312' title='bbox 1252 3478 1306 3553; x_wconf 84' lang='grc' dir='ltr'><strong><em>τῆς</em></strong></span> <span class='ocrx_word' id='word_1_313' title='bbox 1320 3467 1434 3536; x_wconf 81' lang='grc' dir='ltr'><strong><em>όποθέ-</em></strong></span> 
     </span>
     <span class='ocr_line' id='line_1_32' title="bbox 277 3571 1435 3660; baseline -0.003 -19"><span class='ocrx_word' id='word_1_314' title='bbox 277 3596 351 3654; x_wconf 87' lang='grc' dir='ltr'><strong><em>σεως</em></strong></span> <span class='ocrx_word' id='word_1_315' title='bbox 367 3579 443 3642; x_wconf 83' lang='grc' dir='ltr'><strong><em>έστιν</em></strong></span> <span class='ocrx_word' id='word_1_316' title='bbox 460 3580 540 3640; x_wconf 85' lang='grc' dir='ltr'><strong><em>ίδεῐν.</em></strong></span> <span class='ocrx_word' id='word_1_317' title='bbox 583 3574 656 3641; x_wconf 74' lang='lat' dir='ltr'><strong><em>&#39;Ami</em></strong></span> <span class='ocrx_word' id='word_1_318' title='bbox 672 3581 796 3658; x_wconf 88' lang='grc' dir='ltr'><strong><em>Μαρίας</em></strong></span> <span class='ocrx_word' id='word_1_319' title='bbox 812 3573 869 3660; x_wconf 88' lang='grc' dir='ltr'><strong><em>γάρ</em></strong></span> <span class='ocrx_word' id='word_1_320' title='bbox 886 3573 1064 3657; x_wconf 88' lang='grc' dir='ltr'><strong><em>λαμβάνεται</em></strong></span> <span class='ocrx_word' id='word_1_321' title='bbox 1082 3571 1102 3657; x_wconf 87' lang='grc' dir='ltr'><strong><em>ή</em></strong></span> <span class='ocrx_word' id='word_1_322' title='bbox 1117 3576 1206 3654; x_wconf 84' lang='grc' dir='ltr'><strong><em>λέξις,</em></strong></span> <span class='ocrx_word' id='word_1_323' title='bbox 1229 3576 1280 3640; x_wconf 87' lang='grc' dir='ltr'><strong><em>καλ</em></strong></span> <span class='ocrx_word' id='word_1_324' title='bbox 1298 3575 1365 3659; x_wconf 81' lang='grc' dir='ltr'><strong><em>περί</em></strong></span> <span class='ocrx_word' id='word_1_325' title='bbox 1380 3579 1435 3656; x_wconf 81' lang='grc' dir='ltr'><strong><em>τῆς</em></strong></span> 
     </span>
     <span class='ocr_line' id='line_1_33' title="bbox 276 3674 1432 3762; baseline -0.004 -18"><span class='ocrx_word' id='word_1_326' title='bbox 276 3678 431 3762; x_wconf 87' lang='grc' dir='ltr'><strong><em>έκκλησίας</em></strong></span> <span class='ocrx_word' id='word_1_327' title='bbox 451 3681 530 3744; x_wconf 82' lang='grc' dir='ltr'><strong><em>έστατ</em></strong></span> <span class='ocrx_word' id='word_1_328' title='bbox 549 3705 598 3760; x_wconf 90' lang='grc' dir='ltr'><strong><em>μοι</em></strong></span> <span class='ocrx_word' id='word_1_329' title='bbox 614 3685 701 3743; x_wconf 90' lang='grc' dir='ltr'><strong><em>τοῦτο</em></strong></span> <span class='ocrx_word' id='word_1_330' title='bbox 718 3680 825 3761; x_wconf 85' lang='grc' dir='ltr'><strong><em>λέγειν,</em></strong></span> <span class='ocrx_word' id='word_1_331' title='bbox 850 3676 973 3742; x_wconf 81' lang='grc' dir='ltr'><strong><em>Ἕνεκεν</em></strong></span> <span class='ocrx_word' id='word_1_332' title='bbox 994 3677 1105 3742; x_wconf 81' lang='grc' dir='ltr'><strong><em>τούτου</em></strong></span> <span class='ocrx_word' id='word_1_333' title='bbox 1120 3680 1291 3756; x_wconf 80' lang='grc' dir='ltr'><strong><em>καταλείψει</em></strong></span> <span class='ocrx_word' id='word_1_334' title='bbox 1313 3674 1432 3760; x_wconf 78' lang='grc' dir='ltr'><strong><em>άνθρω.</em></strong></span> 
     </span>
     <span class='ocr_line' id='line_1_34' title="bbox 275 3777 1432 3865; baseline 0.001 -21"><span class='ocrx_word' id='word_1_335' title='bbox 275 3806 333 3856; x_wconf 90' lang='grc' dir='ltr'><strong><em>πος</em></strong></span> <span class='ocrx_word' id='word_1_336' title='bbox 349 3779 400 3846; x_wconf 85' lang='grc' dir='ltr'><strong><em>τόν</em></strong></span> <span class='ocrx_word' id='word_1_337' title='bbox 417 3782 530 3864; x_wconf 83' lang='grc' dir='ltr'><strong><em>πατέρα</em></strong></span> <span class='ocrx_word' id='word_1_338' title='bbox 549 3781 660 3859; x_wconf 80' lang='grc' dir='ltr'><strong><em>αὐτοῦ,</em></strong></span> <span class='ocrx_word' id='word_1_339' title='bbox 683 3782 735 3845; x_wconf 83' lang='grc' dir='ltr'><strong><em>καί</em></strong></span> <span class='ocrx_word' id='word_1_340' title='bbox 750 3779 804 3862; x_wconf 82' lang='grc' dir='ltr'><strong><em>τήν</em></strong></span> <span class='ocrx_word' id='word_1_341' title='bbox 823 3780 933 3865; x_wconf 90' lang='grc' dir='ltr'><strong><em>μητέρα</em></strong></span> <span class='ocrx_word' id='word_1_342' title='bbox 949 3777 1057 3857; x_wconf 74' lang='grc' dir='ltr'><strong><em>αὐτοῦ,</em></strong></span> <span class='ocrx_word' id='word_1_343' title='bbox 1079 3780 1131 3844; x_wconf 84' lang='grc' dir='ltr'><strong><em>καλ</em></strong></span> <span class='ocrx_word' id='word_1_344' title='bbox 1144 3778 1432 3862; x_wconf 85' lang='grc' dir='ltr'><strong><em>προςκολληθήσεται</em></strong></span> 
     </span>
     <span class='ocr_line' id='line_1_35' title="bbox 275 3877 1433 3971; baseline 0.001 -25"><span class='ocrx_word' id='word_1_345' title='bbox 275 3888 312 3971; x_wconf 76' lang='grc' dir='ltr'><strong><em>τῇ</em></strong></span> <span class='ocrx_word' id='word_1_346' title='bbox 332 3884 451 3968; x_wconf 83' lang='grc' dir='ltr'><strong><em>γυναικί</em></strong></span> <span class='ocrx_word' id='word_1_347' title='bbox 473 3882 583 3962; x_wconf 76' lang='grc' dir='ltr'><strong><em>αὐτοῦ,</em></strong></span> <span class='ocrx_word' id='word_1_348' title='bbox 613 3885 663 3948; x_wconf 84' lang='grc' dir='ltr'><strong><em>καλ</em></strong></span> <span class='ocrx_word' id='word_1_349' title='bbox 687 3885 804 3948; x_wconf 86' lang='grc' dir='ltr'><strong><em>έσονται</em></strong></span> <span class='ocrx_word' id='word_1_350' title='bbox 827 3885 860 3947; x_wconf 77' lang='grc' dir='ltr'><strong><em>οἱ</em></strong></span> <span class='ocrx_word' id='word_1_351' title='bbox 876 3880 931 3947; x_wconf 88' lang='grc' dir='ltr'><strong><em>δόο</em></strong></span> <span class='ocrx_word' id='word_1_352' title='bbox 948 3885 990 3957; x_wconf 86' lang='grc' dir='ltr'><strong><em>είς</em></strong></span> <span class='ocrx_word' id='word_1_353' title='bbox 1010 3883 1107 3966; x_wconf 83' lang='grc' dir='ltr'><strong><em>σάρκα</em></strong></span> <span class='ocrx_word' id='word_1_354' title='bbox 1125 3885 1203 3964; x_wconf 83' lang='grc' dir='ltr'><strong><em>μίαν.</em></strong></span> <span class='ocrx_word' id='word_1_355' title='bbox 1245 3877 1279 3945; x_wconf 89' lang='lat'><strong><em>‘0</em></strong></span> <span class='ocrx_word' id='word_1_356' title='bbox 1297 3881 1330 3945; x_wconf 79' lang='grc' dir='ltr'><strong><em>δὲ</em></strong></span> <span class='ocrx_word' id='word_1_357' title='bbox 1347 3879 1433 3967; x_wconf 68' lang='grc' dir='ltr'><strong><em>ἅγιος</em></strong></span> 
     </span>
     <span class='ocr_line' id='line_1_36' title="bbox 276 3980 1433 4071; baseline 0 -24"><span class='ocrx_word' id='word_1_358' title='bbox 276 3981 442 4061; x_wconf 85' lang='grc' dir='ltr'><strong><em>άπόστολός</em></strong></span> <span class='ocrx_word' id='word_1_359' title='bbox 465 4009 554 4068; x_wconf 92' lang='grc' dir='ltr'><strong><em>φησι,</em></strong></span> <span class='ocrx_word' id='word_1_360' title='bbox 589 3984 629 4051; x_wconf 83' lang='grc' dir='ltr'><strong><em>Τό</em></strong></span> <span class='ocrx_word' id='word_1_361' title='bbox 654 3985 815 4070; x_wconf 88' lang='grc' dir='ltr'><strong><em>μυστήριον</em></strong></span> <span class='ocrx_word' id='word_1_362' title='bbox 838 3991 925 4050; x_wconf 79' lang='grc' dir='ltr'><strong><em>τοῦτο</em></strong></span> <span class='ocrx_word' id='word_1_363' title='bbox 949 3988 1022 4071; x_wconf 89' lang='grc' dir='ltr'><strong><em>μέγα</em></strong></span> <span class='ocrx_word' id='word_1_364' title='bbox 1048 3987 1137 4050; x_wconf 79' lang='grc' dir='ltr'><strong><em>ἐστίν·</em></strong></span> <span class='ocrx_word' id='word_1_365' title='bbox 1169 3980 1227 4067; x_wconf 84' lang='grc' dir='ltr'><strong><em>έγεό</em></strong></span> <span class='ocrx_word' id='word_1_366' title='bbox 1247 3983 1368 4068; x_wconf 73' lang='grc' dir='ltr'><strong><em>δὲλέγω</em></strong></span> <span class='ocrx_word' id='word_1_367' title='bbox 1391 3985 1433 4059; x_wconf 87' lang='grc' dir='ltr'><strong><em>είς</em></strong></span> 
     </span>
     <span class='ocr_line' id='line_1_37' title="bbox 277 4084 1431 4173; baseline -0.002 -22"><span class='ocrx_word' id='word_1_368' title='bbox 277 4087 407 4173; x_wconf 83' lang='grc' dir='ltr'><strong><em>Χριστόν</em></strong></span> <span class='ocrx_word' id='word_1_369' title='bbox 423 4090 472 4154; x_wconf 78' lang='grc' dir='ltr'><strong><em>καί</em></strong></span> <span class='ocrx_word' id='word_1_370' title='bbox 490 4087 545 4172; x_wconf 87' lang='grc' dir='ltr'><strong><em>τήν</em></strong></span> <span class='ocrx_word' id='word_1_371' title='bbox 561 4091 724 4170; x_wconf 73' lang='grc' dir='ltr'><strong><em>ἐκκλησίαν.</em></strong></span> <span class='ocrx_word' id='word_1_372' title='bbox 770 4089 829 4152; x_wconf 79' lang='grc' dir='ltr'><strong><em>Καὶ</em></strong></span> <span class='ocrx_word' id='word_1_373' title='bbox 847 4084 904 4170; x_wconf 79' lang='grc' dir='ltr'><strong><em>ὅρα</em></strong></span> <span class='ocrx_word' id='word_1_374' title='bbox 920 4112 970 4168; x_wconf 87' lang='grc' dir='ltr'><strong><em>μοι</em></strong></span> <span class='ocrx_word' id='word_1_375' title='bbox 986 4085 1040 4169; x_wconf 87' lang='grc' dir='ltr'><strong><em>τήν</em></strong></span> <span class='ocrx_word' id='word_1_376' title='bbox 1053 4094 1114 4152; x_wconf 77' lang='grc' dir='ltr'><strong><em>τῶν</em></strong></span> <span class='ocrx_word' id='word_1_377' title='bbox 1127 4092 1252 4171; x_wconf 82' lang='grc' dir='ltr'><strong><em>γραφῶν</em></strong></span> <span class='ocrx_word' id='word_1_378' title='bbox 1265 4087 1431 4169; x_wconf 74' lang='grc' dir='ltr'><strong><em>ἀκρίβειαν,</em></strong></span> 
     </span>
     <span class='ocr_line' id='line_1_38' title="bbox 274 4186 1429 4280; baseline 0 -27"><span class='ocrx_word' id='word_1_379' title='bbox 274 4186 321 4253; x_wconf 77' lang='grc' dir='ltr'><strong><em>ὅτι</em></strong></span> <span class='ocrx_word' id='word_1_380' title='bbox 343 4192 392 4255; x_wconf 85' lang='grc' dir='ltr'><strong><em>έπλ</em></strong></span> <span class='ocrx_word' id='word_1_381' title='bbox 416 4191 469 4273; x_wconf 82' lang='grc' dir='ltr'><strong><em>μέν</em></strong></span> <span class='ocrx_word' id='word_1_382' title='bbox 490 4199 531 4280; x_wconf 77' lang='grc' dir='ltr'><strong><em>τῷ</em></strong></span> <span class='ocrx_word' id='word_1_383' title='bbox 546 4189 639 4273; x_wconf 88' lang='grc' dir='ltr'><strong><em>Ἀδιίμ</em></strong></span> <span class='ocrx_word' id='word_1_384' title='bbox 655 4187 802 4254; x_wconf 79' lang='grc' dir='ltr'><strong><em>Ἔπλασεν</em></strong></span> <span class='ocrx_word' id='word_1_385' title='bbox 823 4189 930 4273; x_wconf 89' lang='grc' dir='ltr'><strong><em>λέγων,</em></strong></span> <span class='ocrx_word' id='word_1_386' title='bbox 958 4191 1008 4254; x_wconf 79' lang='grc' dir='ltr'><strong><em>ἐπὶ</em></strong></span> <span class='ocrx_word' id='word_1_387' title='bbox 1033 4190 1066 4254; x_wconf 82' lang='grc' dir='ltr'><strong><em>δὲ</em></strong></span> <span class='ocrx_word' id='word_1_388' title='bbox 1082 4195 1118 4278; x_wconf 78' lang='grc' dir='ltr'><strong><em>τή</em></strong></span> <span class='ocrx_word' id='word_1_389' title='bbox 1133 4186 1203 4276; x_wconf 81' lang='grc' dir='ltr'><strong><em>Είίμ</em></strong></span> <span class='ocrx_word' id='word_1_390' title='bbox 1227 4189 1327 4256; x_wconf 76' lang='grc' dir='ltr'><strong><em>οὐκέτι</em></strong></span> <span class='ocrx_word' id='word_1_391' title='bbox 1349 4194 1358 4231; x_wconf 90' lang='lat'>¹</span> <span class='ocrx_word' id='word_1_392' title='bbox 1373 4193 1429 4253; x_wconf 80' lang='grc' dir='ltr'><strong><em>Πε·</em></strong></span> 
     </span>
     <span class='ocr_line' id='line_1_39' title="bbox 274 4289 1432 4378; baseline -0.001 -23"><span class='ocrx_word' id='word_1_393' title='bbox 274 4289 408 4357; x_wconf 87' lang='grc' dir='ltr'><strong><em>πλάσθαι</em></strong></span> <span class='ocrx_word' id='word_1_394' title='bbox 422 4296 532 4378; x_wconf 87' lang='grc' dir='ltr'><strong><em>λέγων,</em></strong></span> <span class='ocrx_word' id='word_1_395' title='bbox 563 4290 623 4357; x_wconf 74' lang='grc' dir='ltr'><strong><em>ἀλλ’</em></strong></span> <span class='ocrx_word' id='word_1_396' title='bbox 647 4294 888 4372; x_wconf 84' lang='grc' dir='ltr'><strong><em>Οίιιοδομείσθαι.</em></strong></span> <span class='ocrx_word' id='word_1_397' title='bbox 923 4289 1033 4375; x_wconf 80' lang='grc' dir='ltr'><strong><em>Ἕλαβε</em></strong></span> <span class='ocrx_word' id='word_1_398' title='bbox 1050 4290 1123 4378; x_wconf 80' lang='grc' dir='ltr'><strong><em>γάρ,</em></strong></span> <span class='ocrx_word' id='word_1_399' title='bbox 1156 4294 1248 4374; x_wconf 84' lang='grc' dir='ltr'><strong><em>φησί,</em></strong></span> <span class='ocrx_word' id='word_1_400' title='bbox 1279 4295 1348 4373; x_wconf 92' lang='grc' dir='ltr'><strong><em>μίαν</em></strong></span> <span class='ocrx_word' id='word_1_401' title='bbox 1370 4295 1432 4355; x_wconf 76' lang='grc' dir='ltr'><strong><em>τῶν</em></strong></span> 
     </span>
    </p>
   </div>
   <div class='ocr_carea' id='block_1_4' title="bbox 272 4411 1432 4603">
    <p class='ocr_par' dir='ltr' id='par_1_6' title="bbox 272 4411 1432 4603">
     <span class='ocr_line' id='line_1_40' title="bbox 307 4411 1432 4469; baseline -0.002 -4"><span class='ocrx_word' id='word_1_402' title='bbox 307 4414 331 4464; x_wconf 80' lang='grc'><strong><em>5.</em></strong></span> <span class='ocrx_word' id='word_1_403' title='bbox 356 4416 401 4466; x_wconf 77' lang='grc' dir='ltr'><strong><em>τοῦ</em></strong></span> <span class='ocrx_word' id='word_1_404' title='bbox 423 4419 500 4469; x_wconf 69' lang='lat' dir='ltr'><em>omiss.</em></span> <span class='ocrx_word' id='word_1_405' title='bbox 525 4419 550 4466; x_wconf 80' lang='grc' dir='ltr'><strong><em>ίιι</em></strong></span> <span class='ocrx_word' id='word_1_406' title='bbox 573 4418 627 4466; x_wconf 61' lang='lat' dir='ltr'><strong><em>edit„</em></strong></span> <span class='ocrx_word' id='word_1_407' title='bbox 650 4417 733 4466; x_wconf 81' lang='grc' dir='ltr'><strong><em>Ριίοο.</em></strong></span> <span class='ocrx_word' id='word_1_408' title='bbox 757 4415 837 4465; x_wconf 76' lang='grc' dir='ltr'><strong><em>θοίνα.</em></strong></span> <span class='ocrx_word' id='word_1_409' title='bbox 906 4414 1107 4464; x_wconf 73' lang='grc' dir='ltr'><strong><em>(1ιε.ΧΙΧ.-</em></strong></span> <span class='ocrx_word' id='word_1_410' title='bbox 1144 4414 1165 4464; x_wconf 86' lang='lat'><strong><em>1.</em></strong></span> <span class='ocrx_word' id='word_1_411' title='bbox 1193 4411 1338 4466; x_wconf 71' lang='grc' dir='ltr'><strong><em>πττλᾶσθαι</em></strong></span> <span class='ocrx_word' id='word_1_412' title='bbox 1361 4413 1432 4463; x_wconf 64' lang='lat' dir='ltr'>nodd-</span> 
     </span>
     <span class='ocr_line' id='line_1_41' title="bbox 272 4485 1269 4545; baseline -0.001 -14"><span class='ocrx_word' id='word_1_413' title='bbox 272 4488 343 4544; x_wconf 78' lang='lat' dir='ltr'><strong><em>repet.</em></strong></span> <span class='ocrx_word' id='word_1_414' title='bbox 869 4496 916 4533; x_wconf 84' lang='grc' dir='ltr'><strong><em>τιτι</em></strong></span> <span class='ocrx_word' id='word_1_415' title='bbox 943 4485 1122 4545; x_wconf 67' lang='grc' dir='ltr'><strong><em>τετάρπετο,</em></strong></span> <span class='ocrx_word' id='word_1_416' title='bbox 1140 4496 1269 4545; x_wconf 82' lang='grc' dir='ltr'><strong><em>μτοιττοτι.</em></strong></span> 
     </span>
     <span class='ocr_line' id='line_1_42' title="bbox 307 4547 656 4603; baseline -0.006 -1"><span class='ocrx_word' id='word_1_417' title='bbox 307 4547 333 4602; x_wconf 82' lang='grc' dir='ltr'><strong><em>δ.</em></strong></span> <span class='ocrx_word' id='word_1_418' title='bbox 351 4547 486 4603; x_wconf 83' lang='grc' dir='ltr'><strong><em>πλεὸιασεν</em></strong></span> <span class='ocrx_word' id='word_1_419' title='bbox 503 4553 557 4600; x_wconf 73' lang='grc' dir='ltr'><strong><em>εδει.</em></strong></span> <span class='ocrx_word' id='word_1_420' title='bbox 575 4554 656 4601; x_wconf 82' lang='grc' dir='ltr'><strong><em>Ριιαυ.</em></strong></span> 
     </span>
    </p>
   </div>
   <div class='ocr_carea' id='block_1_5' title="bbox 0 0 1552 5070">
    <p class='ocr_par' dir='ltr' id='par_1_7' title="bbox 0 0 1552 5070">
     <span class='ocr_line' id='line_1_43' title="bbox 0 0 1552 5070; baseline 0 2"><span class='ocrx_word' id='word_1_421' title='bbox 0 0 1552 5070; x_wconf 95' lang='lat' dir='ltr'><strong><em> </em></strong></span> 
     </span>
    </p>
   </div>
  </div>
 </body>
</html>
