3096 5070
296 269 358 337 628
644 274 807 334 ευυπιναι
824 282 870 334 ετ
888 281 1113 333 conmotam,

295 403 313 455 Ι.
326 403 357 455 21
380 412 406 452 et
422 418 490 470 seqq.
520 403 630 452 Venetus
655 399 718 452 haec
740 397 836 468 plenius
858 402 892 451 iu
917 411 1038 469 concepta
1060 401 1150 451 habet:
1178 395 1317 470 ἀρχόμενος
1339 399 1406 455 εἶναι
1424 398 1465 463 οἷς

294 486 359 541 έτοῦν
375 486 521 553 τριάκοντα,
549 483 631 539 λοιπὸν
655 483 758 553 έλῆφθη
783 484 820 546 είς
836 484 883 554 τῆν
903 484 1003 552 έρημον.
1037 482 1203 539 ’Δπεντεῦθεν
1228 475 1269 539 σύν
1287 487 1313 539 αί
1325 484 1462 553 τεσσαρά-

294 589 370 625 κοντα
387 569 485 638 ῆμέραι
504 571 548 624 τοῦ
563 573 704 637 πειρασμοῦ
720 566 868 631 ἀκολούθως
883 570 1011 638 φαίνονται
1025 569 1069 623 κοιλ
1084 569 1131 624 δύο
1148 569 1202 640 ίβδ.
1219 571 1259 639 (αἱ
1271 570 1353 637 deest)
1370 574 1461 640 μικρῷ

292 656 366 710 πλέον
375 656 420 709 καί
428 649 523 724 ῆμέραι
537 651 593 721 δύο,
610 647 642 714 ἃς
656 655 770 723 διέτριψε
781 653 923 708 έπανελθιῦν
933 650 983 709 άπὸ
994 656 1038 719 τοῦ
1048 658 1189 722 πειρασμοῦ
1200 654 1241 708 έπλ
1253 654 1300 722 τῆν
1309 657 1461 720 Γαλιλαίαν,

292 741 420 795 τουτέστιν
439 741 476 802 είς
491 737 538 806 τῆν
555 738 678 806 Ναζαρέθ
701 740 745 793 καί
767 739 823 806 περί
840 738 872 793 τά
891 734 948 806 ὅρια
963 735 1061 806 αύτῆς,
1089 740 1133 794 καὶ
1151 741 1196 807 μία
1213 736 1300 808 ῆμέρα
1317 736 1361 797 ύτε
1375 731 1461 809 η’λθεν

292 825 358 893 πρὸς
373 823 511 892 Ἰωάννην,
537 819 581 879 ὅτε
599 821 680 894 έρηά
696 819 833 889 Ἰωάννης,
844 819 904 880 ’Ἰδι
918 821 934 878 ά
949 820 1030 891 άμνὸς
1045 826 1089 879 τοῦ
1108 826 1168 879 θεοῦ
1182 821 1197 879 ά
1212 827 1288 893 αίρων
1304 824 1351 893 τῆν
1367 823 1460 895 άμαρ-

292 911 347 965 τίαν
361 912 405 966 τοῦ
422 907 536 977 κόσμου,
563 909 608 963 καλ
624 906 643 976 ῆ
662 905 777 977 ἐπαύριον
794 908 875 964 πάλιν.
911 906 1038 978 Είστῆκει
1057 906 1208 978 ῦἸωάννης
1225 910 1269 964 καί
1291 910 1321 965 έκ
1334 912 1386 965 τῶν
1403 931 1460 979 μα-

293 997 380 1064 θητῶν
395 992 473 1049 αύτοῦ
487 992 548 1057 δύο,
570 993 618 1048 καί
634 993 766 1064 έμβλέψας
780 997 818 1065 τῷ
835 991 923 1062 Ἰησοῦ
937 997 1112 1059 περιπατοῦντι
1128 995 1211 1062 λέγει,
1230 990 1289 1050 ’Ἰδε
1307 992 1321 1050 ά
1339 996 1461 1064 Χριστὸς

291 1076 305 1135 ὅ
323 1075 404 1148 άμνός
418 1083 463 1134 τοῦ
481 1081 549 1133 θεοῦ.
584 1076 651 1133 Εἶτά
666 1096 759 1147 φησιν,
769 1071 905 1133 Ἤκουσαν
923 1078 1005 1133 οίδύο
1022 1080 1137 1147 μαθηταί
1151 1077 1229 1134 αύτοῦ
1243 1081 1288 1134 καί
1303 1078 1459 1151 η’κολούθη-

292 1166 389 1235 σαντῷ
403 1162 505 1232 Ἰησοῦ·
529 1159 596 1231 αῦτη
614 1163 644 1219 δὲ
658 1154 690 1233 ῆν
707 1159 916 1231 ὀκτωκαιδεκάτη
934 1162 999 1231 μετὰ
1019 1163 1059 1219 τάν
1079 1162 1218 1233 πειρασμόν
1233 1161 1334 1234 ῆμέρα,
1360 1165 1461 1231 καθώς

291 1250 461 1317 προείπαμεν,
486 1250 574 1316 πρυίτη
593 1248 622 1304 δλ
638 1244 688 1303 άπὸ
704 1244 837 1312 Ἰωάννου,
864 1242 908 1304 ύτι
921 1247 1101 1316 ἠκολούθησαν
1116 1251 1154 1320 τῳ·
1168 1246 1258 1317 Ἰησοῦ
1279 1253 1302 1304 οἱ
1315 1251 1375 1318 περὶ
1393 1249 1457 1307 ’Λν-

290 1335 365 1401 δρέαν
381 1335 425 1388 καί
439 1329 498 1402 παρ’
516 1330 585 1401 αύτῷ
605 1333 703 1402 ἔμειναν
723 1331 769 1401 τῆν
788 1331 885 1402 ῆμέραν
903 1333 1010 1401 έκείνην.
1038 1329 1114 1402 Ὥρα
1128 1325 1163 1405 ῆν
1180 1330 1224 1390 ὅτε
1241 1335 1285 1390 καί
1301 1334 1343 1391 τάν
1361 1336 1460 1395 εαυτοῦ

290 1413 402 1488 α’δελφόν
418 1420 526 1487 Σίμωνα
540 1416 621 1486 εύροίν
639 1416 653 1473 δ
669 1414 792 1485 Ἀνδρέας
807 1414 892 1486 ἤγαγε
907 1416 971 1486 πρύς
984 1417 1027 1475 τάν
1041 1417 1151 1487 Ἰησοῦν.
1187 1418 1255 1474 Εἶτα
1272 1421 1339 1488 λέγει
1353 1421 1384 1477 τά
1406 1421 1459 1478 εύ-

291 1504 418 1572 αγγέλιον,
437 1505 480 1574 Τῆ
496 1502 611 1570 έπαύριον
627 1500 756 1571 η’θέλησεν
771 1503 881 1567 ἐξελθεῖν
896 1503 932 1564 είς
945 1502 992 1572 τῆν
1006 1504 1157 1565 Γαλιλαίαν,
1175 1505 1220 1559 καί
1235 1503 1347 1572 ιύρίσκει
1360 1508 1460 1565 Φίλιπ-

290 1607 350 1651 πον,
377 1589 422 1643 καί
439 1589 508 1657 λέγει
522 1583 593 1659 αύτῷ
611 1586 626 1643 α’
642 1587 741 1656 κύριος,
766 1583 915 1645 ’Δκολούθει
932 1608 987 1656 μοι·
1014 1585 1080 1657 αῦτη
1095 1588 1125 1645 δί
1140 1580 1173 1657 η’ν
1189 1589 1403 1661 έννεακαιδειιάτη
1418 1593 1459 1663 η’·

292 1675 357 1742 μέρα
381 1671 446 1742 μετά
466 1672 509 1728 τὸν
534 1672 691 1741 πειρασμόν,
716 1674 761 1729 καί
778 1674 831 1744 ἔχει
846 1673 865 1742 η’
881 1671 1017 1728 άκολουθία
1038 1678 1082 1729 τοῦ
1099 1670 1246 1743 εύαγγιλίου
1262 1676 1390 1732 Φιλίππου
1406 1679 1457 1749 τῆν

291 1759 381 1826 κλῆσιν
407 1759 452 1812 καί
466 1759 511 1812 τοῦ
526 1757 685 1827 Ναθαναήλ,
711 1759 755 1814 καί
771 1758 854 1814 λοιπίν
871 1763 923 1813 κτλ.
941 1790 972 1800 -
1008 1760 1026 1812 1.
1041 1761 1082 1813 28.
1107 1760 1196 1829 ῆμέρα
1209 1761 1277 1829 λέγει
1288 1759 1373 1830 γάμος
1389 1766 1456 1818 ven.

289 1874 323 1886 -
341 1844 405 1895 lbid.
432 1847 542 1896 Venetus
559 1845 649 1895 iterum
672 1845 745 1912 plane
769 1845 856 1896 differt
870 1846 932 1896 haec
950 1855 975 1896 et
989 1862 1057 1914 seqq.
1081 1845 1116 1896 ita
1132 1846 1226 1896 habena
1243 1860 1379 1917 conoepta:
1405 1849 1456 1912 τάς

289 1930 473 1998 προειρημένας
483 1927 534 1984 άπὸ
546 1924 665 1984 Ἰωάννου
678 1926 785 1998 ῆμέρας.
810 1929 1019 1997 Προςτιθεμένων
1030 1930 1107 1985 τοίνυν
1121 1931 1171 1985 τιῦν
1185 1932 1266 1985 εῦιοσι
1276 1928 1382 2000 ῆμερῦν
1395 1942 1454 1997 ταῖς

289 2011 480 2082 τεσσαράκοντα
492 2016 536 2068 τοῦ
555 2015 696 2083 πειρασμοῦ
710 2012 757 2069 δύο
777 2016 858 2082 μῆνες
872 2018 1039 2076 τελειοῦνται,
1057 2015 1145 2076 οἵτινες
1158 2023 1212 2077 τοῖς
1226 2017 1291 2072 δέκα
1309 2019 1375 2085 μησί
1390 2037 1451 2073 συν-

290 2099 428 2168 απτόμεναι
442 2098 554 2154 ένιαυτόν
567 2101 694 2162 τελοῦσιν,
722 2094 737 2154 ὅ
754 2098 808 2153 έστι
821 2100 948 2167 πλῆρωμα
963 2097 1097 2166 τριάκοντα
1112 2099 1176 2155 έτιῦν
1191 2097 1241 2156 άπὸ
1256 2103 1309 2170 τῆς
1326 2104 1449 2170 γενέσεως

288 2186 332 2239 τοῦ
350 2185 444 2253 κυρίου.
479 2185 533 2238 Καί
548 2182 691 2252 εύρίσκεται
705 2183 735 2239 τά
750 2186 847 2251 πρῶτον
864 2191 968 2252 σημεῖον
983 2187 1032 2252 τῆς
1045 2186 1090 2239 τοῦ
1105 2179 1197 2247 ύδατος
1211 2187 1249 2247 είς
1261 2184 1323 2241 οίνον
1337 2192 1443 2257 μιταβσ

288 2270 338 2335 λῆς
353 2268 378 2323 έν
393 2271 432 2340 τῷ
450 2271 517 2324 τέλει
531 2271 574 2325 τοῦ
591 2272 739 2337 τριακοστοῦ
755 2268 826 2330 ἔτους
839 2267 950 2336 ποιῆσας
967 2266 980 2324 ά
997 2267 1123 2335 Χριστὸς,
1141 2267 1178 2331 οῦς
1194 2270 1260 2326 έστιν
1273 2271 1438 2338 καταληπτέον

287 2360 344 2415 ταῖς
358 2356 408 2409 τῶν
426 2351 579 2424 ιῦαγγιλίων
603 2352 763 2416 άκολουθίαις
779 2354 914 2425 προσγάντι
936 2349 1057 2424 ἀκριβῶς.
1092 2354 1186 2410 Λοιπὸν
1201 2354 1230 2411 δλ
1242 2351 1291 2410 α’πδ
1306 2357 1349 2410 τοῦ
1364 2353 1437 2421 πριά-

287 2457 331 2495 του
346 2439 454 2508 σημείου
468 2435 558 2496 τούτου
575 2445 627 2495 κτλ.
647 2471 677 2481 -
714 2442 730 2492 1.
742 2442 766 2495 3,
782 2441 813 2492 εί)
830 2441 876 2491 ἰοί.
902 2442 1013 2491 λίσσοιτο
1029 2458 1112 2490 rursus
1129 2441 1226 2493 differt:
1250 2445 1342 2506 σημεῖα
1358 2438 1439 2507 έργά-

289 2528 374 2590 ζεται,
389 2525 435 2579 καί
452 2523 481 2580 τά
499 2523 621 2595 κη’ρυγμα
643 2526 775 2586 διδάσκει,
802 2523 967 2592 δεικνυμένης
983 2527 1019 2585 είς
1034 2519 1147 2586 ἅπαντας
1161 2519 1300 2592 άνθρύπους
1312 2526 1361 2591 τῆς
1377 2525 1429 2577 θαυ

288 2612 391 2680 μαστῆς
405 2611 449 2664 καί
471 2606 581 2679 άρρῆτου
598 2607 675 2665 αύτοῦ
697 2611 885 2680 φιλανθρωπίας
909 2610 953 2664 καί
974 2607 1145 2678 εύαγγελικῆς
1165 2611 1380 2678 θαυματουργίας,
1407 2606 1446 2670 οῦς

287 2696 406 2757 πολλάκις
425 2691 593 2763 η’ναγκάοθην
616 2697 699 2765 φῆσαι
715 2694 759 2752 διά
776 2694 823 2762 τῆν
842 2698 893 2748 τῶν
910 2692 1080 2762 η’πατημένων
1104 2692 1229 2763 ἀγνωσίαν
1243 2695 1290 2764 Gn
1307 2696 1448 2746 restituen-

287 2780 347 2831 dum
363 2782 414 2849 est)
437 2781 487 2834 τῶν
504 2775 637 2849 α’ντιλέγειν
659 2781 807 2849 τολμώντων
823 2781 857 2849 τῆ
871 2783 922 2834 τῶν
939 2775 1092 2847 ευάγγελίων
1109 2778 1227 2851 άκριβοίᾳ
1241 2783 1274 2850 τῆ
1288 2777 1337 2835 ύπό
1353 2783 1399 2835 τοῦ
1414 2778 1448 2835 ά-

287 2865 343 2935 γίου
358 2863 502 2933 πνεύματος
516 2862 663 2927 άκολούθως
677 2865 820 2934 έκτεθείοη.
855 2860 913 2919 Ούκ
929 2863 1000 2919 έάοει
1015 2862 1064 2932 γάρ
1080 2863 1165 2934 χώραν
1178 2862 1198 2935 ῆ
1212 2865 1324 2932 τοσαύτη
1339 2861 1452 2936 άκριβῆς

287 2946 417 3014 ἀπόδειξις
434 2957 487 3011 τοῖς
503 2950 696 3020 ἐναντιουμένοις
711 2951 817 3011 ἑαυτοῖς.
852 2945 893 3003 Ού
908 2948 958 3017 γάρ
975 2950 1053 3018 λέγων
1069 2951 1125 3018 (οἱα)
1142 2952 1177 3020 τῆ
1193 2946 1322 3022 άληθείᾳ,
1339 2950 1395 3004 έπεί
1409 2950 1451 3018 μῆ

287 3035 442 3092 δεδύνανται
477 3037 597 3090 Δελοῦται
619 3035 668 3104 γάρ
688 3031 728 3090 ὅτι
743 3032 795 3090 άπὸ
810 3038 854 3089 τοῦ
871 3035 1043 3104 βαπτίσματος
1057 3032 1077 3102 ῆ
1093 3029 1161 3103 α’ργῆ
1185 3035 1234 3102 τῆς
1258 3039 1347 3104 λοιπῆς
1363 3054 1450 3103 πραγ-

287 3121 394 3190 ματείας
412 3122 518 3190 γέγονεν.
553 3116 632 3174 Οῦτω
652 3119 701 3188 γάρ
725 3121 851 3175 δείκνυται
870 3116 907 3181 οῦς
922 3116 937 3175 ὁ
955 3118 1041 3186 κύριος
1057 3115 1121 3186 μετά
1144 3116 1191 3185 τῆν
1214 3117 1316 3187 η’μέραν
1338 3120 1382 3174 τοῦ
1399 3124 1450 3189 βα-

286 3206 427 3274 πτίσματος
442 3205 467 3259 έν
481 3206 519 3276 τῷ
537 3206 593 3274 (sic)
611 3205 699 3273 γέγονε
714 3208 765 3259 τῶν
780 3202 972 3274 τεσσαράκοντα
987 3201 1091 3272 ῆμεριῦν
1106 3202 1132 3256 έν
1148 3205 1182 3272 τῆ
1204 3203 1311 3274 έρῆμῳ,
1337 3204 1396 3271 περί
1413 3195 1451 3258 οἷν

288 3292 337 3359 (εἰσ
355 3290 536 3343 restituendum
552 3292 578 3341 in
595 3291 682 3359 editis)
705 3291 743 3359 τῷ
765 3290 888 3358 πνεύματι
903 3292 941 3360 τῷ
958 3286 1026 3359 άγίῳ
1040 3285 1084 3344 διά
1099 3283 1218 3342 Ἰωάννου
1237 3286 1267 3343 ού
1282 3287 1453 3357 πεφρύνισται

288 3375 409 3445 σημαίνοι.
439 3370 514 3444 Ἤδη
532 3375 581 3444 γάρ
598 3367 631 3444 ῆν
648 3373 780 3430 τοῦτοδιὰ
797 3376 848 3430 τιῦν
864 3378 939 3442 τριιῦν
957 3372 1141 3443 εύαγγελιστιῦν
1160 3373 1289 3442 οημανθίν
1306 3376 1360 3427 κτλ.

354 3463 435 3535 m.
448 3463 502 3518 78.
534 3462 603 3514 1.11.
630 3455 679 3515 άπὸ
696 3459 804 3516 ἑκάστου
822 3459 1042 3530 βοηθεῖσθαι.καί
1065 3457 1114 3527 γάρ
1130 3456 1199 3525 παρά
1215 3457 1319 3513 πάντων
1331 3461 1395 3510 Veu.
1414 3489 1451 3500 -

286 3546 354 3599 1.15.
373 3541 459 3608 ὅντως.
493 3547 527 3600 K.
545 3546 597 3616 έρχ.
613 3544 676 3612 πρὸς
691 3545 733 3600 τὸν
746 3541 865 3614 Ἰωάννην
880 3548 942 3599 Ven.
957 3575 989 3585 -
1022 3545 1090 3599 l.17.
1109 3541 1131 3606 ὅ,
1150 3555 1209 3595 ante
1224 3541 1375 3611 Νοθαναῆλ,
1396 3561 1451 3596 om.

286 3633 350 3686 Ven.
367 3663 401 3673 -
435 3633 452 3684 Ι.
466 3632 503 3686 18.
528 3632 627 3698 πρῶτος
649 3632 732 3700 παρῆν
748 3630 807 3686 τότε
823 3633 861 3702 τῷ
877 3627 966 3698 Ἰησοῦ
980 3632 1042 3683 Ven.
1062 3657 1093 3668 —
1128 3628 1145 3680 l.
1157 3630 1198 3682 20.
1222 3625 1328 3698 ’Δνδρέᾳ
1349 3627 1452 3700 πραίτῳ

286 3735 352 3786 γιγ,
370 3718 510 3786 μικροτέρῳ
527 3711 580 3771 ύντι
596 3718 659 3767 Ven.
673 3745 704 3756 -
740 3717 808 3770 122.
826 3713 874 3771 άτιά
892 3717 991 3784 Πέτρου
1007 3708 1241 3784 γέγονε.άρηγιῖτο
1256 3712 1304 3781 γάρ
1318 3713 1363 3766 τοῦ
1383 3713 1452 3768 ίδίον

287 3799 340 3870 οἶδ,
358 3803 402 3857 καί
418 3797 459 3857 ’ὅτι
473 3800 503 3857 δὲ
517 3799 583 3856 κατά
598 3802 671 3856 τοῦτο
687 3803 796 3854 Vem-
830 3802 848 3853 l.
859 3800 899 3855 26·
919 3797 956 3863 οῦς
968 3801 1095 3870 πανταχοῦ
1115 3802 1206 3867 σαφῶς
1222 3800 1284 3850 Ven.
1304 3826 1336 3838 -
1372 3798 1389 3849 1.
1402 3799 1449 3854 27.

291 3884 376 3943 αύτιῦν
393 3906 442 3941 om
460 3890 523 3939 Ven.
559 3887 627 3938 Idem
642 3887 717 3955 paulo
731 3897 788 3955 post
803 3905 858 3939 oum
873 3887 939 3955 vulg.
954 3890 988 3957 τῆ
1005 3885 1117 3955 δευτέρᾳ.
1134 3913 1169 3924 --
1202 3884 1220 3934 Ι.
1232 3883 1257 3938 7.
1274 3883 1305 3934 ab
1320 3883 1367 3934 inf.
1386 3878 1451 3938 οῦτε

286 3975 333 4028 τοῦ
350 3969 482 4040 Ἰωάννου,
510 3967 568 4027 ούτε
586 3972 629 4025 τοῦ
644 3967 708 4026 Ἰακ
736 3972 817 4042 (qnod
840 3972 1020 4024 restituendum
1043 3973 1109 4039 σοι),
1135 3965 1199 4024 άλλοί
1216 3971 1266 4022 τῶν
1278 3966 1336 4035 περὶ
1348 3968 1451 4023 Ναθα-

202 4085 204 4087 ·
288 4056 354 4127 ναῆλ
371 4059 415 4113 καὶ
431 4059 553 4113 Φίλιππον
568 4057 612 4111 καί
625 4052 707 4111 ἄλλων
724 4059 810 4121 τινών,
830 4053 867 4118 οῦς
882 4057 937 4113 έστι
952 4055 1075 4118 συνιέναι,
1093 4055 1154 4123 ἑξῆς
1171 4051 1254 4108 λοιπῦν
1271 4051 1336 4122 μετά
1351 4051 1382 4107 τὸ
1399 4053 1451 4108 έλ-

286 4148 340 4201 θεῖν
358 4140 435 4200 αύτόν
460 4143 497 4205 είς
511 4141 687 4212 Καφαρναούμ
703 4162 727 4197 κ.
748 4139 833 4197 άνελθ.
849 4160 876 4197 π.
894 4143 932 4204 είς
948 4139 1071 4209 Ναζαρὲθ
1092 4139 1309 4206 (inconstanter)
1326 4139 1391 4189 Ven.
1412 4169 1451 4182 -

285 4229 336 4282 λδ.
352 4231 384 4281 ab
398 4230 445 4281 ἰοί.
464 4229 578 4297 σημείων
594 4224 703 4295 ἀνῆλθεν
720 4226 792 4283 πάλιν
809 4227 845 4289 είς
859 4226 993 4296 Ναζαρὲθ,
1010 4226 1056 4281 καί
1072 4220 1167 4292 α’νέγνω
1183 4222 1212 4279 τύ
1228 4222 1319 4294 βιβλίον
1332 4219 1451 4280 Ἠσαίου

286 4315 389 4383 (τίουσαι
409 4315 485 4367 verba
500 4315 545 4367 τοῦ
561 4311 607 4381 τῆν
623 4312 700 4382 ξηράν
714 4342 748 4354 —-
762 4311 809 4383 τῆν
825 4314 904 4382 ἴασιν)
921 4309 1065 4382 προφῆτιν,
1091 4304 1150 4365 ὅθεν
1166 4309 1248 4378 λέγει,
1271 4308 1380 4376 Πνεῦμα
1395 4329 1452 4365 κυ-

287 4399 340 4467 ρίου
356 4396 395 4454 έπ’
411 4399 473 4468 έμί,
500 4390 530 4454 ού
543 4399 637 4453 εἵνεκεν
655 4398 751 4469 έγριοέν
768 4416 814 4467 με,
840 4393 1057 4466 εύαγγελίοασθαι
1082 4400 1208 4465 πτωχοῖς,
1233 4393 1277 4448 καί
1292 4393 1362 4461 ίξῆς.
1392 4384 1451 4452 Ἠν

286 4481 317 4539 δὶ
333 4483 397 4551 μετὰ
411 4483 458 4553 τῆν
472 4480 571 4552 ῆμέραν
587 4485 638 4538 τῶν
653 4481 810 4553 Έπιφανίων
832 4486 906 4539 τοῦτο
927 4481 1056 4553 γινόμενον
1076 4477 1142 4550 μετά
1166 4477 1267 4548 η’μέρας
1289 4478 1375 4548 τινάς,
1401 4482 1453 4537 καί

286 4568 352 4638 μετά
366 4568 395 4625 τδ
410 4572 587 4640 παραδοθῆναι
609 4568 652 4625 τὸν
666 4565 789 4639 Ἰωάννην
804 4568 935 4626 κατελθών
951 4568 1025 4626 πάλιν
1043 4565 1081 4630 εἰς
1093 4563 1271 4635 Καφαρναούμ
1293 4564 1378 4622 λοιπὸν
1394 4587 1450 4623 κα-
