3096 5070
373 265 508 319 ennean
526 265 589 316 era
609 266 653 316 ιιι.
671 265 751 319 rom.
768 266 788 316 1.
807 264 906 317 usus.
923 264 1042 318 cxxvi
1212 251 1293 319 239·

126 384 191 448 eine
213 382 271 447 ullo
295 383 354 448 boe
376 384 544 468 dignitatem
568 405 648 449 suam
674 384 806 464 obtinet,
841 383 946 449 nullam
969 383 1007 447 ob
1034 382 1119 449 aliem
1142 404 1275 450 caussam

128 505 211 570 quam
227 487 303 570 quod
319 506 372 572 per
382 507 450 550 sese
467 487 539 549 deus
554 507 587 549 ac
600 507 653 572 per
665 507 733 550 sese
744 486 940 572 sempiternus
951 496 1008 564 est,
1029 486 1118 570 igitur
1133 499 1164 549 et
1178 486 1277 571 genita

127 586 243 653 soboles
257 587 514 652 consubstantialis
531 589 605 665 erit,
634 609 698 651 eum
718 587 911 652 indesinentis
929 588 980 650 abs
999 599 1027 650 te
1044 608 1150 651 nomeu
1166 587 1208 651 illi
1224 587 1277 651 tri·

126 689 247 770 bustum
272 689 510 774 quemadmodum
527 690 630 753 callide
645 712 680 753 ao
703 691 881 754 veteratorie
905 690 965 753 lilio
985 689 1155 773 gratificans
1173 689 1279 774 proba·

125 791 223 857 biliter
236 793 271 855 de
286 792 351 856 eius
370 802 475 856 natura
490 791 656 876 disputasti.
692 789 783 855 Dubis
800 793 854 855 boc
873 792 974 876 igitur,
999 791 1046 854 vel
1062 792 1171 855 invitus
1187 800 1220 854 ut
1233 789 1278 854 ia·

124 892 238 957 licitum
251 891 319 957 illud
337 904 367 956 et
382 894 675 978 incomprehensibile
693 914 797 958 nomen
811 893 1003 959 indesinentis
1019 893 1137 957 omuino
1152 896 1276 963 latenre-

124 994 174 1063 Au
187 980 245 1059 obn
263 995 351 1080 igitur
367 996 622 1060 consubstantialis
640 996 716 1059 erit?
739 994 865 1078 Quando
881 994 921 1058 ita
940 995 1030 1059 ioceri
1046 997 1129 1061 visus
1146 1016 1190 1076 es,
1209 996 1276 1060 dum

124 1096 269 1179 sacrilega
290 1098 484 1182 appellatione
502 1098 618 1162 veritati
637 1098 760 1162 illudere
778 1107 900 1161 conatus
923 1118 975 1176 es,
1006 1097 1047 1162 ita
1064 1108 1161 1161 tamen
1180 1108 1211 1160 ut
1228 1096 1276 1162 illa

123 1198 199 1285 ipsa,
224 1199 327 1283 quibus
345 1221 415 1264 usus
433 1220 485 1279 es,
511 1210 538 1263 te
557 1199 649 1263 verba
663 1201 851 1284 redarguant.
896 1199 959 1261 Aut
973 1198 1050 1262 enim
1064 1200 1148 1263 linem
1167 1199 1274 1263 babere

123 1310 236 1365 statues
255 1301 333 1364 illum
358 1322 442 1386 quem
459 1321 511 1387 per
528 1323 669 1365 summam
695 1301 899 1365 contumeliam
915 1286 1085 1365 'substantia
1108 1302 1276 1387 discrepare

124 1403 266 1481 voluisti,
290 1416 358 1482 aut,
381 1404 406 1467 si
423 1426 568 1489 nunquam
591 1405 726 1469 desinere
744 1403 872 1482 sentias,
904 1404 1026 1466 eundem
1047 1403 1124 1468 nulla
1140 1425 1178 1467 ex
1194 1416 1277 1488 parte

126 1516 284 1585 mutatum,
318 1516 369 1570 aut
391 1507 538 1571 diversum
556 1507 592 1570 ab
610 1506 803 1571 indesinentis
819 1505 897 1568 illius
914 1506 1055 1591 dignitate
1079 1504 1207 1591 profiteri
1226 1526 1276 1568 eo·

127 1605 216 1691 geris.
260 1598 366 1692 Neque
385 1608 461 1671 enim
481 1609 591 1671 veritas
614 1609 723 1692 patitur
741 1609 781 1671 uti
806 1609 880 1671 lilius
901 1609 986 1670 linem
1013 1629 1138 1692 unquam
1163 1606 1276 1673 babitu·

126 1729 177 1775 rue
193 1709 388 1775 existimetur.
436 1714 571 1789 Quom'om
588 1715 792 1792 regnr'a'psr'us,
824 1711 865 1773 ait
889 1711 1053 1796 scriptura,
1086 1732 1142 1771 non
1159 1714 1217 1771 erit
1230 1710 1275 1790 st·
1295 1725 1428 1783 buente

126 1815 188 1888 ⁸⁸32·
210 1832 247 1876 eo
264 1814 339 1896 quod
358 1833 422 1875 cum
443 1826 576 1897 petreae
594 1813 698 1898 spiritu
716 1821 819 1875 sancto
836 1822 977 1897 perpetuo
996 1823 1111 1895 regnet.
1156 1808 1277 1874 Etenim

127 1913 257 1998 quioquid
283 1913 394 2003 ipitium
422 1913 524 1992 babet,
561 1915 646 1977 linem
671 1913 757 1977 etiam
787 1912 921 1992 babebit,
954 1914 980 1977 si
1000 1915 1027 1976 ei
1048 1912 1166 1976 libuerit
1183 1913 1230 1997 qui
1248 1912 1275 1977 ei

125 2017 198 2103 quod
214 2015 328 2079 initium
354 2016 461 2078 babere
479 2016 585 2080 dieitur
600 2028 632 2079 ut
649 2026 729 2080 esset
746 2015 856 2079 tribuit.
903 2013 988 2097 Quod
1012 2015 1125 2099 quidem
1146 2036 1210 2078 eum
1228 2036 1277 2080 ee-

124 2118 197 2182 teris
213 2118 242 2181 in
261 2118 350 2182 rebus
368 2139 469 2181 verum
488 2119 542 2195 sit,
575 2118 631 2181 diei
650 2119 685 2181 de
704 2119 763 2182 filio
780 2140 838 2181 non
862 2128 968 2202 potest.
1015 2116 1071 2180 Est
1090 2120 1166 2184 enim
1185 2121 1221 2185 ab
1240 2142 1276 2185 eo

123 2240 241 2305 semper
257 2220 304 2304 qui
322 2230 384 2298 est,
409 2230 438 2282 et
454 2220 527 2307 apud
546 2223 687 2299 eundem,
714 2243 768 2285 nec
786 2242 911 2305 unquam
929 2241 995 2284 esse
1013 2221 1130 2286 desiuit.
1176 2220 1276 2306 Quare

122 2331 154 2387 et
179 2322 437 2386 consubstantialis
462 2334 545 2400 etet,
579 2333 609 2385 et
632 2332 692 2400 est,
725 2323 837 2408 eritque
863 2334 1020 2409 perpetuo,
1054 2325 1136 2388 solus
1159 2346 1176 2388 e
1196 2328 1274 2406 solo,

123 2443 178 2489 uec
197 2423 256 2488 ulla
280 2423 310 2487 iu
327 2445 359 2488 re
378 2425 413 2487 ab
430 2423 507 2488 illius
530 2425 695 2488 substantia
721 2426 867 2490 diversus.
914 2423 974 2507 Sed
994 2444 1047 2510 pro
1066 2427 1214 2491 nominum
1232 2429 1275 2491 di·

122 2525 235 2609 guitute
252 2526 388 2590 divinitas
408 2527 437 2590 iu
455 2526 606 2590 identitate
626 2539 817 2610 perseveret,
852 2549 909 2591 noo
934 2529 991 2591 ulla
1015 2528 1188 2592 contusione
1208 2551 1275 2593 eoe-

121 2626 255 2707 lemene,
280 2649 374 2712 neque
391 2627 534 2714 sibiipsi,
560 2629 640 2693 velut
654 2629 825 2713 principium
845 2631 1000 2714 quoddam,
1026 2641 1057 2693 ut
1074 2630 1113 2693 sit
1129 2629 1273 2710 tribuens,

123 2750 219 2815 neque
244 2729 397 2814 quicquam
422 2733 467 2795 sui
493 2731 632 2795 dissimile
657 2732 685 2793 iu
703 2732 829 2814 seipsam
857 2732 1024 2799 admittens.
1070 2728 1155 2814 Quae
1178 2745 1208 2797 et
1229 2748 1275 2798 est

123 2850 257 2918 semper,
289 2842 319 2895 et
336 2853 402 2896 esse
420 2855 566 2917 unusquam
587 2832 710 2912 desinit,
742 2833 869 2919 sibiipsi
888 2835 1084 2914 conveniens,
1120 2836 1149 2898 iu
1169 2836 1276 2919 sempi-

125 2942 206 3009 terna
229 2933 371 3018 dignitate
387 2936 477 3020 patris
496 2936 651 3014 anutium,
680 2934 731 2999 lilii
745 2936 781 2999 ad
797 2947 924 3021 patrem,
960 2936 1054 3000 sancti
1072 2937 1191 3022 spiritus
1209 2959 1275 3002 eum

125 3044 223 3119 petre,
257 3047 287 3100 et
302 3036 363 3101 salio
385 3038 449 3101 siue
472 3038 529 3102 ulla
553 3038 765 3122 interruptione
784 3038 962 3103 consistens.
1008 3036 1114 3123 Neque
1133 3040 1209 3104 enim
1227 3061 1275 3105 se·

126 3137 266 3225 cumipse
285 3140 446 3226 comparari
468 3140 583 3204 trinitas
604 3150 719 3226 potest,
752 3160 826 3224 quae
845 3161 960 3204 omnem
985 3141 1132 3226 diguitatis
1156 3144 1276 3208 divisio·

125 3259 193 3305 uem
215 3243 338 3328 respuit.

206 3341 287 3409 Aetli
306 3341 403 3430 Caput
418 3342 457 3407 V.
490 3343 523 3409 Si
539 3344 686 3430 ingenitus
702 3344 865 3410 substantia
881 3346 952 3410 deus
968 3357 1031 3425 est,
1055 3346 1130 3431 quod
1145 3344 1274 3430 genitum

125 3454 245 3533 estnon
262 3447 451 3511 distractione
477 3448 597 3531 quadam
620 3448 800 3513 substantiae
823 3449 951 3533 genitum
976 3458 1038 3526 est,
1070 3449 1121 3512 sed
1145 3447 1181 3510 ab
1206 3446 1274 3510 sub·

122 3547 249 3627 euntia,
281 3571 368 3633 aqua
388 3549 557 3634 productum
576 3561 639 3628 est,
674 3552 815 3615 manavit.
860 3550 974 3636 Quippe
998 3550 1119 3640 eandem
1139 3549 1275 3613 substan·

123 3648 191 3714 tiam
214 3651 342 3735 genitam
368 3649 454 3713 simul
477 3660 506 3712 et
528 3650 686 3733 ingenitam
710 3675 776 3718 esse
800 3652 879 3717 nulla
900 3675 964 3718 eum
988 3653 1096 3738 pietate
1119 3650 1275 3715 coniuncta

122 3753 198 3817 ratio
221 3754 338 3839 patitur.

207 3852 329 3919 Conlut.
348 3852 388 3917 V.
414 3852 633 3938 Saepenumero
649 3855 721 3918 baec
736 3856 857 3940 ingeniti
867 3856 1016 3940 genitique
1031 3853 1172 3918 vocabula
1189 3854 1273 3918 uobis

123 3952 292 4034 obtrusisti‚
323 3957 367 4019 dei
386 3976 492 4018 nomen
510 3954 672 4018 insolenter
688 3956 839 4035 iactitans,
863 3978 928 4021 uum
945 3958 974 4021 in
1001 3958 1078 4020 omni
1094 3977 1204 4040 genere
1221 3957 1273 4021 im·

121 4056 274 4142 probitatis
291 4059 488 4144 consepultam
505 4069 631 4121 mentem
646 4058 766 4121 babens.
792 4057 831 4121 Et
845 4058 958 4142 quidem
975 4059 1044 4123 illud
1058 4060 1198 4144 indigenti
1213 4061 1274 4124 eui·

121 4224 196 4278 finem
212 4243 297 4278 eorum
313 4227 355 4296 qui
372 4245 386 4278 a
401 4237 427 4278 te
440 4227 593 4307 blasphemie
609 4194 682 4296 petiti
713 4232 789 4292 peine.

121 4304 189 4356 eunt,
207 4295 275 4347 velut
286 4295 408 4347 diversam
422 4295 552 4346 essentiam
565 4295 680 4351 babeeub
748 4296 772 4349 9.
791 4298 865 4347 Verbo
878 4294 922 4348 >tad
935 4293 989 4350 dost
1003 4298 1164 4350 desiderantur
1180 4301 1204 4351 la
1219 4299 1272 4351 edil.

155 4362 179 4415 7.
205 4362 253 4417 nori
274 4380 318 4428 pro
333 4364 382 4419 πᾶν
397 4368 483 4416 estut
475 4379 499 4416 tn
515 4370 610 4428 meoque
625 4367 684 4416 libro
717 4367 798 4417 Pelea.
819 4366 899 4414 Coton.
916 4370 986 4428 repet.

710 4436 783 4486 ..10
802 4429 939 4500 συιαλιφήν
949 4435 1017 4485 codd
1029 4448 1085 4488 m
1095 4440 1117 4487 et
1127 4437 1182 4488 edit
1194 4438 1270 4501 prtne.

154 4501 180 4550 8.
212 4498 398 4570 τιαρισχημένος
425 4478 492 4554 eadat
517 4514 573 4552 mse.
599 4506 620 4552 et
643 4503 679 4554 ert
714 4486 823 4570 (abque)
842 4496 992 4570 sumtuum
1008 4503 1063 4557 edit.
1078 4505 1161 4581 ξιισυ.

1081 4612 1101 4647 Ἃ
