3096 5070
293 277 356 342 ³70
716 289 841 342 οιοοτι
858 289 1028 342 τειειιιιιιι

244 469 246 472 .
293 408 414 490 τευχέων
433 403 489 491 γάρ
514 403 665 491 γενόμενοι
686 415 748 481 τοῖς
771 404 974 490 θάκραίμοσιν
997 403 1096 470 αὑτῶν
1122 403 1390 488 συντετυχήκαμεν,
1422 410 1457 474 ἐν

294 506 340 585 οές
355 510 406 574 καί
426 507 563 584 Βιτάλιος
587 505 784 586 όέπίσκοπος
811 506 956 592 ὑπῆρχεν,
988 505 1194 590 εόλαβέστατος
1218 505 1292 591 α’νηρ
1319 516 1360 596 τῷ
1386 513 1457 598 βίω,

292 613 345 678 καλ
365 618 402 701 τῇ
424 609 615 688 καταστάσει,
650 613 702 676 καλ
724 619 760 700 τῇ
786 617 926 699 πολιτείᾳ.
967 609 1123 696 Ἐλέγομεν
1149 611 1181 674 δέ
1206 609 1458 692 συμβουλεύοντες

292 716 344 780 καί
368 720 607 799 παρακαλοῦντες
630 721 826 795 συμφωνῆσαι
851 721 888 803 τῇ
911 718 1007 778 πίστει
1028 720 1082 795 τῆς
1106 709 1190 798 άγίας
1214 715 1381 794 ἐκκλησίας,
1404 716 1458 780 καί

294 819 378 884 ἐάσαι
393 815 426 881 τό
442 815 611 896 φιλόνεικον
629 818 718 899 ῥῆμα.
761 813 795 880 ‘0
816 816 848 881 δέ
865 815 1002 892 Βιτάλιος
1019 817 1112 900 ἔλεγε,
1140 820 1174 878 Τί
1189 814 1245 900 γάρ
1261 817 1321 880 ἐστι
1334 814 1368 881 τό
1384 813 1457 882 άνα·

294 921 385 1004 μέσον
408 916 510 1002 ἡμάνς
555 913 628 1000 Εἶχε
647 916 702 1003 γάρ
724 910 814 993 οὑτος
839 917 993 983 διάστασιν
1017 916 1094 1002 πρός
1109 916 1261 999 αίδέσιμόν
1278 944 1343 983 τινα
1360 917 1458 1004 άνδρα

292 1025 344 1088 καί
361 1024 522 1104 ἐπίσημον,
547 1028 699 1086 Παυλῖνον
713 1019 765 1085 τόν
780 1022 957 1098 ἐπίσκοπον,
980 1021 1031 1084 καλ
1052 1026 1203 1096 Παυλῖνος
1218 1019 1294 1104 πρός
1309 1020 1361 1086 τόν
1377 1025 1458 1106 είρη-

293 1126 384 1207 μένον
400 1125 553 1203 Βιτάλιον,
583 1120 635 1204 ὑφ’
655 1119 742 1205 ἡμῶν
757 1124 986 1205 μετακληθέντα.
1031 1120 1213 1203 Βαυλόμενοι
1235 1128 1336 1188 τοίνυν
1354 1123 1458 1206 άμφο-

292 1229 397 1312 τέρους
410 1231 451 1304 είς
467 1225 587 1311 εἰρήνην
601 1225 781 1307 συμβιβάσαι
791 1277 799 1305 ,
820 1265 859 1277 -—
884 1222 1048 1309 άμφότεροι
1067 1223 1122 1310 γάρ
1141 1224 1268 1290 ἐδόκουν
1286 1223 1458 1312 όρθόδοξον

292 1333 391 1396 πίστιν
410 1328 579 1415 κηρύττειν,
609 1330 660 1392 καί
683 1330 807 1404 ἕκαστος
836 1326 990 1392 διάστασιν
1012 1323 1069 1409 εἶχε
1087 1325 1139 1392 διά
1158 1354 1222 1394 τινα
1241 1327 1405 1412 πρόφασιν·
1439 1325 1458 1395 ό

292 1432 346 1515 μέν
361 1429 417 1518 γάρ
433 1430 568 1506 Βιτάλιος
590 1434 731 1519 Παυλίνῳ
752 1432 893 1513 ἐπέφερεν
909 1427 950 1505 τίς
975 1432 1042 1514 περλ
1059 1433 1221 1511 Σαβελλίου
1240 1429 1385 1513 όνόματος
1402 1433 1458 1516 ρη-

293 1560 347 1618 μα·
371 1532 418 1599 διό
444 1535 633 1619 8γενομένων
657 1529 759 1615 ἡμῶν,
790 1534 990 1616 ἐπεσχέθημεν
1011 1540 1064 1614 τῆς
1081 1530 1158 1616 πρός
1176 1531 1397 1598 τόνΠαυλῑνον
1411 1558 1456 1598 τε·

292 1640 371 1712 λείας
388 1640 559 1714 κοινωνίας,
588 1636 643 1710 ἕως
667 1634 715 1700 ὅτε
732 1633 805 1718 μετά
821 1637 969 1710 ἐκθέσεως
985 1631 1064 1718 ὑμᾶς
1082 1634 1235 1720 ἐγγράφου
1258 1638 1388 1714 ἔπεισεν,
1418 1628 1456 1719 ἧς

158 1783 213 1830 m,
224 1769 281 1818 101⁵.
295 1735 355 1822 ἤδη
369 1736 515 1824 πρότερον
529 1734 689 1823 α’πολαγίας
705 1736 791 1821 χάριν
810 1738 886 1823 πρός
904 1736 956 1802 τόν
971 1742 1136 1821 μακαρίτην
1154 1735 1336 1804 ’Λθανάσιον
1351 1738 1456 1822 ἐποιή-

293 1862 364 1908 σατο
382 1840 445 1924 τήν
459 1841 685 1926 συγκατάθεσιν.
731 1839 921 1925 Πραςήνεγκε
945 1838 999 1925 γάρ
1025 1843 1076 1904 καί
1093 1841 1240 1905 ἐπέδωκεν
1254 1837 1326 1924 ἡμῖν
1345 1839 1458 1923 ταότης

293 1942 327 2010 τό
345 1941 527 2029 άντίγραφον
550 1940 618 2026 μεθ’
642 1939 823 2028 ὑπογραφῆς
846 1949 951 2022 σαφμῖς
974 1944 1043 2027 περὶ
1058 1942 1179 2025 τριάδος
1195 1944 1262 2026 έχων
1279 1940 1373 2026 όμοῦ,
1403 1945 1456 2008 καί

293 2049 362 2132 περὶ
383 2053 439 2112 νοῦ
456 2053 509 2128 τῆς
531 2053 585 2111 τοῦ
604 2051 737 2131 Χριστοῦ
755 2045 1025 2128 ἐνανθρωπήσεως,
1055 2046 1128 2129 χειρί
1147 2044 1241 2110 αὑτοῦ
1259 2053 1313 2111 τοῦ
1329 2049 1452 2128 μακαρί·

291 2174 346 2216 τον
358 2147 470 2237 πατρός
482 2145 567 2232 ἡμῶν
577 2147 776 2227 ’Λθανασίου,
797 2146 834 2230 ἣν
849 2149 968 2212 έκθεσιν
980 2149 1182 2224 καθυπέταξα.
1227 2149 1287 2213 Kal
1299 2149 1376 2212 ἐστιν
1387 2145 1449 2228 ἥδε.

407 2641 643 2698 ΔΝΤΙΓΡΔΦΟΝ
661 2642 800 2696 ΧΕΙΡΟΣ
818 2642 915 2696 ΠΔΥΛ
921 2641 1006 2696 [ΝΟΥ
1023 2642 1096 2696 ΤΟΥ
1112 2636 1337 2697 ΕΠῙΣΚΟΠΟΥ.

152 2777 221 2850 Κεφ.
233 2774 283 2850 νβ’.
375 2760 455 2845 Ἐγοδ
483 2768 634 2837 Παυλῖνος
656 2788 672 2828 ο
665 2757 919 2854 ἐπίσκοπος“
881 2786 978 2837 ουτως
1002 2765 1122 2846 φρονῶ,
1155 2756 1260 2834 καθός
1283 2756 1453 2838 παρέλαβον

256 2861 355 2930 άπό
373 2890 432 2929 των
451 2862 643 2948 πατέρων,”
625 2890 696 2929 οντα
714 2860 802 2928 καλ’
782 2885 938 2943 υφεστωτα
957 2866 1070 2948 πατέρα
1084 2864 1209 2941 τέλειον,
1231 2855 1317 2926 καί
1297 2863 1452 2938 υφεστάτιι

293 2964 363 3032 υίόν
377 2967 503 3045 τέλειον,
526 2963 613 3031 καλ’
594 2965 729 3047 υφεστός
746 2966 779 3032 τό
798 2973 915 3048 πνεῦμα
931 2965 964 3032 τό
977 2965 1063 3052 άγιον
1077 2967 1194 3030 τέλειον.
1238 2959 1295 3027 Διό
1309 2957 1392 3025 κάλ’
1377 2983 1451 3024 απο·

295 3071 415 3152 δέχομαι
437 3095 492 3150 την
508 3070 769 3155 προγεγραμμένην
788 3070 944 3154 ἐρμηνείαν
963 3070 1050 3151 1περι
1069 3074 1128 3132 τάν
1143 3072 1234 3151 τριῶν
1249 3058 1453 3139 ὑποστάσεων,

293 3173 346 3237 καλ
360 3177 413 3253 τῆς
431 3176 502 3253 μιᾶς
519 3167 725 3250 ὑποστάσεως,
757 3169 822 3254 ἤτοι
837 3169 958 3249 οὐσίας,
988 3172 1039 3235 καλ
1056 3168 1126 3245 τοὺς
1142 3175 1328 3254 φρονοῦντας
1348 3163 1453 3240 οὑτως.

295 3273 429 3356 Εὑσεβές
451 3270 508 3357 γάρ
532 3275 590 3357 ἐστι
612 3282 735 3359 φρονεῖν
756 3275 807 3337 καί
824 3269 976 3357 όμολογεῖν
997 3272 1051 3355 τήν
1068 3269 1173 3358 τριάδα
1193 3272 1225 3336 ἐν
1248 3274 1304 3358 μιᾷ
1322 3265 1454 3349 θεότητι.

295 3378 357 3441 Καί
372 3377 441 3461 περὶ
456 3382 509 3458 τῆς
527 3375 783 3460 ἐνανθρωπήσεως
805 3383 858 3457 τῆς
877 3371 914 3440 δι’
928 3371 1007 3457 ἡμᾶς
1029 3375 1187 3459 γενομένης
1210 3378 1264 3438 τοῦ
1285 3370 1375 3457 λόγου
1397 3375 1454 3434 τοῦ

294 3476 407 3565 πατρός
430 3476 509 3544 οὑτω
533 3485 637 3564 φρονεῖ
659 3476 766 3554 καθείς
788 3478 1022 3562 προγέγραπται,
1053 3475 1099 3542 ότι
1119 3472 1194 3542 κατά
1211 3471 1264 3539 τόν
1276 3467 1456 3555 Ἰωάννηνό

293 3579 380 3666 λόγος
402 3579 475 3665 σάρξ
490 3581 613 3664 ἐγένετο.
660 3578 704 3644 Οὐ
723 3577 779 3665 γάρ
797 3577 873 3644 κατά
894 3578 964 3655 τοὺς
985 3577 1198 3661 άσεβεστάτους
1221 3574 1291 3652 τοὺς
1315 3577 1457 3661 λέγοντας

295 3681 459 3766 μεταβολὴν
475 3680 568 3747 αὐτόν
583 3684 778 3759 πεπονθέναι,
799 3679 860 3748 ἀλλ’
878 3679 923 3747 ότι
939 3679 976 3746 δι’
994 3679 1074 3764 ἡμᾶς
1090 3679 1254 3764 ἄνθρωπος
1269 3679 1397 3764 γέγονεν,
1420 3677 1457 3741 ἐκ

294 3809 325 3849 τε
340 3789 392 3868 τῆς
408 3781 494 3870 άγίας
511 3786 665 3869 παρθένου
680 3787 732 3849 καλ
752 3781 839 3869 δγίου
858 3782 1023 3868 πνεύματος
1039 3787 1201 3869 γεννηθείς.
1249 3778 1325 3846 Οὑτε
1342 3776 1398 3865 γάρ
1420 3774 1458 3843 δι’·

295 3903 412 3972 ψυχον,
435 3885 503 3952 οὑτε
525 3885 727 3970 άναισθητδν,
749 3884 817 3953 οὔτε
839 3885 965 3969 άνόηταν
987 3893 1071 3969 σῶμα
1093 3883 1167 3970 είγεν
1189 3882 1207 3951 ό
1227 3884 1334 3968 σωτήρ.

384 4076 471 4139 ἐΚαλ
492 4076 523 4141 ἐν
546 4080 581 4164 τῇ
601 4076 675 4157 χειρί
695 4079 748 4139 τοῦ
770 4072 934 4140 ἐπισκόπου
952 4072 1146 4139 Ἀθανασίου.

385 4177 431 4242 Οὑ
446 4174 501 4264 γάρ
517 4174 583 4244 οέόν
597 4202 628 4242 τε
641 4169 680 4260 ἦν
692 4184 745 4242 τοῦ
761 4181 868 4262 κυρίου
882 4174 1049 4260 άνθροόπου
1063 4173 1101 4241 δι’
1115 4173 1194 4259 ἡμᾶς
1209 4173 1368 4259 γενομένου
1384 4167 1460 4236 ιἰνό·

256 4301 257 4304 ’
295 4305 367 4364 ητον
385 4279 480 4346 αὑτοῦ
495 4277 568 4345 εἶναι
592 4277 625 4344 τδ
643 4286 736 4362 σῶμα.
770 4277 868 4343 Ὅθεν
883 4277 1086 4362 άναθεματίζω
1110 4277 1180 4355 τοὺς
1201 4277 1385 4351 ἇθετοῦντας
1400 4271 1460 4359 τήν

330 4402 355 4453 2.
374 4404 629 4466 liusenubiquoapud
638 4404 862 4464 Εμίμὴσηίυωοωλ-
928 4400 953 4452 3.
970 4404 1091 4452 Ετοίδλιεε
1107 4402 1200 4464 aliquid
1215 4401 1315 4449 υλδελαε,

294 4476 363 4533 μενοι
378 4487 422 4533 pro
443 4466 586 4538 όκρέμοοιν,
622 4472 658 4533 Cf.
675 4472 763 4520 ίιοετιτ.
778 4470 820 4529 68,
837 4471 858 4520 1,
929 4469 986 4518 Cn.
1000 4470 1087 4521 ΧΧΙΙ.
1107 4497 1138 4507 -
1183 4471 1204 4519 l.
1229 4469 1287 4532 περὶ
1310 4467 1360 4518 τῶν
1383 4469 1460 4517 verba

297 4539 359 4589 ιλό.
376 4543 398 4588 ελ
417 4539 440 4592 7.
893 4541 980 4588 ουιιιεα
996 4543 1050 4589 sunt
1067 4541 1093 4589 ιἰι
1110 4540 1164 4589 edi&
1181 4540 1262 4589 Ρτλαν.
