<?xml version="1.0" encoding="UTF-8"?>
<!DOCTYPE html PUBLIC "-//W3C//DTD XHTML 1.0 Transitional//EN"
    "http://www.w3.org/TR/xhtml1/DTD/xhtml1-transitional.dtd">
<html xmlns="http://www.w3.org/1999/xhtml" xml:lang="en" lang="en">
 <head>
  <title>
</title>
<meta http-equiv="Content-Type" content="text/html;charset=utf-8" />
  <meta name='ocr-system' content='tesseract 3.04.00' />
  <meta name='ocr-capabilities' content='ocr_page ocr_carea ocr_par ocr_line ocrx_word'/>
</head>
<body>
  <div class='ocr_page' id='page_1' title='image "./corporishaerese00unkngoog/corporishaerese00unkngoog_0182.png"; bbox 0 0 3096 5070; ppageno 0'>
   <div class='ocr_carea' id='block_1_1' title="bbox 432 283 1344 352">
    <p class='ocr_par' dir='ltr' id='par_1_1' title="bbox 432 283 1344 352">
     <span class='ocr_line' id='line_1_1' title="bbox 432 283 1344 352; baseline -0.007 0"><span class='ocrx_word' id='word_1_1' title='bbox 432 298 569 352; x_wconf 73' lang='lat' dir='ltr'><strong>ransart</strong></span> <span class='ocrx_word' id='word_1_2' title='bbox 587 297 651 351; x_wconf 81' lang='lat' dir='ltr'><strong>Lta.</strong></span> <span class='ocrx_word' id='word_1_3' title='bbox 669 295 963 350; x_wconf 80' lang='lat' dir='ltr'><strong>ttt.·r0ht.1.flsttlt.</strong></span> <span class='ocrx_word' id='word_1_4' title='bbox 979 295 1100 346; x_wconf 81' lang='lat' dir='ltr'>LXXIV.</span> <span class='ocrx_word' id='word_1_5' title='bbox 1284 283 1344 346; x_wconf 74' lang='lat'><strong>175</strong></span> 
     </span>
    </p>
   </div>
   <div class='ocr_carea' id='block_1_2' title="bbox 179 412 1491 4591">
    <p class='ocr_par' dir='ltr' id='par_1_2' title="bbox 187 412 1346 793">
     <span class='ocr_line' id='line_1_2' title="bbox 189 412 1346 502; baseline -0.007 -16"><span class='ocrx_word' id='word_1_6' title='bbox 189 422 279 486; x_wconf 84' lang='lat' dir='ltr'><strong>tentia</strong></span> <span class='ocrx_word' id='word_1_7' title='bbox 297 421 448 485; x_wconf 72' lang='lat' dir='ltr'><strong>reddatur.</strong></span> <span class='ocrx_word' id='word_1_8' title='bbox 494 419 543 483; x_wconf 79' lang='lat' dir='ltr'><strong>hd</strong></span> <span class='ocrx_word' id='word_1_9' title='bbox 558 419 682 483; x_wconf 90' lang='lat' dir='ltr'><strong>eundem</strong></span> <span class='ocrx_word' id='word_1_10' title='bbox 701 419 800 502; x_wconf 89' lang='lat' dir='ltr'><strong>itaque</strong></span> <span class='ocrx_word' id='word_1_11' title='bbox 818 416 932 479; x_wconf 90' lang='lat' dir='ltr'><strong>modum</strong></span> <span class='ocrx_word' id='word_1_12' title='bbox 950 414 987 477; x_wconf 90' lang='lat' dir='ltr'><strong>de</strong></span> <span class='ocrx_word' id='word_1_13' title='bbox 1002 412 1107 496; x_wconf 89' lang='lat' dir='ltr'><strong>spiritu</strong></span> <span class='ocrx_word' id='word_1_14' title='bbox 1125 425 1155 477; x_wconf 91' lang='lat' dir='ltr'><strong>et</strong></span> <span class='ocrx_word' id='word_1_15' title='bbox 1175 413 1233 477; x_wconf 84' lang='lat' dir='ltr'><strong>hlio</strong></span> <span class='ocrx_word' id='word_1_16' title='bbox 1249 425 1280 478; x_wconf 90' lang='lat' dir='ltr'><strong>et</strong></span> <span class='ocrx_word' id='word_1_17' title='bbox 1296 436 1346 499; x_wconf 61' lang='lat' dir='ltr'><strong>pa</strong></span> 
     </span>
     <span class='ocr_line' id='line_1_3' title="bbox 189 515 1344 609; baseline -0.007 -22"><span class='ocrx_word' id='word_1_18' title='bbox 189 534 235 588; x_wconf 86' lang='lat' dir='ltr'><strong>tre</strong></span> <span class='ocrx_word' id='word_1_19' title='bbox 249 524 439 609; x_wconf 87' lang='lat' dir='ltr'><strong>pronuntiare</strong></span> <span class='ocrx_word' id='word_1_20' title='bbox 455 521 614 599; x_wconf 90' lang='lat' dir='ltr'><strong>convenit,</strong></span> <span class='ocrx_word' id='word_1_21' title='bbox 647 529 679 581; x_wconf 90' lang='lat' dir='ltr'><strong>et</strong></span> <span class='ocrx_word' id='word_1_22' title='bbox 695 540 780 582; x_wconf 93' lang='lat' dir='ltr'><strong>uuam</strong></span> <span class='ocrx_word' id='word_1_23' title='bbox 799 520 835 581; x_wconf 91' lang='lat' dir='ltr'><strong>iis</strong></span> <span class='ocrx_word' id='word_1_24' title='bbox 854 515 1052 601; x_wconf 83' lang='lat' dir='ltr'><strong>cognitionem</strong></span> <span class='ocrx_word' id='word_1_25' title='bbox 1070 535 1105 577; x_wconf 86' lang='lat' dir='ltr'><strong>ac</strong></span> <span class='ocrx_word' id='word_1_26' title='bbox 1122 515 1344 598; x_wconf 72' lang='lat' dir='ltr'><strong>praescientiam</strong></span> 
     </span>
     <span class='ocr_line' id='line_1_4' title="bbox 187 616 1345 708; baseline -0.008 -18"><span class='ocrx_word' id='word_1_27' title='bbox 187 626 337 703; x_wconf 90' lang='lat' dir='ltr'><strong>tribuere,</strong></span> <span class='ocrx_word' id='word_1_28' title='bbox 369 645 405 688; x_wconf 86' lang='lat' dir='ltr'><strong>eo</strong></span> <span class='ocrx_word' id='word_1_29' title='bbox 427 624 504 708; x_wconf 91' lang='lat' dir='ltr'><strong>quod</strong></span> <span class='ocrx_word' id='word_1_30' title='bbox 526 632 717 686; x_wconf 88' lang='lat' dir='ltr'><strong>sacrosancta</strong></span> <span class='ocrx_word' id='word_1_31' title='bbox 740 619 854 684; x_wconf 88' lang='lat' dir='ltr'><strong>trinitas</strong></span> <span class='ocrx_word' id='word_1_32' title='bbox 877 640 930 682; x_wconf 89' lang='lat' dir='ltr'><strong>sua</strong></span> <span class='ocrx_word' id='word_1_33' title='bbox 956 617 1030 680; x_wconf 87' lang='lat' dir='ltr'><strong>haud</strong></span> <span class='ocrx_word' id='word_1_34' title='bbox 1054 616 1141 680; x_wconf 91' lang='lat' dir='ltr'><strong>dubie</strong></span> <span class='ocrx_word' id='word_1_35' title='bbox 1164 618 1345 702; x_wconf 75' lang='lat' dir='ltr'><strong>perfectione</strong></span> 
     </span>
     <span class='ocr_line' id='line_1_5' title="bbox 189 727 543 793; baseline -0.011 -1"><span class='ocrx_word' id='word_1_36' title='bbox 189 739 220 793; x_wconf 87' lang='lat' dir='ltr'><strong>at</strong></span> <span class='ocrx_word' id='word_1_37' title='bbox 240 727 393 791; x_wconf 89' lang='lat' dir='ltr'><strong>identitate</strong></span> <span class='ocrx_word' id='word_1_38' title='bbox 416 736 543 790; x_wconf 89' lang='lat' dir='ltr'><strong>constet.</strong></span> 
     </span>
    </p>

    <p class='ocr_par' dir='ltr' id='par_1_3' title="bbox 179 821 1491 4591">
     <span class='ocr_line' id='line_1_6' title="bbox 272 821 1491 908; baseline -0.014 -14"><span class='ocrx_word' id='word_1_39' title='bbox 272 827 335 894; x_wconf 87' lang='lat' dir='ltr'><strong>Sed</strong></span> <span class='ocrx_word' id='word_1_40' title='bbox 354 829 390 893; x_wconf 90' lang='lat' dir='ltr'><strong>de</strong></span> <span class='ocrx_word' id='word_1_41' title='bbox 408 828 453 892; x_wconf 91' lang='lat' dir='ltr'><strong>his</strong></span> <span class='ocrx_word' id='word_1_42' title='bbox 469 826 604 890; x_wconf 91' lang='lat' dir='ltr'><strong>omnibus</strong></span> <span class='ocrx_word' id='word_1_43' title='bbox 617 825 734 889; x_wconf 84' lang='lat' dir='ltr'><strong>infinita</strong></span> <span class='ocrx_word' id='word_1_44' title='bbox 751 825 892 908; x_wconf 87' lang='lat' dir='ltr'><strong>quaedam</strong></span> <span class='ocrx_word' id='word_1_45' title='bbox 915 821 1057 908; x_wconf 86' lang='lat' dir='ltr'><strong>disputari</strong></span> <span class='ocrx_word' id='word_1_46' title='bbox 1082 831 1221 906; x_wconf 76' lang='lat' dir='ltr'><strong>possunt,</strong></span> <span class='ocrx_word' id='word_1_47' title='bbox 1251 832 1282 885; x_wconf 87' lang='lat' dir='ltr'><strong>et</strong></span> <span class='ocrx_word' id='word_1_48' title='bbox 1297 822 1491 897; x_wconf 67' lang='lat' dir='ltr'><strong>iri-camma.</strong></span> 
     </span>
     <span class='ocr_line' id='line_1_7' title="bbox 188 923 1346 1009; baseline -0.009 -11"><span class='ocrx_word' id='word_1_49' title='bbox 188 952 331 998; x_wconf 90' lang='lat' dir='ltr'><strong>numerae</strong></span> <span class='ocrx_word' id='word_1_50' title='bbox 346 931 440 994; x_wconf 89' lang='lat' dir='ltr'><strong>sacris</strong></span> <span class='ocrx_word' id='word_1_51' title='bbox 465 949 481 992; x_wconf 88' lang='lat' dir='ltr'><strong>e</strong></span> <span class='ocrx_word' id='word_1_52' title='bbox 498 928 592 992; x_wconf 90' lang='lat' dir='ltr'><strong>literis</strong></span> <span class='ocrx_word' id='word_1_53' title='bbox 609 928 801 991; x_wconf 74' lang='lat' dir='ltr'><strong>auctoritates</strong></span> <span class='ocrx_word' id='word_1_54' title='bbox 818 927 945 1004; x_wconf 90' lang='lat' dir='ltr'><strong>adferri,</strong></span> <span class='ocrx_word' id='word_1_55' title='bbox 976 936 1008 987; x_wconf 94' lang='lat' dir='ltr'><strong>ut</strong></span> <span class='ocrx_word' id='word_1_56' title='bbox 1024 925 1053 986; x_wconf 92' lang='lat' dir='ltr'><strong>in</strong></span> <span class='ocrx_word' id='word_1_57' title='bbox 1072 923 1189 1008; x_wconf 83' lang='lat' dir='ltr'><strong>longum</strong></span> <span class='ocrx_word' id='word_1_58' title='bbox 1207 925 1346 1009; x_wconf 85' lang='lat' dir='ltr'><strong>producta</strong></span> 
     </span>
     <span class='ocr_line' id='line_1_8' title="bbox 188 1026 1346 1110; baseline -0.008 -11"><span class='ocrx_word' id='word_1_59' title='bbox 188 1034 349 1106; x_wconf 85' lang='lat' dir='ltr'><strong>lectoribus</strong></span> <span class='ocrx_word' id='word_1_60' title='bbox 375 1033 499 1095; x_wconf 88' lang='lat' dir='ltr'><strong>molesta</strong></span> <span class='ocrx_word' id='word_1_61' title='bbox 521 1031 694 1095; x_wconf 84' lang='lat' dir='ltr'><strong>sitoratio.</strong></span> <span class='ocrx_word' id='word_1_62' title='bbox 741 1026 802 1092; x_wconf 89' lang='lat' dir='ltr'><strong>Sed</strong></span> <span class='ocrx_word' id='word_1_63' title='bbox 830 1050 884 1091; x_wconf 90' lang='lat' dir='ltr'><strong>nos</strong></span> <span class='ocrx_word' id='word_1_64' title='bbox 910 1028 939 1091; x_wconf 90' lang='lat' dir='ltr'><strong>io</strong></span> <span class='ocrx_word' id='word_1_65' title='bbox 968 1046 1141 1110; x_wconf 86' lang='lat' dir='ltr'><strong>unaquaque</strong></span> <span class='ocrx_word' id='word_1_66' title='bbox 1170 1027 1346 1090; x_wconf 87' lang='lat' dir='ltr'><strong>confutanda</strong></span> 
     </span>
     <span class='ocr_line' id='line_1_9' title="bbox 189 1127 1347 1211; baseline -0.007 -11"><span class='ocrx_word' id='word_1_67' title='bbox 189 1136 305 1201; x_wconf 89' lang='lat' dir='ltr'><strong>haeresi</strong></span> <span class='ocrx_word' id='word_1_68' title='bbox 322 1135 395 1199; x_wconf 88' lang='lat' dir='ltr'><strong>satis</strong></span> <span class='ocrx_word' id='word_1_69' title='bbox 415 1133 503 1196; x_wconf 89' lang='lat' dir='ltr'><strong>molta</strong></span> <span class='ocrx_word' id='word_1_70' title='bbox 520 1134 577 1196; x_wconf 88' lang='lat' dir='ltr'><strong>iam</strong></span> <span class='ocrx_word' id='word_1_71' title='bbox 594 1131 740 1210; x_wconf 83' lang='lat' dir='ltr'><strong>diximus,</strong></span> <span class='ocrx_word' id='word_1_72' title='bbox 765 1141 795 1193; x_wconf 90' lang='lat' dir='ltr'><strong>et</strong></span> <span class='ocrx_word' id='word_1_73' title='bbox 808 1149 911 1193; x_wconf 85' lang='lat' dir='ltr'><strong>omrres</strong></span> <span class='ocrx_word' id='word_1_74' title='bbox 928 1130 1028 1193; x_wconf 82' lang='lat' dir='ltr'><strong>divino</strong></span> <span class='ocrx_word' id='word_1_75' title='bbox 1046 1127 1193 1211; x_wconf 90' lang='lat' dir='ltr'><strong>praesidio</strong></span> <span class='ocrx_word' id='word_1_76' title='bbox 1211 1128 1278 1193; x_wconf 86' lang='lat' dir='ltr'><strong>freti</strong></span> <span class='ocrx_word' id='word_1_77' title='bbox 1293 1150 1347 1192; x_wconf 93' lang='lat' dir='ltr'><strong>uos</strong></span> 
     </span>
     <span class='ocr_line' id='line_1_10' title="bbox 190 1230 1345 1317; baseline -0.005 -16"><span class='ocrx_word' id='word_1_78' title='bbox 190 1239 260 1302; x_wconf 88' lang='lat' dir='ltr'><strong>licet</strong></span> <span class='ocrx_word' id='word_1_79' title='bbox 277 1230 439 1300; x_wconf 89' lang='lat' dir='ltr'><strong>imbecilles</strong></span> <span class='ocrx_word' id='word_1_80' title='bbox 454 1235 631 1314; x_wconf 81' lang='lat' dir='ltr'><strong>evertimus,</strong></span> <span class='ocrx_word' id='word_1_81' title='bbox 656 1244 741 1317; x_wconf 86' lang='lat' dir='ltr'><strong>atquc</strong></span> <span class='ocrx_word' id='word_1_82' title='bbox 757 1254 775 1295; x_wconf 89' lang='lat' dir='ltr'><strong>a</strong></span> <span class='ocrx_word' id='word_1_83' title='bbox 789 1233 914 1295; x_wconf 82' lang='lat' dir='ltr'><strong>veritate</strong></span> <span class='ocrx_word' id='word_1_84' title='bbox 935 1252 1002 1295; x_wconf 92' lang='lat' dir='ltr'><strong>esse</strong></span> <span class='ocrx_word' id='word_1_85' title='bbox 1020 1231 1133 1295; x_wconf 88' lang='lat' dir='ltr'><strong>alienas</strong></span> <span class='ocrx_word' id='word_1_86' title='bbox 1151 1231 1345 1310; x_wconf 80' lang='lat' dir='ltr'><strong>ostendimus,</strong></span> 
     </span>
     <span class='ocr_line' id='line_1_11' title="bbox 191 1330 1348 1422; baseline -0.005 -20"><span class='ocrx_word' id='word_1_87' title='bbox 191 1361 246 1403; x_wconf 89' lang='lat' dir='ltr'><strong>uec</strong></span> <span class='ocrx_word' id='word_1_88' title='bbox 271 1360 330 1402; x_wconf 92' lang='lat' dir='ltr'><strong>noo</strong></span> <span class='ocrx_word' id='word_1_89' title='bbox 356 1350 386 1401; x_wconf 91' lang='lat' dir='ltr'><strong>et</strong></span> <span class='ocrx_word' id='word_1_90' title='bbox 403 1337 533 1422; x_wconf 83' lang='lat' dir='ltr'><strong>singulas</strong></span> <span class='ocrx_word' id='word_1_91' title='bbox 557 1337 621 1401; x_wconf 91' lang='lat' dir='ltr'><strong>sive</strong></span> <span class='ocrx_word' id='word_1_92' title='bbox 647 1330 676 1398; x_wconf 89' lang='lat' dir='ltr'><strong>in</strong></span> <span class='ocrx_word' id='word_1_93' title='bbox 701 1336 810 1418; x_wconf 82' lang='lat' dir='ltr'><strong>exigua</strong></span> <span class='ocrx_word' id='word_1_94' title='bbox 827 1333 924 1418; x_wconf 86' lang='lat' dir='ltr'><strong>aliqua</strong></span> <span class='ocrx_word' id='word_1_95' title='bbox 940 1355 990 1413; x_wconf 90' lang='lat' dir='ltr'><strong>re,</strong></span> <span class='ocrx_word' id='word_1_96' title='bbox 1022 1335 1086 1397; x_wconf 83' lang='lat' dir='ltr'><strong>sive</strong></span> <span class='ocrx_word' id='word_1_97' title='bbox 1104 1334 1133 1396; x_wconf 93' lang='lat' dir='ltr'><strong>in</strong></span> <span class='ocrx_word' id='word_1_98' title='bbox 1151 1334 1253 1397; x_wconf 92' lang='lat' dir='ltr'><strong>maiori</strong></span> <span class='ocrx_word' id='word_1_99' title='bbox 1269 1336 1348 1396; x_wconf 90' lang='lat' dir='ltr'><strong>veri-</strong></span> 
     </span>
     <span class='ocr_line' id='line_1_12' title="bbox 192 1433 1347 1521; baseline -0.005 -17"><span class='ocrx_word' id='word_1_100' title='bbox 192 1441 244 1504; x_wconf 85' lang='lat' dir='ltr'><strong>tati</strong></span> <span class='ocrx_word' id='word_1_101' title='bbox 268 1440 478 1504; x_wconf 86' lang='lat' dir='ltr'><strong>contumeliose</strong></span> <span class='ocrx_word' id='word_1_102' title='bbox 502 1438 659 1502; x_wconf 79' lang='lat' dir='ltr'><strong>detrahere</strong></span> <span class='ocrx_word' id='word_1_103' title='bbox 677 1448 763 1521; x_wconf 90' lang='lat' dir='ltr'><strong>atque</strong></span> <span class='ocrx_word' id='word_1_104' title='bbox 780 1437 918 1520; x_wconf 79' lang='lat' dir='ltr'><strong>obtegere</strong></span> <span class='ocrx_word' id='word_1_105' title='bbox 943 1438 1083 1501; x_wconf 91' lang='lat' dir='ltr'><strong>funditus.</strong></span> <span class='ocrx_word' id='word_1_106' title='bbox 1130 1433 1216 1520; x_wconf 93' lang='lat' dir='ltr'><strong>Quod</strong></span> <span class='ocrx_word' id='word_1_107' title='bbox 1233 1436 1347 1521; x_wconf 90' lang='lat' dir='ltr'><strong>quidem</strong></span> 
     </span>
     <span class='ocr_line' id='line_1_13' title="bbox 191 1539 1435 1631; baseline -0.004 -25"><span class='ocrx_word' id='word_1_108' title='bbox 191 1553 222 1606; x_wconf 85' lang='lat' dir='ltr'><strong>et</strong></span> <span class='ocrx_word' id='word_1_109' title='bbox 241 1543 290 1607; x_wconf 90' lang='lat' dir='ltr'><strong>isti</strong></span> <span class='ocrx_word' id='word_1_110' title='bbox 318 1545 417 1607; x_wconf 84' lang='lat' dir='ltr'><strong>facore</strong></span> <span class='ocrx_word' id='word_1_111' title='bbox 440 1542 595 1610; x_wconf 86' lang='lat' dir='ltr'><strong>instituunt</strong></span> <span class='ocrx_word' id='word_1_112' title='bbox 618 1539 667 1625; x_wconf 93' lang='lat' dir='ltr'><strong>qui</strong></span> <span class='ocrx_word' id='word_1_113' title='bbox 694 1539 842 1603; x_wconf 91' lang='lat' dir='ltr'><strong>domiuum</strong></span> <span class='ocrx_word' id='word_1_114' title='bbox 862 1561 897 1603; x_wconf 88' lang='lat' dir='ltr'><strong>ac</strong></span> <span class='ocrx_word' id='word_1_115' title='bbox 920 1541 1054 1625; x_wconf 88' lang='lat' dir='ltr'><strong>spiritum</strong></span> <span class='ocrx_word' id='word_1_116' title='bbox 1080 1549 1212 1603; x_wconf 90' lang='lat' dir='ltr'><strong>sanctum</strong></span> <span class='ocrx_word' id='word_1_117' title='bbox 1238 1542 1348 1602; x_wconf 89' lang='lat' dir='ltr'><strong>frustra</strong></span> <span class='ocrx_word' id='word_1_118' title='bbox 1425 1604 1435 1631; x_wconf 72' lang='lat'><strong>,</strong></span> 
     </span>
     <span class='ocr_line' id='line_1_14' title="bbox 191 1641 1463 1753; baseline -0.005 -42"><span class='ocrx_word' id='word_1_119' title='bbox 191 1644 375 1711; x_wconf 80' lang='lat' dir='ltr'><strong>contumeliis</strong></span> <span class='ocrx_word' id='word_1_120' title='bbox 393 1657 537 1722; x_wconf 87' lang='lat' dir='ltr'><strong>onerant,</strong></span> <span class='ocrx_word' id='word_1_121' title='bbox 562 1663 658 1727; x_wconf 87' lang='lat' dir='ltr'><strong>oeque</strong></span> <span class='ocrx_word' id='word_1_122' title='bbox 676 1654 726 1706; x_wconf 89' lang='lat' dir='ltr'><strong>aut</strong></span> <span class='ocrx_word' id='word_1_123' title='bbox 742 1645 789 1704; x_wconf 79' lang='lat' dir='ltr'><strong>hic</strong></span> <span class='ocrx_word' id='word_1_124' title='bbox 803 1655 855 1705; x_wconf 79' lang='lat' dir='ltr'><strong>cut</strong></span> <span class='ocrx_word' id='word_1_125' title='bbox 869 1647 898 1704; x_wconf 81' lang='lat' dir='ltr'><strong>in</strong></span> <span class='ocrx_word' id='word_1_126' title='bbox 910 1645 1011 1726; x_wconf 84' lang='lat' dir='ltr'><strong>sutrrro</strong></span> <span class='ocrx_word' id='word_1_127' title='bbox 1024 1645 1155 1720; x_wconf 81' lang='lat' dir='ltr'><strong>saecuto,</strong></span> <span class='ocrx_word' id='word_1_128' title='bbox 1188 1652 1220 1705; x_wconf 94' lang='lat' dir='ltr'><strong>ut</strong></span> <span class='ocrx_word' id='word_1_129' title='bbox 1234 1641 1343 1705; x_wconf 91' lang='lat' dir='ltr'><strong>domiui</strong></span> <span class='ocrx_word' id='word_1_130' title='bbox 1379 1647 1463 1753; x_wconf 39' lang='lat' dir='ltr'><strong>*iffi</strong></span> 
     </span>
     <span class='ocr_line' id='line_1_15' title="bbox 191 1744 1347 1832; baseline -0.005 -20"><span class='ocrx_word' id='word_1_131' title='bbox 191 1747 290 1812; x_wconf 82' lang='lat' dir='ltr'><strong>verbis</strong></span> <span class='ocrx_word' id='word_1_132' title='bbox 306 1759 388 1826; x_wconf 85' lang='lat' dir='ltr'><strong>utar,</strong></span> <span class='ocrx_word' id='word_1_133' title='bbox 419 1756 606 1832; x_wconf 88' lang='lat' dir='ltr'><strong>peccaturum</strong></span> <span class='ocrx_word' id='word_1_134' title='bbox 629 1745 862 1824; x_wconf 75' lang='lat' dir='ltr'><strong>relaxationem,</strong></span> <span class='ocrx_word' id='word_1_135' title='bbox 893 1745 929 1808; x_wconf 86' lang='lat' dir='ltr'><strong>oh</strong></span> <span class='ocrx_word' id='word_1_136' title='bbox 952 1766 1034 1808; x_wconf 88' lang='lat' dir='ltr'><strong>suam</strong></span> <span class='ocrx_word' id='word_1_137' title='bbox 1054 1745 1131 1808; x_wconf 90' lang='lat' dir='ltr'><strong>illam</strong></span> <span class='ocrx_word' id='word_1_138' title='bbox 1157 1744 1187 1806; x_wconf 92' lang='lat' dir='ltr'><strong>in</strong></span> <span class='ocrx_word' id='word_1_139' title='bbox 1214 1744 1347 1829; x_wconf 89' lang='lat' dir='ltr'><strong>spiritum</strong></span> 
     </span>
     <span class='ocr_line' id='line_1_16' title="bbox 190 1845 1348 1934; baseline -0.003 -21"><span class='ocrx_word' id='word_1_140' title='bbox 190 1859 322 1913; x_wconf 86' lang='lat' dir='ltr'><strong>sanctum</strong></span> <span class='ocrx_word' id='word_1_141' title='bbox 341 1849 567 1934; x_wconf 80' lang='lat' dir='ltr'><strong>blasphemiam,</strong></span> <span class='ocrx_word' id='word_1_142' title='bbox 599 1847 734 1911; x_wconf 86' lang='lat' dir='ltr'><strong>obtinere</strong></span> <span class='ocrx_word' id='word_1_143' title='bbox 752 1857 892 1931; x_wconf 78' lang='lat' dir='ltr'><strong>possuntz</strong></span> <span class='ocrx_word' id='word_1_144' title='bbox 925 1845 973 1930; x_wconf 93' lang='lat' dir='ltr'><strong>qui</strong></span> <span class='ocrx_word' id='word_1_145' title='bbox 996 1847 1032 1910; x_wconf 92' lang='lat' dir='ltr'><strong>ab</strong></span> <span class='ocrx_word' id='word_1_146' title='bbox 1055 1847 1118 1931; x_wconf 89' lang='lat' dir='ltr'><strong>ipsa</strong></span> <span class='ocrx_word' id='word_1_147' title='bbox 1134 1848 1260 1910; x_wconf 87' lang='lat' dir='ltr'><strong>veritate</strong></span> <span class='ocrx_word' id='word_1_148' title='bbox 1281 1868 1348 1932; x_wconf 93' lang='lat' dir='ltr'><strong>pro·</strong></span> 
     </span>
     <span class='ocr_line' id='line_1_17' title="bbox 191 1946 1349 2029; baseline -0.002 -14"><span class='ocrx_word' id='word_1_149' title='bbox 191 1950 296 2016; x_wconf 84' lang='lat' dir='ltr'><strong>calcati</strong></span> <span class='ocrx_word' id='word_1_150' title='bbox 311 1962 397 2029; x_wconf 92' lang='lat' dir='ltr'><strong>sunt,</strong></span> <span class='ocrx_word' id='word_1_151' title='bbox 430 1946 574 2014; x_wconf 84' lang='lat' dir='ltr'><strong>Cerastae</strong></span> <span class='ocrx_word' id='word_1_152' title='bbox 591 1950 740 2013; x_wconf 87' lang='lat' dir='ltr'><strong>cuiusdam</strong></span> <span class='ocrx_word' id='word_1_153' title='bbox 758 1949 852 2013; x_wconf 88' lang='lat' dir='ltr'><strong>instar</strong></span> <span class='ocrx_word' id='word_1_154' title='bbox 867 1949 977 2012; x_wconf 88' lang='lat' dir='ltr'><strong>atrocis</strong></span> <span class='ocrx_word' id='word_1_155' title='bbox 995 1959 1025 2011; x_wconf 89' lang='lat' dir='ltr'><strong>ct</strong></span> <span class='ocrx_word' id='word_1_156' title='bbox 1037 1949 1125 2012; x_wconf 91' lang='lat' dir='ltr'><strong>unico</strong></span> <span class='ocrx_word' id='word_1_157' title='bbox 1140 1969 1232 2012; x_wconf 89' lang='lat' dir='ltr'><strong>cornu</strong></span> <span class='ocrx_word' id='word_1_158' title='bbox 1255 1960 1349 2013; x_wconf 88' lang='lat' dir='ltr'><strong>metu·</strong></span> 
     </span>
     <span class='ocr_line' id='line_1_18' title="bbox 186 2049 1348 2136; baseline -0.002 -19"><span class='ocrx_word' id='word_1_159' title='bbox 186 2053 291 2117; x_wconf 84' lang='lat' dir='ltr'><strong>·endi.·</strong></span> <span class='ocrx_word' id='word_1_160' title='bbox 318 2051 403 2115; x_wconf 80' lang='lat' dir='ltr'><strong>&#39;l&#39;alis</strong></span> <span class='ocrx_word' id='word_1_161' title='bbox 428 2052 506 2115; x_wconf 90' lang='lat' dir='ltr'><strong>enim</strong></span> <span class='ocrx_word' id='word_1_162' title='bbox 532 2062 577 2114; x_wconf 89' lang='lat' dir='ltr'><strong>est</strong></span> <span class='ocrx_word' id='word_1_163' title='bbox 602 2051 799 2136; x_wconf 85' lang='lat' dir='ltr'><strong>blasphemiae</strong></span> <span class='ocrx_word' id='word_1_164' title='bbox 822 2071 945 2128; x_wconf 90' lang='lat' dir='ltr'><strong>sensus,</strong></span> <span class='ocrx_word' id='word_1_165' title='bbox 978 2049 1026 2134; x_wconf 90' lang='lat' dir='ltr'><strong>qui</strong></span> <span class='ocrx_word' id='word_1_166' title='bbox 1049 2071 1155 2135; x_wconf 87' lang='lat' dir='ltr'><strong>corpus</strong></span> <span class='ocrx_word' id='word_1_167' title='bbox 1171 2051 1348 2115; x_wconf 85' lang='lat' dir='ltr'><strong>uuiversum</strong></span> 
     </span>
     <span class='ocr_line' id='line_1_19' title="bbox 191 2144 1348 2237; baseline -0.002 -18"><span class='ocrx_word' id='word_1_168' title='bbox 191 2175 380 2237; x_wconf 89' lang='lat' dir='ltr'><strong>corrumpere</strong></span> <span class='ocrx_word' id='word_1_169' title='bbox 411 2163 518 2237; x_wconf 87' lang='lat' dir='ltr'><strong>potest.</strong></span> <span class='ocrx_word' id='word_1_170' title='bbox 563 2151 605 2215; x_wconf 85' lang='lat' dir='ltr'><strong>Et</strong></span> <span class='ocrx_word' id='word_1_171' title='bbox 628 2175 682 2216; x_wconf 92' lang='lat' dir='ltr'><strong>uos</strong></span> <span class='ocrx_word' id='word_1_172' title='bbox 709 2153 825 2237; x_wconf 90' lang='lat' dir='ltr'><strong>quidem</strong></span> <span class='ocrx_word' id='word_1_173' title='bbox 852 2152 961 2216; x_wconf 91' lang='lat' dir='ltr'><strong>domini</strong></span> <span class='ocrx_word' id='word_1_174' title='bbox 987 2144 1131 2215; x_wconf 45' lang='lat' dir='ltr'><strong>sermone*</strong></span> <span class='ocrx_word' id='word_1_175' title='bbox 1151 2164 1181 2215; x_wconf 87' lang='lat' dir='ltr'><strong>et</strong></span> <span class='ocrx_word' id='word_1_176' title='bbox 1206 2153 1348 2236; x_wconf 79' lang='lat' dir='ltr'><strong>unigeniti</strong></span> 
     </span>
     <span class='ocr_line' id='line_1_20' title="bbox 191 2255 1348 2340; baseline -0.002 -20"><span class='ocrx_word' id='word_1_177' title='bbox 191 2277 263 2321; x_wconf 83' lang='lat' dir='ltr'><strong>vera</strong></span> <span class='ocrx_word' id='word_1_178' title='bbox 284 2256 469 2340; x_wconf 81' lang='lat' dir='ltr'><strong>professione</strong></span> <span class='ocrx_word' id='word_1_179' title='bbox 493 2255 628 2340; x_wconf 85' lang='lat' dir='ltr'><strong>persuasi</strong></span> <span class='ocrx_word' id='word_1_180' title='bbox 648 2257 812 2336; x_wconf 86' lang='lat' dir='ltr'><strong>oredimus,</strong></span> <span class='ocrx_word' id='word_1_181' title='bbox 843 2255 870 2320; x_wconf 91' lang='lat' dir='ltr'><strong>ei</strong></span> <span class='ocrx_word' id='word_1_182' title='bbox 889 2255 937 2339; x_wconf 95' lang='lat' dir='ltr'><strong>qui</strong></span> <span class='ocrx_word' id='word_1_183' title='bbox 956 2257 1156 2335; x_wconf 75' lang='lat' dir='ltr'><strong>blasphemma‘t</strong></span> <span class='ocrx_word' id='word_1_184' title='bbox 1172 2259 1201 2316; x_wconf 81' lang='lat' dir='ltr'><strong>in</strong></span> <span class='ocrx_word' id='word_1_185' title='bbox 1218 2261 1348 2336; x_wconf 73' lang='lat' dir='ltr'><strong>spr&#39;ra‘tm</strong></span> 
     </span>
     <span class='ocr_line' id='line_1_21' title="bbox 190 2360 1349 2440; baseline 0 -19"><span class='ocrx_word' id='word_1_186' title='bbox 190 2370 318 2422; x_wconf 72' lang='lat' dir='ltr'><strong>uncum</strong></span> <span class='ocrx_word' id='word_1_187' title='bbox 333 2380 423 2440; x_wconf 83' lang='lat' dir='ltr'><strong>neque</strong></span> <span class='ocrx_word' id='word_1_188' title='bbox 443 2362 474 2420; x_wconf 83' lang='lat' dir='ltr'><strong>in</strong></span> <span class='ocrx_word' id='word_1_189' title='bbox 490 2361 544 2420; x_wconf 84' lang='lat' dir='ltr'><strong>doc</strong></span> <span class='ocrx_word' id='word_1_190' title='bbox 564 2360 678 2419; x_wconf 83' lang='lat' dir='ltr'><strong>saeculo</strong></span> <span class='ocrx_word' id='word_1_191' title='bbox 698 2379 750 2420; x_wconf 87' lang='lat' dir='ltr'><strong>nec</strong></span> <span class='ocrx_word' id='word_1_192' title='bbox 766 2363 796 2419; x_wconf 86' lang='lat' dir='ltr'><strong>r&#39;n</strong></span> <span class='ocrx_word' id='word_1_193' title='bbox 815 2361 916 2439; x_wconf 79' lang='lat' dir='ltr'><strong>futuro</strong></span> <span class='ocrx_word' id='word_1_194' title='bbox 938 2361 1149 2420; x_wconf 66' lang='lat' dir='ltr'><strong>comanendum</strong></span> <span class='ocrx_word' id='word_1_195' title='bbox 1171 2379 1232 2420; x_wconf 82' lang='lat' dir='ltr'><strong>esse</strong></span> <span class='ocrx_word' id='word_1_196' title='bbox 1248 2381 1349 2440; x_wconf 69' lang='lat' dir='ltr'><strong>percu</strong></span> 
     </span>
     <span class='ocr_line' id='line_1_22' title="bbox 190 2456 1349 2544; baseline 0.001 -21"><span class='ocrx_word' id='word_1_197' title='bbox 190 2472 267 2536; x_wconf 75' lang='lat' dir='ltr'><strong>mm,</strong></span> <span class='ocrx_word' id='word_1_198' title='bbox 294 2471 324 2524; x_wconf 89' lang='lat' dir='ltr'><strong>ut</strong></span> <span class='ocrx_word' id='word_1_199' title='bbox 346 2461 487 2524; x_wconf 82' lang='lat' dir='ltr'><strong>diximus.</strong></span> <span class='ocrx_word' id='word_1_200' title='bbox 534 2456 636 2543; x_wconf 81' lang='lat' dir='ltr'><strong>Quare</strong></span> <span class='ocrx_word' id='word_1_201' title='bbox 663 2459 824 2544; x_wconf 89' lang='lat' dir='ltr'><strong>proculcati</strong></span> <span class='ocrx_word' id='word_1_202' title='bbox 848 2461 888 2525; x_wconf 91' lang='lat' dir='ltr'><strong>illi</strong></span> <span class='ocrx_word' id='word_1_203' title='bbox 911 2471 941 2525; x_wconf 91' lang='lat' dir='ltr'><strong>et</strong></span> <span class='ocrx_word' id='word_1_204' title='bbox 959 2460 1058 2524; x_wconf 90' lang='lat' dir='ltr'><strong>obtriti</strong></span> <span class='ocrx_word' id='word_1_205' title='bbox 1075 2470 1163 2538; x_wconf 80' lang='lat' dir='ltr'><strong>sunt3</strong></span> <span class='ocrx_word' id='word_1_206' title='bbox 1194 2481 1248 2524; x_wconf 90' lang='lat' dir='ltr'><strong>nec</strong></span> <span class='ocrx_word' id='word_1_207' title='bbox 1271 2462 1349 2524; x_wconf 79' lang='lat' dir='ltr'><strong>reri·</strong></span> 
     </span>
     <span class='ocr_line' id='line_1_23' title="bbox 179 2559 1465 2683; baseline -0.006 -56"><span class='ocrx_word' id='word_1_208' title='bbox 179 2565 245 2627; x_wconf 75' lang='lat' dir='ltr'><strong>tati</strong></span> <span class='ocrx_word' id='word_1_209' title='bbox 267 2564 408 2627; x_wconf 87' lang='lat' dir='ltr'><strong>resistere</strong></span> <span class='ocrx_word' id='word_1_210' title='bbox 431 2573 599 2648; x_wconf 90' lang='lat' dir='ltr'><strong>potueruut.</strong></span> <span class='ocrx_word' id='word_1_211' title='bbox 645 2559 722 2625; x_wconf 88' lang='lat' dir='ltr'><strong>Nam</strong></span> <span class='ocrx_word' id='word_1_212' title='bbox 739 2562 878 2627; x_wconf 86' lang='lat' dir='ltr'><strong>haereses</strong></span> <span class='ocrx_word' id='word_1_213' title='bbox 894 2583 997 2626; x_wconf 89' lang='lat' dir='ltr'><strong>omues</strong></span> <span class='ocrx_word' id='word_1_214' title='bbox 1019 2583 1053 2625; x_wconf 91' lang='lat' dir='ltr'><strong>ra</strong></span> <span class='ocrx_word' id='word_1_215' title='bbox 1075 2582 1146 2625; x_wconf 86' lang='lat' dir='ltr'><strong>veru</strong></span> <span class='ocrx_word' id='word_1_216' title='bbox 1160 2573 1264 2643; x_wconf 74' lang='lat' dir='ltr'><strong>portam</strong></span> <span class='ocrx_word' id='word_1_217' title='bbox 1280 2575 1348 2626; x_wconf 88' lang='lat' dir='ltr'><strong>sunt</strong></span> <span class='ocrx_word' id='word_1_218' title='bbox 1381 2573 1465 2683; x_wconf 58' lang='lat' dir='ltr'><strong>pqaqq</strong></span> 
     </span>
     <span class='ocr_line' id='line_1_24' title="bbox 189 2665 1347 2750; baseline 0.002 -23"><span class='ocrx_word' id='word_1_219' title='bbox 189 2668 368 2746; x_wconf 79' lang='lat' dir='ltr'><strong>-a‘rrscrurum,</strong></span> <span class='ocrx_word' id='word_1_220' title='bbox 404 2685 479 2750; x_wconf 90' lang='lat' dir='ltr'><strong>quae</strong></span> <span class='ocrx_word' id='word_1_221' title='bbox 495 2667 638 2728; x_wconf 85' lang='lat' dir='ltr'><strong>adversus</strong></span> <span class='ocrx_word' id='word_1_222' title='bbox 658 2675 769 2748; x_wconf 87' lang='lat' dir='ltr'><strong>petram</strong></span> <span class='ocrx_word' id='word_1_223' title='bbox 788 2665 859 2728; x_wconf 87' lang='lat' dir='ltr'><strong>nihil</strong></span> <span class='ocrx_word' id='word_1_224' title='bbox 882 2665 1001 2729; x_wconf 92' lang='lat' dir='ltr'><strong>omuino</strong></span> <span class='ocrx_word' id='word_1_225' title='bbox 1023 2665 1127 2729; x_wconf 87' lang='lat' dir='ltr'><strong>virium</strong></span> <span class='ocrx_word' id='word_1_226' title='bbox 1147 2665 1256 2728; x_wconf 89' lang='lat' dir='ltr'><strong>habere</strong></span> <span class='ocrx_word' id='word_1_227' title='bbox 1280 2687 1347 2750; x_wconf 92' lang='lat' dir='ltr'><strong>pos·</strong></span> 
     </span>
     <span class='ocr_line' id='line_1_25' title="bbox 192 2760 1348 2831; baseline 0.001 -1"><span class='ocrx_word' id='word_1_228' title='bbox 192 2777 273 2830; x_wconf 88' lang='lat' dir='ltr'><strong>suut.</strong></span> <span class='ocrx_word' id='word_1_229' title='bbox 319 2765 437 2831; x_wconf 82' lang='lat' dir='ltr'><strong>Etenim</strong></span> <span class='ocrx_word' id='word_1_230' title='bbox 455 2767 481 2830; x_wconf 89' lang='lat' dir='ltr'><strong>si</strong></span> <span class='ocrx_word' id='word_1_231' title='bbox 499 2788 537 2830; x_wconf 94' lang='lat' dir='ltr'><strong>ex</strong></span> <span class='ocrx_word' id='word_1_232' title='bbox 554 2767 611 2831; x_wconf 91' lang='lat' dir='ltr'><strong>illis</strong></span> <span class='ocrx_word' id='word_1_233' title='bbox 628 2760 851 2830; x_wconf 66' lang='lat' dir='ltr'><strong>nonnulli&#39;istud</strong></span> <span class='ocrx_word' id='word_1_234' title='bbox 868 2768 997 2831; x_wconf 90' lang='lat' dir='ltr'><strong>obiicere</strong></span> <span class='ocrx_word' id='word_1_235' title='bbox 1011 2767 1177 2831; x_wconf 82' lang='lat' dir='ltr'><strong>voluerint:</strong></span> <span class='ocrx_word' id='word_1_236' title='bbox 1200 2765 1268 2831; x_wconf 90' lang='lat' dir='ltr'><strong>Nos</strong></span> <span class='ocrx_word' id='word_1_237' title='bbox 1284 2788 1348 2831; x_wconf 89' lang='lat' dir='ltr'><strong>earn</strong></span> 
     </span>
     <span class='ocr_line' id='line_1_26' title="bbox 192 2866 1348 2956; baseline 0.003 -26"><span class='ocrx_word' id='word_1_238' title='bbox 192 2866 260 2931; x_wconf 81' lang='lat' dir='ltr'><strong>hdei</strong></span> <span class='ocrx_word' id='word_1_239' title='bbox 285 2869 437 2934; x_wconf 85' lang='lat' dir='ltr'><strong>formulam</strong></span> <span class='ocrx_word' id='word_1_240' title='bbox 462 2891 537 2954; x_wconf 88' lang='lat' dir='ltr'><strong>quae</strong></span> <span class='ocrx_word' id='word_1_241' title='bbox 559 2870 589 2933; x_wconf 91' lang='lat' dir='ltr'><strong>iu</strong></span> <span class='ocrx_word' id='word_1_242' title='bbox 612 2867 748 2932; x_wconf 87' lang='lat' dir='ltr'><strong>Nicaeoa</strong></span> <span class='ocrx_word' id='word_1_243' title='bbox 762 2871 876 2955; x_wconf 81' lang='lat' dir='ltr'><strong>synodo</strong></span> <span class='ocrx_word' id='word_1_244' title='bbox 894 2870 1031 2956; x_wconf 87' lang='lat' dir='ltr'><strong>exposita</strong></span> <span class='ocrx_word' id='word_1_245' title='bbox 1048 2880 1095 2933; x_wconf 90' lang='lat' dir='ltr'><strong>est</strong></span> <span class='ocrx_word' id='word_1_246' title='bbox 1113 2881 1144 2932; x_wconf 94' lang='lat' dir='ltr'><strong>et</strong></span> <span class='ocrx_word' id='word_1_247' title='bbox 1158 2870 1214 2955; x_wconf 94' lang='lat' dir='ltr'><strong>ipsi</strong></span> <span class='ocrx_word' id='word_1_248' title='bbox 1231 2872 1348 2955; x_wconf 86' lang='lat' dir='ltr'><strong>profite-</strong></span> 
     </span>
     <span class='ocr_line' id='line_1_27' title="bbox 193 2971 1348 3056; baseline 0.004 -24"><span class='ocrx_word' id='word_1_249' title='bbox 193 2989 276 3050; x_wconf 84' lang='lat' dir='ltr'><strong>mur,</strong></span> <span class='ocrx_word' id='word_1_250' title='bbox 308 2971 381 3034; x_wconf 88' lang='lat' dir='ltr'><strong>doce</strong></span> <span class='ocrx_word' id='word_1_251' title='bbox 399 2971 490 3055; x_wconf 79' lang='lat' dir='ltr'><strong>igitur</strong></span> <span class='ocrx_word' id='word_1_252' title='bbox 512 2994 552 3036; x_wconf 90' lang='lat' dir='ltr'><strong>ex</strong></span> <span class='ocrx_word' id='word_1_253' title='bbox 576 2972 624 3035; x_wconf 86' lang='lat' dir='ltr'><strong>illo</strong></span> <span class='ocrx_word' id='word_1_254' title='bbox 648 2971 782 3056; x_wconf 90' lang='lat' dir='ltr'><strong>spiritum</strong></span> <span class='ocrx_word' id='word_1_255' title='bbox 805 2984 939 3036; x_wconf 89' lang='lat' dir='ltr'><strong>sanctum</strong></span> <span class='ocrx_word' id='word_1_256' title='bbox 963 2973 992 3034; x_wconf 91' lang='lat' dir='ltr'><strong>in</strong></span> <span class='ocrx_word' id='word_1_257' title='bbox 1012 2971 1163 3036; x_wconf 86' lang='lat' dir='ltr'><strong>divinitate</strong></span> <span class='ocrx_word' id='word_1_258' title='bbox 1184 2974 1348 3055; x_wconf 85' lang='lat' dir='ltr'><strong>numerari;</strong></span> 
     </span>
     <span class='ocr_line' id='line_1_28' title="bbox 193 3071 1349 3158; baseline 0.005 -24"><span class='ocrx_word' id='word_1_259' title='bbox 193 3071 281 3135; x_wconf 86' lang='lat' dir='ltr'><strong>etiam</strong></span> <span class='ocrx_word' id='word_1_260' title='bbox 307 3073 356 3136; x_wconf 87' lang='lat' dir='ltr'><strong>illa</strong></span> <span class='ocrx_word' id='word_1_261' title='bbox 383 3073 658 3158; x_wconf 83' lang='lat' dir='ltr'><strong>ipsaconlessione</strong></span> <span class='ocrx_word' id='word_1_262' title='bbox 683 3074 868 3139; x_wconf 87' lang='lat' dir='ltr'><strong>refellentur.</strong></span> <span class='ocrx_word' id='word_1_263' title='bbox 921 3071 1105 3158; x_wconf 81' lang='lat' dir='ltr'><strong>Quamquam</strong></span> <span class='ocrx_word' id='word_1_264' title='bbox 1124 3076 1203 3140; x_wconf 89' lang='lat' dir='ltr'><strong>nulla</strong></span> <span class='ocrx_word' id='word_1_265' title='bbox 1227 3087 1287 3140; x_wconf 91' lang='lat' dir='ltr'><strong>tum</strong></span> <span class='ocrx_word' id='word_1_266' title='bbox 1313 3077 1349 3141; x_wconf 91' lang='lat' dir='ltr'><strong>de</strong></span> 
     </span>
     <span class='ocr_line' id='line_1_29' title="bbox 193 3173 1350 3262; baseline 0.003 -23"><span class='ocrx_word' id='word_1_267' title='bbox 193 3173 298 3260; x_wconf 83' lang='lat' dir='ltr'><strong>spiritu</strong></span> <span class='ocrx_word' id='word_1_268' title='bbox 316 3185 420 3239; x_wconf 85' lang='lat' dir='ltr'><strong>sancto</strong></span> <span class='ocrx_word' id='word_1_269' title='bbox 448 3178 544 3241; x_wconf 86' lang='lat' dir='ltr'><strong>lucrat</strong></span> <span class='ocrx_word' id='word_1_270' title='bbox 564 3177 695 3242; x_wconf 83' lang='lat' dir='ltr'><strong>instituta</strong></span> <span class='ocrx_word' id='word_1_271' title='bbox 723 3177 869 3261; x_wconf 87' lang='lat' dir='ltr'><strong>quaestio.</strong></span> <span class='ocrx_word' id='word_1_272' title='bbox 916 3174 1032 3262; x_wconf 85' lang='lat' dir='ltr'><strong>Quippe</strong></span> <span class='ocrx_word' id='word_1_273' title='bbox 1050 3177 1086 3240; x_wconf 93' lang='lat' dir='ltr'><strong>de</strong></span> <span class='ocrx_word' id='word_1_274' title='bbox 1109 3177 1172 3258; x_wconf 90' lang='lat' dir='ltr'><strong>his,</strong></span> <span class='ocrx_word' id='word_1_275' title='bbox 1196 3199 1270 3262; x_wconf 85' lang='lat' dir='ltr'><strong>quaa</strong></span> <span class='ocrx_word' id='word_1_276' title='bbox 1288 3178 1350 3244; x_wconf 91' lang='lat' dir='ltr'><strong>siu·</strong></span> 
     </span>
     <span class='ocr_line' id='line_1_30' title="bbox 192 3276 1348 3364; baseline 0.004 -25"><span class='ocrx_word' id='word_1_277' title='bbox 192 3276 270 3360; x_wconf 69' lang='lat' dir='ltr'><strong>gulis</strong></span> <span class='ocrx_word' id='word_1_278' title='bbox 295 3277 475 3362; x_wconf 88' lang='lat' dir='ltr'><strong>temporibus</strong></span> <span class='ocrx_word' id='word_1_279' title='bbox 501 3291 675 3359; x_wconf 86' lang='lat' dir='ltr'><strong>occurrunt,</strong></span> <span class='ocrx_word' id='word_1_280' title='bbox 716 3300 823 3343; x_wconf 83' lang='lat' dir='ltr'><strong>cavere</strong></span> <span class='ocrx_word' id='word_1_281' title='bbox 850 3280 955 3364; x_wconf 83' lang='lat' dir='ltr'><strong>synodi</strong></span> <span class='ocrx_word' id='word_1_282' title='bbox 984 3300 1020 3342; x_wconf 88' lang='lat' dir='ltr'><strong>ao</strong></span> <span class='ocrx_word' id='word_1_283' title='bbox 1048 3281 1210 3344; x_wconf 88' lang='lat' dir='ltr'><strong>decernere</strong></span> <span class='ocrx_word' id='word_1_284' title='bbox 1239 3281 1348 3346; x_wconf 87' lang='lat' dir='ltr'><strong>solent.</strong></span> 
     </span>
     <span class='ocr_line' id='line_1_31' title="bbox 195 3376 1350 3467; baseline 0.004 -25"><span class='ocrx_word' id='word_1_285' title='bbox 195 3376 297 3463; x_wconf 86' lang='lat' dir='ltr'><strong>Quare</strong></span> <span class='ocrx_word' id='word_1_286' title='bbox 312 3401 377 3444; x_wconf 90' lang='lat' dir='ltr'><strong>oum</strong></span> <span class='ocrx_word' id='word_1_287' title='bbox 397 3379 489 3444; x_wconf 77' lang='lat' dir='ltr'><strong>Arius</strong></span> <span class='ocrx_word' id='word_1_288' title='bbox 512 3382 541 3445; x_wconf 94' lang='lat' dir='ltr'><strong>in</strong></span> <span class='ocrx_word' id='word_1_289' title='bbox 559 3383 647 3446; x_wconf 85' lang='lat' dir='ltr'><strong>filium</strong></span> <span class='ocrx_word' id='word_1_290' title='bbox 663 3382 817 3445; x_wconf 87' lang='lat' dir='ltr'><strong>maledicta</strong></span> <span class='ocrx_word' id='word_1_291' title='bbox 837 3381 1014 3460; x_wconf 89' lang='lat' dir='ltr'><strong>coniiceret,</strong></span> <span class='ocrx_word' id='word_1_292' title='bbox 1045 3393 1203 3467; x_wconf 84' lang='lat' dir='ltr'><strong>propterea</strong></span> <span class='ocrx_word' id='word_1_293' title='bbox 1221 3384 1350 3447; x_wconf 85' lang='lat' dir='ltr'><strong>uberiori</strong></span> 
     </span>
     <span class='ocr_line' id='line_1_32' title="bbox 194 3481 1346 3567; baseline 0.005 -23"><span class='ocrx_word' id='word_1_294' title='bbox 194 3481 318 3565; x_wconf 88' lang='lat' dir='ltr'><strong>quadam</strong></span> <span class='ocrx_word' id='word_1_295' title='bbox 341 3482 537 3566; x_wconf 88' lang='lat' dir='ltr'><strong>disputatione</strong></span> <span class='ocrx_word' id='word_1_296' title='bbox 559 3495 763 3567; x_wconf 77' lang='lat' dir='ltr'><strong>argumentum</strong></span> <span class='ocrx_word' id='word_1_297' title='bbox 789 3483 858 3547; x_wconf 94' lang='lat' dir='ltr'><strong>illud</strong></span> <span class='ocrx_word' id='word_1_298' title='bbox 876 3495 923 3547; x_wconf 90' lang='lat' dir='ltr'><strong>est</strong></span> <span class='ocrx_word' id='word_1_299' title='bbox 940 3484 1161 3549; x_wconf 86' lang='lat' dir='ltr'><strong>accuratissime</strong></span> <span class='ocrx_word' id='word_1_300' title='bbox 1179 3494 1346 3550; x_wconf 88' lang='lat' dir='ltr'><strong>tractatum.</strong></span> 
     </span>
     <span class='ocr_line' id='line_1_33' title="bbox 193 3581 1350 3671; baseline 0.005 -25"><span class='ocrx_word' id='word_1_301' title='bbox 193 3581 306 3648; x_wconf 91' lang='lat' dir='ltr'><strong>Verum</strong></span> <span class='ocrx_word' id='word_1_302' title='bbox 330 3605 370 3648; x_wconf 89' lang='lat' dir='ltr'><strong>ex</strong></span> <span class='ocrx_word' id='word_1_303' title='bbox 395 3587 497 3648; x_wconf 87' lang='lat' dir='ltr'><strong>eadem</strong></span> <span class='ocrx_word' id='word_1_304' title='bbox 519 3587 584 3650; x_wconf 86' lang='lat' dir='ltr'><strong>fidei</strong></span> <span class='ocrx_word' id='word_1_305' title='bbox 606 3587 791 3671; x_wconf 79' lang='lat' dir='ltr'><strong>professione</strong></span> <span class='ocrx_word' id='word_1_306' title='bbox 817 3586 1053 3651; x_wconf 84' lang='lat' dir='ltr'><strong>animadvertere</strong></span> <span class='ocrx_word' id='word_1_307' title='bbox 1076 3589 1162 3666; x_wconf 87' lang='lat' dir='ltr'><strong>licet,</strong></span> <span class='ocrx_word' id='word_1_308' title='bbox 1194 3608 1233 3652; x_wconf 91' lang='lat' dir='ltr'><strong>ue</strong></span> <span class='ocrx_word' id='word_1_309' title='bbox 1248 3587 1302 3651; x_wconf 89' lang='lat' dir='ltr'><strong>hac</strong></span> <span class='ocrx_word' id='word_1_310' title='bbox 1319 3588 1350 3652; x_wconf 91' lang='lat' dir='ltr'><strong>iu</strong></span> 
     </span>
     <span class='ocr_line' id='line_1_34' title="bbox 194 3678 1459 3774; baseline 0.006 -26"><span class='ocrx_word' id='word_1_311' title='bbox 194 3696 278 3772; x_wconf 87' lang='lat' dir='ltr'><strong>parte</strong></span> <span class='ocrx_word' id='word_1_312' title='bbox 299 3685 414 3769; x_wconf 79' lang='lat' dir='ltr'><strong>quide-m</strong></span> <span class='ocrx_word' id='word_1_313' title='bbox 436 3689 666 3753; x_wconf 88' lang='lat' dir='ltr'><strong>contumeliosos</strong></span> <span class='ocrx_word' id='word_1_314' title='bbox 687 3688 754 3750; x_wconf 89' lang='lat' dir='ltr'><strong>illos</strong></span> <span class='ocrx_word' id='word_1_315' title='bbox 774 3688 804 3751; x_wconf 90' lang='lat' dir='ltr'><strong>iu</strong></span> <span class='ocrx_word' id='word_1_316' title='bbox 829 3688 960 3772; x_wconf 91' lang='lat' dir='ltr'><strong>spiritum</strong></span> <span class='ocrx_word' id='word_1_317' title='bbox 986 3689 1152 3753; x_wconf 87' lang='lat' dir='ltr'><strong>haereticos</strong></span> <span class='ocrx_word' id='word_1_318' title='bbox 1179 3710 1215 3752; x_wconf 85' lang='lat' dir='ltr'><strong>ao</strong></span> <span class='ocrx_word' id='word_1_319' title='bbox 1229 3689 1350 3774; x_wconf 88' lang='lat' dir='ltr'><strong>spiritus</strong></span> <span class='ocrx_word' id='word_1_320' title='bbox 1457 3678 1459 3682; x_wconf 6' lang='grc' dir='ltr'>ἱ</span> 
     </span>
     <span class='ocr_line' id='line_1_35' title="bbox 193 3789 1349 3875; baseline 0.003 -23"><span class='ocrx_word' id='word_1_321' title='bbox 193 3799 424 3874; x_wconf 79' lang='lat' dir='ltr'><strong>oppugnatores,</strong></span> <span class='ocrx_word' id='word_1_322' title='bbox 442 3799 473 3850; x_wconf 93' lang='lat' dir='ltr'><strong>et</strong></span> <span class='ocrx_word' id='word_1_323' title='bbox 485 3789 521 3852; x_wconf 89' lang='lat' dir='ltr'><strong>ab</strong></span> <span class='ocrx_word' id='word_1_324' title='bbox 536 3791 600 3854; x_wconf 91' lang='lat' dir='ltr'><strong>eiua</strong></span> <span class='ocrx_word' id='word_1_325' title='bbox 614 3790 769 3853; x_wconf 86' lang='lat' dir='ltr'><strong>sanctitate</strong></span> <span class='ocrx_word' id='word_1_326' title='bbox 786 3809 821 3851; x_wconf 90' lang='lat' dir='ltr'><strong>ao</strong></span> <span class='ocrx_word' id='word_1_327' title='bbox 838 3790 921 3853; x_wconf 90' lang='lat' dir='ltr'><strong>donis</strong></span> <span class='ocrx_word' id='word_1_328' title='bbox 934 3791 1046 3855; x_wconf 89' lang='lat' dir='ltr'><strong>alienos</strong></span> <span class='ocrx_word' id='word_1_329' title='bbox 1061 3791 1212 3875; x_wconf 87' lang='lat' dir='ltr'><strong>quicquam</strong></span> <span class='ocrx_word' id='word_1_330' title='bbox 1230 3793 1349 3856; x_wconf 90' lang='lat' dir='ltr'><strong>omnino</strong></span> 
     </span>
     <span class='ocr_line' id='line_1_36' title="bbox 193 3887 1349 3978; baseline 0.004 -24"><span class='ocrx_word' id='word_1_331' title='bbox 193 3891 306 3955; x_wconf 90' lang='lat' dir='ltr'><strong>dicere.</strong></span> <span class='ocrx_word' id='word_1_332' title='bbox 352 3887 501 3973; x_wconf 86' lang='lat' dir='ltr'><strong>Siquidem</strong></span> <span class='ocrx_word' id='word_1_333' title='bbox 527 3890 676 3976; x_wconf 89' lang='lat' dir='ltr'><strong>expositio</strong></span> <span class='ocrx_word' id='word_1_334' title='bbox 699 3891 762 3973; x_wconf 87' lang='lat' dir='ltr'><strong>ipsa</strong></span> <span class='ocrx_word' id='word_1_335' title='bbox 784 3893 939 3954; x_wconf 86' lang='lat' dir='ltr'><strong>veritatem</strong></span> <span class='ocrx_word' id='word_1_336' title='bbox 957 3893 1080 3957; x_wconf 87' lang='lat' dir='ltr'><strong>subinde</strong></span> <span class='ocrx_word' id='word_1_337' title='bbox 1095 3894 1264 3978; x_wconf 84' lang='lat' dir='ltr'><strong>profitetur,</strong></span> <span class='ocrx_word' id='word_1_338' title='bbox 1294 3915 1349 3959; x_wconf 91' lang='lat' dir='ltr'><strong>nec</strong></span> 
     </span>
     <span class='ocr_line' id='line_1_37' title="bbox 193 3993 1347 4078; baseline 0.002 -19"><span class='ocrx_word' id='word_1_339' title='bbox 193 4005 294 4078; x_wconf 78' lang='lat' dir='ltr'><strong>negat.</strong></span> <span class='ocrx_word' id='word_1_340' title='bbox 341 3997 503 4067; x_wconf 73' lang='lat' dir='ltr'><strong>Credimus,</strong></span> <span class='ocrx_word' id='word_1_341' title='bbox 528 3993 641 4077; x_wconf 87' lang='lat' dir='ltr'><strong>inquil,</strong></span> <span class='ocrx_word' id='word_1_342' title='bbox 664 3996 694 4054; x_wconf 78' lang='lat' dir='ltr'><strong>in</strong></span> <span class='ocrx_word' id='word_1_343' title='bbox 711 4013 796 4053; x_wconf 71' lang='lat' dir='ltr'><strong>mum</strong></span> <span class='ocrx_word' id='word_1_344' title='bbox 811 3995 891 4054; x_wconf 83' lang='lat' dir='ltr'><strong>deum</strong></span> <span class='ocrx_word' id='word_1_345' title='bbox 905 4006 1017 4073; x_wconf 82' lang='lat' dir='ltr'><strong>putrem</strong></span> <span class='ocrx_word' id='word_1_346' title='bbox 1031 3999 1253 4076; x_wconf 74' lang='lat' dir='ltr'><strong>omnipotentem.</strong></span> <span class='ocrx_word' id='word_1_347' title='bbox 1291 3993 1347 4062; x_wconf 85' lang='lat' dir='ltr'><strong>Ubi</strong></span> 
     </span>
     <span class='ocr_line' id='line_1_38' title="bbox 194 4092 1347 4179; baseline 0.003 -19"><span class='ocrx_word' id='word_1_348' title='bbox 194 4117 257 4160; x_wconf 86' lang='lat' dir='ltr'><strong>vox</strong></span> <span class='ocrx_word' id='word_1_349' title='bbox 274 4097 345 4174; x_wconf 86' lang='lat' dir='ltr'><strong>ista,</strong></span> <span class='ocrx_word' id='word_1_350' title='bbox 370 4099 525 4169; x_wconf 77' lang='lat' dir='ltr'><strong>Credamus,</strong></span> <span class='ocrx_word' id='word_1_351' title='bbox 551 4117 609 4159; x_wconf 92' lang='lat' dir='ltr'><strong>non</strong></span> <span class='ocrx_word' id='word_1_352' title='bbox 626 4092 799 4179; x_wconf 88' lang='lat' dir='ltr'><strong>simpliciter</strong></span> <span class='ocrx_word' id='word_1_353' title='bbox 816 4094 995 4178; x_wconf 87' lang='lat' dir='ltr'><strong>accipienda,</strong></span> <span class='ocrx_word' id='word_1_354' title='bbox 1019 4098 1072 4162; x_wconf 89' lang='lat' dir='ltr'><strong>sed</strong></span> <span class='ocrx_word' id='word_1_355' title='bbox 1092 4099 1127 4160; x_wconf 92' lang='lat' dir='ltr'><strong>de</strong></span> <span class='ocrx_word' id='word_1_356' title='bbox 1144 4098 1198 4162; x_wconf 85' lang='lat' dir='ltr'><strong>fide</strong></span> <span class='ocrx_word' id='word_1_357' title='bbox 1213 4099 1243 4161; x_wconf 92' lang='lat' dir='ltr'><strong>iu</strong></span> <span class='ocrx_word' id='word_1_358' title='bbox 1262 4099 1347 4164; x_wconf 87' lang='lat' dir='ltr'><strong>deum</strong></span> 
     </span>
     <span class='ocr_line' id='line_1_39' title="bbox 194 4198 1347 4287; baseline 0.003 -25"><span class='ocrx_word' id='word_1_359' title='bbox 194 4198 384 4285; x_wconf 80' lang='lat' dir='ltr'><strong>intelligenda</strong></span> <span class='ocrx_word' id='word_1_360' title='bbox 401 4199 492 4262; x_wconf 89' lang='lat' dir='ltr'><strong>venit.</strong></span> <span class='ocrx_word' id='word_1_361' title='bbox 537 4202 579 4262; x_wconf 76' lang='lat' dir='ltr'><strong>Et</strong></span> <span class='ocrx_word' id='word_1_362' title='bbox 593 4203 622 4260; x_wconf 81' lang='lat' dir='ltr'><strong>in</strong></span> <span class='ocrx_word' id='word_1_363' title='bbox 639 4220 722 4260; x_wconf 85' lang='lat' dir='ltr'><strong>unum</strong></span> <span class='ocrx_word' id='word_1_364' title='bbox 741 4200 984 4259; x_wconf 71' lang='lat' dir='ltr'><strong>commentemur</strong></span> <span class='ocrx_word' id='word_1_365' title='bbox 1001 4202 1154 4275; x_wconf 77' lang='lat' dir='ltr'><strong>Christum,</strong></span> <span class='ocrx_word' id='word_1_366' title='bbox 1180 4221 1274 4287; x_wconf 88' lang='lat' dir='ltr'><strong>neque</strong></span> <span class='ocrx_word' id='word_1_367' title='bbox 1292 4202 1347 4266; x_wconf 88' lang='lat' dir='ltr'><strong>hoc</strong></span> 
     </span>
     <span class='ocr_line' id='line_1_40' title="bbox 194 4299 1347 4386; baseline 0.003 -22"><span class='ocrx_word' id='word_1_368' title='bbox 194 4309 350 4385; x_wconf 90' lang='lat' dir='ltr'><strong>utcumque</strong></span> <span class='ocrx_word' id='word_1_369' title='bbox 367 4301 487 4379; x_wconf 89' lang='lat' dir='ltr'><strong>dictum,</strong></span> <span class='ocrx_word' id='word_1_370' title='bbox 510 4302 562 4366; x_wconf 92' lang='lat' dir='ltr'><strong>sed</strong></span> <span class='ocrx_word' id='word_1_371' title='bbox 576 4301 612 4363; x_wconf 88' lang='lat' dir='ltr'><strong>ad</strong></span> <span class='ocrx_word' id='word_1_372' title='bbox 628 4300 711 4363; x_wconf 85' lang='lat' dir='ltr'><strong>fidem</strong></span> <span class='ocrx_word' id='word_1_373' title='bbox 730 4299 760 4363; x_wconf 92' lang='lat' dir='ltr'><strong>in</strong></span> <span class='ocrx_word' id='word_1_374' title='bbox 780 4299 865 4362; x_wconf 92' lang='lat' dir='ltr'><strong>deum</strong></span> <span class='ocrx_word' id='word_1_375' title='bbox 884 4301 1083 4366; x_wconf 87' lang='lat' dir='ltr'><strong>referendum.</strong></span> <span class='ocrx_word' id='word_1_376' title='bbox 1120 4306 1161 4366; x_wconf 77' lang='lat' dir='ltr'><strong>Et</strong></span> <span class='ocrx_word' id='word_1_377' title='bbox 1173 4308 1204 4366; x_wconf 85' lang='lat' dir='ltr'><strong>r&#39;n</strong></span> <span class='ocrx_word' id='word_1_378' title='bbox 1216 4309 1347 4386; x_wconf 77' lang='lat' dir='ltr'><strong>spria&#39;tum</strong></span> 
     </span>
     <span class='ocr_line' id='line_1_41' title="bbox 194 4402 1348 4492; baseline 0.006 -28"><span class='ocrx_word' id='word_1_379' title='bbox 194 4415 338 4477; x_wconf 75' lang='lat' dir='ltr'><strong>sunctum,</strong></span> <span class='ocrx_word' id='word_1_380' title='bbox 371 4402 446 4488; x_wconf 77' lang='lat' dir='ltr'><strong>suot</strong></span> <span class='ocrx_word' id='word_1_381' title='bbox 465 4424 561 4487; x_wconf 87' lang='lat' dir='ltr'><strong>neque</strong></span> <span class='ocrx_word' id='word_1_382' title='bbox 576 4402 746 4489; x_wconf 89' lang='lat' dir='ltr'><strong>simpliciter</strong></span> <span class='ocrx_word' id='word_1_383' title='bbox 759 4413 928 4487; x_wconf 89' lang='lat' dir='ltr'><strong>usurpatum</strong></span> <span class='ocrx_word' id='word_1_384' title='bbox 947 4412 1010 4482; x_wconf 91' lang='lat' dir='ltr'><strong>est,</strong></span> <span class='ocrx_word' id='word_1_385' title='bbox 1043 4405 1094 4468; x_wconf 88' lang='lat' dir='ltr'><strong>sed</strong></span> <span class='ocrx_word' id='word_1_386' title='bbox 1111 4405 1141 4468; x_wconf 92' lang='lat' dir='ltr'><strong>iu</strong></span> <span class='ocrx_word' id='word_1_387' title='bbox 1157 4425 1246 4470; x_wconf 90' lang='lat' dir='ltr'><strong>ouum</strong></span> <span class='ocrx_word' id='word_1_388' title='bbox 1263 4428 1348 4492; x_wconf 88' lang='lat' dir='ltr'><strong>prae-</strong></span> 
     </span>
     <span class='ocr_line' id='line_1_42' title="bbox 195 4503 1348 4591; baseline 0.008 -24"><span class='ocrx_word' id='word_1_389' title='bbox 195 4503 370 4571; x_wconf 91' lang='lat' dir='ltr'><strong>dicatiouem</strong></span> <span class='ocrx_word' id='word_1_390' title='bbox 386 4527 422 4570; x_wconf 91' lang='lat' dir='ltr'><strong>ac</strong></span> <span class='ocrx_word' id='word_1_391' title='bbox 437 4505 579 4590; x_wconf 84' lang='lat' dir='ltr'><strong>gloriam,</strong></span> <span class='ocrx_word' id='word_1_392' title='bbox 603 4505 633 4569; x_wconf 92' lang='lat' dir='ltr'><strong>iu</strong></span> <span class='ocrx_word' id='word_1_393' title='bbox 648 4527 735 4570; x_wconf 88' lang='lat' dir='ltr'><strong>uuam</strong></span> <span class='ocrx_word' id='word_1_394' title='bbox 751 4503 912 4571; x_wconf 88' lang='lat' dir='ltr'><strong>divinitatis</strong></span> <span class='ocrx_word' id='word_1_395' title='bbox 927 4505 1183 4591; x_wconf 82' lang='lat' dir='ltr'><strong>oorriuuctionem,</strong></span> <span class='ocrx_word' id='word_1_396' title='bbox 1212 4507 1348 4576; x_wconf 87' lang='lat' dir='ltr'><strong>iuuuam</strong></span> 
     </span>
    </p>
   </div>
   <div class='ocr_carea' id='block_1_3' title="bbox 0 0 1557 5070">
    <p class='ocr_par' dir='ltr' id='par_1_4' title="bbox 0 0 1557 5070">
     <span class='ocr_line' id='line_1_43' title="bbox 0 0 1557 5070; baseline 0 0"><span class='ocrx_word' id='word_1_397' title='bbox 0 0 1557 5070; x_wconf 95' lang='lat' dir='ltr'><strong> </strong></span> 
     </span>
    </p>
   </div>
  </div>
 </body>
</html>
