3096 5070
280 304 343 370 580
706 314 1016 368 εεαοτιιιειναιαιι

280 436 407 517 εύματος
425 429 510 516 χάριν
528 429 706 514 ἐτόλμησαν·
730 434 822 516 έτεροι
838 433 870 497 δέ
886 436 1045 509 δοκοῦντες
1058 435 1263 500 νεανιεύεσθαι
1283 439 1449 518 ιτολμόίν·

279 563 326 614 τες
342 533 423 621 παρά
438 533 507 610 τούς
523 532 652 611 2ὄντας,
682 531 723 611 τός
738 533 798 599 άπό
817 532 993 619 α’ρθοδόξων
1011 534 1194 620 ὁρμώμενοι,
1217 537 1356 623 σύλλογον
1373 538 1448 602 ἐαυ-

278 649 342 715 τοῖς
358 640 596 715 ἐπισπάσασθαι,
627 634 697 700 άλλά
717 640 770 702 καί
786 636 856 702 άνευ
874 641 1048 723 ἐπικρίσεως
1063 638 1193 706 συνόδου
1210 643 1448 723 οίκουμενοικῆς

281 741 488 825 άναβαπτίζειν
503 739 574 815 τοδς
589 740 765 823 ἐρχομένους
779 739 856 824 πρός
870 740 981 817 αύτούς
997 746 1093 824 δῆθεν
1111 741 1172 808 άπδ
1188 741 1362 827 Ἀρειανοῖν,
1385 767 1447 823 μη-

281 847 362 910 δέπω
379 851 433 910 τοῦ
450 843 622 929 πράγματος
640 844 670 918 ἐξ
685 844 871 928 ἐπικρίσεως,
894 840 935 920 τός
956 851 1140 928 θπροεῖπον,
1163 843 1294 912 συνόδου
1308 846 1446 929 τμηθέν-

278 974 345 1025 τος,
377 945 427 1011 διά
443 945 475 1012 τό
496 947 603 1028 άναμλξ
626 942 695 1020 τούς
710 943 800 1022 λαούς
818 943 961 1030 ύπάρχειν
976 948 1018 1011 ἔτι
1036 951 1140 1033 δεῦρο,
1171 949 1223 1013 καλ
1241 946 1366 1025 πολλούς
1386 947 1448 1030 μέν

278 1048 354 1116 είναι
378 1047 581 1135 όρθοδόξους,
611 1046 686 1111 κατά
711 1048 743 1112 δέ
766 1045 926 1133 ύπόιιρισιν
951 1048 1027 1135 πρός
1050 1047 1122 1126 τούς
1150 1049 1351 1135 ίερατεύοντας
1370 1073 1446 1116 συν-

278 1155 444 1237 ημμένους,
475 1153 532 1226 ἕως
552 1149 590 1215 άν
611 1148 780 1235 άφορισμός
799 1152 916 1236 γένηται
933 1158 987 1235 τῆς
1007 1150 1147 1235 τοιαύτης
1163 1152 1341 1236 βλασφήμου
1360 1153 1445 1236 αλρέ-

278 1277 369 1333 σεως,
399 1256 450 1320 καλ
476 1252 541 1319 τότε
565 1250 628 1317 κατ’
652 1251 745 1335 αὐτῆς
770 1249 970 1337 ὁρισθήσεται.
1008 1253 1063 1318 Ἐκ
1080 1253 1193 1320 τούτων
1215 1257 1248 1321 δέ
1263 1262 1323 1321 τῶν
1342 1253 1446 1331 οὕτως

278 1357 538 1441 άναβοιπτιζόντων
556 1352 608 1420 ἄπ’
625 1357 704 1420 ίδίου
723 1354 917 1437 κελεύσματος
942 1359 984 1432 είς
1000 1353 1143 1443 ἡμετέρας
1166 1354 1258 1434 άκοάς
1280 1355 1446 1437 4άφῖκται

278 1457 321 1536 είς
335 1457 478 1544 ύπάρχειν
494 1461 526 1524 ἐν
540 1465 578 1547 τῇ
591 1465 650 1522 τῶν
663 1461 786 1522 Λυκίων
797 1457 878 1546 χοόρρι
892 1459 1097 1544 πρεσβύτερος.
1142 1462 1213 1525 Είσλ
1230 1461 1263 1525 δέ
1277 1460 1328 1524 καλ
1345 1457 1444 1538 ἄλλοι,

279 1555 321 1629 οδν
337 1566 459 1637 ἕκαστος
473 1559 542 1626 καθ’
562 1557 667 1626 ἔαυτόν
682 1558 809 1642 εὔχεται,
832 1563 883 1626 καλ
901 1559 939 1627 ού
955 1559 1026 1645 μετά
1048 1589 1127 1639 τινος
1145 1560 1179 1628 τό
1198 1560 1359 1647 παράπαν,
1381 1562 1445 1626 ἐτε·

279 1691 328 1752 ροι
350 1667 383 1729 δὲ
408 1667 440 1729 ἐν
457 1672 568 1739 κλοιοῖς
582 1661 663 1748 παρά
686 1660 738 1728 τόν
752 1662 867 1746 θεσμόν
883 1668 937 1747 της
953 1666 1115 1746 ἐκκλησίας.
1161 1662 1274 1749 Διόπερ
1295 1666 1344 1730 έπλ
1364 1666 1444 1730 τέλει

277 1764 388 1842 παντός
404 1765 561 1852 τοῦλόγου
578 1769 716 1841 νεανίδας
734 1769 855 1849 ῡέφην,
879 1764 920 1848 μὴ
938 1765 1062 1849 ἐχούσας
1080 1763 1225 1851 άριθμδν,
1247 1765 1300 1843 τάς
1316 1791 1347 1831 τε
1362 1765 1442 1830 κατά

278 1867 333 1954 τὴν
348 1873 427 1935 ἰδίαν
446 1871 562 1934 ἔννοιαν
580 1869 724 1944 οἑαυταῖς
741 1866 943 1947 νεανιζούσας,
976 1867 1039 1935 ὀύ
1057 1868 1116 1952 μὴν
1136 1871 1178 1945 είς
1194 1867 1227 1934 τδ
1242 1866 1363 1955 άγαθδν
1381 1866 1439 1932 ’τό

276 1979 404 2037 τελειοῦν
421 1979 473 2055 τῆς
491 1977 601 2052 σοφίας
617 1968 653 2035 τά
670 1974 749 2054 είδη,
782 1970 955 2055 φρονήσεως
977 1996 1007 2035 τε
1026 1974 1076 2036 καί
1099 1969 1235 2055 άνδρείας
1252 1973 1304 2037 καλ
1319 1993 1439 2055 σωφρο-

277 2073 370 2158 σύνης
393 2077 444 2139 καί
465 2075 669 2156 δικαιοσύνης·
701 2075 756 2150 ’ἐξ
773 2065 816 2138 ὧν
831 2072 914 2138 άλλαι
932 2078 1115 2152 νεανίζουσαι
1134 2075 1184 2140 ἐπὶ
1204 2072 1239 2140 τό
1259 2069 1437 2159 τυραννικοί-

277 2203 362 2263 τερον
375 2180 427 2242 καὶ
442 2175 502 2243 άπό
517 2184 570 2260 τῆς
586 2173 728 2258 ἀληθείας
740 2173 849 2251 ἑαυτάς
864 2177 1048 2260 ἐκτρέπουσι,
1072 2175 1145 2242 όστε
1159 2173 1201 2259 μὴ
1215 2173 1289 2243 εἶναι
1302 2170 1434 2260 τἰριθμδν

277 2306 399 2346 τουτων.

363 2484 450 2568 Αὕτη
468 2485 501 2549 δέ
515 2481 537 2568 ἦ
552 2489 605 2567 μία
620 2480 774 2569 περιστερά
791 2485 841 2549 καλ
856 2480 926 2570 άγία
942 2486 1095 2569 παρθένος
1110 2483 1185 2550 θεδν
1198 2478 1342 2565 δμολογεῖ,
1371 2501 1428 2540 ποι-

276 2589 346 2674 τέρα
362 2589 412 2653 καλ
429 2586 497 2653 υἱόν
510 2589 561 2652 καί
580 2585 666 2672 άγιον
683 2593 809 2669 πνεῦμα,
831 2588 943 2671 πατέρα
957 2588 1076 2666 τέλειον,
1097 2585 1164 2653 υίόν
1177 2586 1292 2663 τέλειον,
1313 2586 1432 2661 πνεῦμα

277 2688 363 2776 άγιον
378 2689 494 2771 τέλειον,
518 2686 680 2772 όμουύσιον
691 2687 745 2771 τὴν
759 2688 878 2774 τριάδα·
902 2685 974 2754 άλλά
989 2688 1041 2754 τόν
1053 2687 1121 2755 υλόν
1143 2689 1219 2754 ῑθέιι
1234 2681 1346 2770 πατρδς
1362 2680 1435 2763 άλη-

275 2799 372 2869 θινοῖς
384 2794 609 2879 γεγεννημένον,
639 2793 689 2855 καλ
712 2789 745 2856 τό
773 2789 860 2876 ἅγιον
877 2799 993 2874 πνεῦμα
1010 2790 1067 2857 οόκ
1085 2790 1239 2877 άλλότριον
1260 2784 1370 2872 πατρός
1385 2784 1438 2849 καὶ

277 2898 364 2975 υίού,
394 2888 487 2960 οὖσαν
509 2895 540 2959 δέ
566 2892 611 2958 άελ
627 2892 682 2976 την
695 2891 817 2979 τριάδα,
840 2895 891 2958 καὶ
912 2897 1057 2977 μηδέποτε
1075 2893 1254 2981 προςθήκην
1272 2887 1440 2971 ἐπιδεχομέ-

275 3024 346 3081 την,
377 2995 419 3080 μὴ
435 3000 561 3080 ἔχουσαν
577 2998 610 3061 δέ
632 3022 660 3060 τι
677 2997 709 3061 ἐν
730 2997 868 3087 Ηέαυτῇ
883 2993 1088 3081 ύποβεβηκός,
1119 3000 1162 3072 είς
1178 3000 1249 3078 μίαν
1266 2994 1298 3058 δέ
1315 2988 1439 3071 ἑνότητα

274 3102 326 3166 καλ
342 3104 412 3181 μίαν
430 3097 522 3185 άρχην
537 3105 589 3165 τοῦ
607 3105 684 3163 θεοῦ
702 3099 753 3163 καλ
774 3098 886 3185 πατρός
901 3097 1101 3185 άναγομένην,
1131 3099 1183 3161 καλ
1205 3098 1238 3162 ἐκ
1255 3094 1365 3176 ταύτης
1384 3097 1440 3173 τῆς

273 3201 395 3287 τριάδος
418 3201 531 3287 πατρός
547 3203 597 3267 καλ
615 3204 685 3266 υίοῦ
709 3203 760 3266 καλ
784 3197 871 3286 άγίου
891 3201 1058 3285 πνεύματος
1074 3198 1110 3265 τά
1128 3198 1226 3265 πάντα
1247 3200 1437 3271 Ηέκτίσθαι,

275 3301 332 3371 σύν
349 3302 421 3370 ὄντα
442 3306 528 3383 ποτέ,
559 3303 626 3370 οὔτε
649 3301 774 3369 συνόντα
792 3311 834 3392 τῷ
850 3310 923 3393 θεῷ,
947 3303 1014 3369 οὔτε
1040 3300 1329 3387 ηπροϋπάρχοντα,
1351 3293 1435 3383 γενό-

276 3432 349 3490 μενα
371 3409 403 3472 δέ
423 3410 455 3473 ἐκ
477 3414 531 3473 τοῦ
553 3405 593 3490 μη
616 3405 701 3482 ὄντος
724 3409 767 3483 είς
787 3405 820 3472 τό
853 3403 974 3472 Ηείναι
999 3404 1059 3472 άπό
1082 3404 1195 3492 πατρός
1216 3406 1267 3468 καλ
1292 3404 1362 3466 υἱοῦ
1385 3399 1440 3463 καλ

276 3506 363 3596 άγίου
380 3508 559 3593 πνεύματος·
592 3511 643 3589 καλ
658 3516 764 3574 τοῦτον
789 3506 840 3575 τόν
856 3511 968 3596 πατέρα
991 3511 1041 3574 καλ
1060 3507 1127 3575 υίδν
1148 3510 1199 3574 καλ
1217 3504 1304 3592 ἅγιον
1320 3508 1442 3584 πνεῦμα

149 3633 202 3682 Μ·
210 3619 258 3668 ¹⁵¹·
277 3621 340 3689 τοῖς
352 3610 445 3678 αύτού
459 3608 556 3699 άγίυις
567 3610 787 3689 καταξιώσαντα
800 3614 832 3677 ἐν
845 3609 1001 3690 δπτασίαις
1013 3621 1154 3696 φανῆναι,
1173 3608 1312 3692 καθάπερ
1328 3604 1438 3670 ιὓέδύ·

275 3741 347 3782 νατο
364 3717 485 3791 ἕκαστος
503 3723 607 3800 χωρεῖν
624 3711 699 3780 κατά
717 3712 750 3780 τό
767 3714 894 3800 χάρισμα
917 3722 1012 3798 ιῡτῇς
1030 3716 1124 3781 αὐτοῦ
1141 3718 1269 3794 δυνατῆς
1282 3706 1441 3789 θεότητος,

276 3816 350 3904 ὅπερ
367 3821 509 3906 ἐχαρίζετο
525 3816 639 3908 ἑκάστω
655 3824 715 3883 τῶν
732 3819 976 3899 καταξιουμένων,
999 3815 1042 3902 πη
1058 3819 1111 3902 μέν
1125 3817 1238 3901 πατέρα
1252 3811 1439 3886 θεάσασθαι,

313 4027 335 4080 1.
352 4026 464 4093 τολμῶσι
479 4029 533 4079 edit.
551 4031 633 4078 Potoo.
869 4030 945 4091 ρτίιιο.
967 4032 1031 4078 ταλαί
1050 4025 1101 4094 μὲν.
1139 4025 1267 4075 θοταοτίιιτ
1287 4021 1354 4071 οττίθ
1371 4032 1440 4083 quae

310 4091 453 4155 2.κάνονας
466 4099 557 4147 volebat
570 4099 686 4147 Ρτίσυίιιι
713 4098 764 4147 Non
780 4110 839 4159 ομειε
872 4112 902 4145 ex
918 4095 1018 4162 propria
1037 4093 1160 4145 sententia
1177 4090 1224 4141 sibi
1241 4088 1300 4157 ipsis
1319 4083 1441 4134 iuvenili-

277 4169 310 4215 θλ
872 4173 912 4214 ter
929 4164 1096 4230 praestituunt
1112 4160 1145 4212 od
1159 4159 1252 4210 bonum
1268 4153 1382 4224 quidem,
1408 4163 1441 4203 ut

310 4201 335 4285 δ.
353 4229 417 4298 ‘W
434 4236 488 4284 τδίλ
506 4235 588 4282 Ρτίαυ.
871 4229 1010 4297 oopientiae
1032 4230 1128 4299 speeies
1149 4225 1293 4296 perficiant,
1321 4220 1439 4289 pruden-

311 4296 336 4351 4.
353 4298 456 4384 ἐρῖκται
470 4303 521 4351 cod.
540 4302 636 4364 Rhodio.
871 4298 971 4366 tiaeque
985 4317 1016 4350 oo
1032 4296 1196 4357 fortitudinis,
1214 4305 1240 4345 et
1254 4289 1391 4343 modestiae
1407 4307 1442 4341 ac

311 4369 336 4417 ὁ.
355 4373 470 4435 ευφημεῐ
483 4367 591 4438 ἐχούσας
604 4371 671 4421 codd.
684 4370 839 4420 εοεατίεδλλ
873 4365 997 4427 iustitiae,
1027 4383 1111 4417 verum
1125 4363 1268 4415 iuveniliter
1284 4368 1385 4427 agento·
1403 4358 1441 4408 od

274 4438 352 4500 θίίθθ·
871 4435 1031 4504 tyrannidem
1047 4433 1171 4485 excedunt
1188 4438 1238 4484 οτίί

310 4502 336 4555 6.
354 4498 443 4562 αύταῖς
460 4506 514 4555 odit.
530 4509 611 4557 Petoo.
909 4503 932 4557 8
952 4502 989 4563 είς
1000 4500 1029 4557 τδ
1044 4505 1100 4555 odit.
1115 4506 1198 4554 Ρτίαυ.

311 4569 335 4628 7.
353 4574 400 4622 Ρτο
423 4569 452 4623 ού
471 4570 521 4639 μδν
542 4578 568 4624 ιἰι
584 4576 652 4625 codd.
667 4589 721 4625 ιιιεε.
745 4579 766 4625 τί
785 4576 839 4626 τδίί.
