3096 5070
170 273 212 339 38
597 286 720 339 ειναει
737 286 908 339 mmmm

169 407 304 480 πίστεως.
357 402 441 468 ’Λλλό
465 405 540 468 ικαί
563 405 591 468 τί
610 408 734 470 δοκοῦσι
757 401 867 480 πάντες
889 401 1075 486 όπηλόσθαι,
1107 402 1228 480 πόντος
1254 404 1329 469 είσλν

171 509 291 575 ἐκεῖθεν
316 504 488 591 ἅνθρωποι·
519 504 578 571 οῦκ
603 509 724 591 ἐγχωρεῖ
744 505 800 592 γόρ
819 515 920 584 λεῖψαι
935 503 990 589 τὴν
1007 504 1106 592 πηγήν
1124 513 1177 589 τῆς
1193 511 1328 582 πίστεως.

174 611 286 676 Πολλοί
301 602 356 675 οῦν
372 605 613 692 όναχοιρήσαντες
628 615 688 674 τῶν
703 606 802 675 αότοῖν
816 608 979 675 Αόδιανῦν
994 615 1046 692 τῆς
1058 613 1190 686 Γοτθίας
1204 611 1255 675 καί
1270 615 1330 675 τόν

172 709 322 796 ἦμετέρων
346 718 460 796 μεροῖν,
486 713 628 777 ’ἐνταῦθα
656 710 793 787 ἐλθόντες
820 718 1017 796 παροικοῦσιν
1047 708 1107 777 αίπό
1138 718 1191 777 τοῦ
1219 708 1330 833 χρόνον

172 812 281 880 τοῦτον
296 816 370 881 ἐτῶν
385 809 545 937 τεσσάρων.
584 811 672 878 Ἀλλοί
686 816 736 879 καί
750 812 809 879 όπό
825 841 879 880 του
865 811 1049 893 ’Ταῦρου”
1032 840 1122 898 ορους
1140 812 1332 896 νἰνεχιίρησαν

115 984 128 997 Ι,
174 914 263 982 πόλιν
288 915 324 981 τό
346 923 407 982 τῶν
424 913 523 980 αότῦν
537 915 700 982 Αῦδιανῶν
714 916 912 1001 μοναστήρια,
935 914 996 982 ιίπό
1013 941 1042 982 τε
1058 924 1111 998 τῆς
1133 919 1332 996 Παλαιστίνης

127 1002 226 1095 1ιέ
248 1025 302 1101 τῆς
317 1015 472 1103 Ἀραβίας
503 1016 584 1101 θῆδη
605 1017 663 1141 γόρ
684 1021 739 1085 είσι
757 1020 999 1097 πεκλατνσμίνοι.
1043 1016 1165 1085 Λοιπόν
1180 1017 1213 1083 δέ
1228 1014 1331 1102 όλίγοι,

172 1120 227 1189 καί
241 1118 327 1206 όλίγα
348 1120 548 1206 μοναστήρια,
577 1120 651 1203 τόχα
666 1122 698 1185 δέ
712 1122 764 1186 καί
781 1123 837 1186 7ἐν
856 1123 924 1186 δυσί
940 1119 1054 1203 κόμαις
1069 1123 1102 1186 ἐν
1117 1129 1179 1196 τοῖς
1193 1144 1333 1202 προειρη-

47 1242 52 1253 ·
113 1266 120 1281 ·
173 1222 388 1313 μίνοιςμίρεσι
403 1221 480 1289 κατό
495 1221 529 1288 τό
555 1224 697 1308 ἐξιότερον
714 1225 856 1306 μέρος
819 1249 874 1305 τιγς
908 1228 1093 1302 οΧαλκίδος,
1122 1224 1174 1289 καί
1198 1223 1334 1288 ἐπέκεινα

86 1326 358 1411 ἡμασκοῦ,
386 1327 437 1392 καί
461 1333 521 1392 τόν
545 1334 643 1449 μερῦν
664 1334 716 1407 τῆς
736 1329 970 1409 Μεσοποταμίας
994 1327 1073 1392 ίστλν
1099 1324 1163 1410 δχρι
1187 1328 1276 1410 δεῦρο
1297 1322 1333 1391 τό

104 1416 272 1523 Qu
294 1431 336 1505 είς
355 1425 455 1514 όλίγον
476 1426 634 1509 περιστόν,
657 1455 699 1505 ως
720 1431 805 1511 ἔφην.

35 1544 73 1585 ’ἃ
104 1594 122 1619 ,χ
104 1494 193 1617 ‘fi'
259 1529 335 1596 Ἀλλ’
352 1532 408 1608 ίοις
426 1523 485 1597 οίδε
508 1533 618 1607 ἱκανῶς
633 1533 685 1597 καί
703 1535 771 1616 περί
796 1529 908 1597 τοῦτον
922 1529 1037 1614 ἐχειν
1015 1537 1155 1616 ιγγοῦμαι.
1201 1529 1336 1608 Οόςποι-

48 1624 113 1675 ⁸*-
177 1630 293 1716 ρελθων
317 1631 407 1700 πόλιν
423 1661 460 1699 τα
452 1632 551 1716 ἐξῆς
575 1633 784 1716 διασκοπήσω,
821 1637 872 1699 ίνα
896 1633 938 1716 μή
959 1659 986 1700 τι
1011 1638 1188 1718 mamm
1210 1660 1271 1698 τιον
1293 1636 1336 1710 είς

178 1737 333 1817 διαιρέσεις
344 1761 375 1801 τε
387 1738 439 1802 καί
452 1735 546 1818 τομός
559 1738 609 1803 καί
623 1740 666 1812 είς
680 1734 844 1813 διαστόσεις
858 1739 907 1802 καί
923 1739 965 1812 τίς
976 1741 1118 1818 σχίσματα
1132 1737 1164 1800 ἐν
1178 1743 1220 1824 τῷ
1232 1735 1334 1824 κόσμμ

178 1837 417 1921 συμβεβηκότων.
470 1841 513 1904 Et
538 1837 594 1924 γείρ
618 1840 669 1906 καί
703 1847 764 1929 θτῇ
789 1844 884 1905 πίστει
904 1836 960 1903 οῦκ
983 1834 1022 1905 όν
1044 1836 1262 1920 μεταλλόττοιεν
1283 1838 1333 1902 ιιαλ

178 1945 219 2026 τῷ
235 1940 339 2029 τρόπιμ
358 1946 515 2020 τοσοῦτον,
537 1939 596 2006 ἀλλ’
615 1940 698 2024 δμοος
711 1949 770 2006 πᾶν
785 1940 819 2008 τό
835 1941 987 2026 διαιρεθέν
1002 1942 1054 2006 καί
1070 1943 1102 2006 ἐν
1118 1944 1175 2027 βίῳ
1191 1935 1333 2024 όνομαίό·

179 2064 268 2124 μενον
288 2039 341 2124 ῦφ’
367 2040 493 2127 ιοἡμῶν
513 2041 588 2110 κατό
609 2042 642 2110 τό
660 2044 789 2110 δυνατόν
810 2041 847 2110 οό
870 2041 1183 2128 παραλειφθείσιταιἿ.

369 2394 549 2466 ΚΑΤΑ
604 2395 1149 2483 ΦΩΤΕΙΝΙΑΝΩΝ,

303 2509 511 2607 πεντηκοστὴ
538 2509 669 2611 πρώτη,
701 2510 724 2607 ἦ
753 2514 814 2586 καὶ
837 2509 1065 2607 ἑβδομηκοστὴ
1089 2508 1212 2610 πρώτη.

44 2676 156 2750 ΚΜ.
266 2657 433 2739 Φοτεινός,
462 2661 493 2738 ἐξ
509 2651 603 2741 οὗπερ
628 2660 837 2737 Φωτεινιανοί,
866 2661 899 2726 ίν
915 2657 1009 2748 τούτῳ
1027 2666 1071 2748 τῷ
1083 2659 1179 2747 χρόνῳ
1195 2655 1337 2740 ἤκμασεν,

181 2761 344 2839 ίπίσκοπος
363 2760 491 2848 γεγονός
507 2769 560 2844 τῆς
576 2759 662 2846 όγίας
678 2768 845 2843 καθολικῆς
863 2763 1034 2845 ίκκλησίας,
1067 2765 1157 2848 μανίη
1176 2756 1283 2842 α’ρθτλς
1300 2785 1339 2826 ου

181 2863 360 2954 μικροτάτη,
391 2862 450 2929 ἄλλ’
473 2863 670 2949 ἐμβρόντητος
691 2862 820 2949 γεγονός
841 2861 917 2948 ῦπέρ
938 2863 1054 2939 πάντας
1070 2861 1140 2939 τοῦς
1158 2861 1216 2945 πρό
1232 2860 1338 2942 αότοῦ,

182 2963 289 3048 ὅμοια,
310 2968 362 3032 καί
378 2969 513 3033 ἐπέιιεινα
526 2974 586 3032 τοῖν
605 2965 729 3034 Παύλου
742 2974 796 3032 τοῦ
813 2965 1013 3049 Σαμοσότεοος
1029 2967 1255 3047 διανενοημένος
1270 2966 1339 3050 περλ

61 3100 113 3146 μς.
124 3087 170 3133 n.
184 3076 239 3134 τοῦ
254 3070 322 3133 υίοῦ
336 3075 390 3134 τοῦ
405 3076 497 3148 θεοῦ,
526 3069 661 3152 ἐξεμίσας
675 3068 784 3155 λόγους
800 3065 983 3144 είσυστότους
999 3072 1195 3150 βλασφημίας.
1242 3059 1340 3143 Οῦτος

182 3172 215 3236 δέ
233 3167 351 3254 ὁρμᾶτο
370 3169 430 3238 όπό
446 3178 583 3256 Σιρμίου.
630 3175 691 3237 Καὶ
717 3171 766 3237 ὅτε
786 3172 841 3252 μέν
865 3178 955 3235 τοῦτο
976 3169 1010 3236 τό
1034 3169 1160 3249 ζιζάνιον
1177 3177 1217 3259 τῷ
1236 3168 1339 3256 κόσμῳ

184 3272 372 3357 τίςηγήσατο,
410 3273 497 3341 ιτότε
523 3272 586 3339 κατ’
615 3277 710 3340 ἐκεῖνο
733 3280 840 3355 καιροῦ
861 3275 911 3338 ἐπί
936 3276 1169 3339 ’Κονσταντίου
1186 3279 1240 3338 τοῦ
1256 3276 1341 3353 βασι-

182 3380 256 3453 λέοες
273 3374 377 3458 καιρός
392 3368 438 3458 ἦν.
483 3381 540 3453 Είς
561 3379 604 3443 ἔτι
621 3381 710 3459 δεῦρο
726 3383 832 3461 περιῆν
849 3383 888 3463 τῷ
911 3380 983 3464 βίῳ,
1014 3372 1074 3440 όπό
1092 3381 1145 3455 τῆς
1162 3376 1194 3439 ἐν
1209 3380 1244 3462 τῇ
1260 3379 1341 3455 Σαρ-

183 3484 253 3570 δικῇ
280 3485 476 3563 συναχθείσης
495 3486 617 3563 δυτικῆς
634 3479 766 3546 συνόδου
784 3479 996 3563 καθαιρεθείς,
1025 3474 1063 3542 δι’
1079 3475 1118 3557 ἣν
1134 3473 1254 3558 ἐξήμεσε
1271 3478 1339 3557 βλα-

185 3588 327 3665 σφημίαν.

271 3687 384 3751 Φόσκει
399 3685 432 3751 δέ
449 3677 537 3762 οῦτος
552 3682 686 3768 αίπαρχῆς
700 3680 753 3749 τόν
774 3680 904 3766 Χριστόν
920 3680 962 3764 μη
976 3677 1067 3760 τέναι,
1090 3676 1152 3747 οἷπό
1168 3681 1199 3746 δέ
1216 3683 1343 3764 Μαρίας

183 3792 234 3855 καί
250 3794 339 3870 δεῦρο
358 3785 472 3853 ἀότόν
484 3785 643 3870 όπόρχειν,
666 3784 745 3864 ἐξότε
761 3788 846 3867 φησὶ,
874 3784 914 3850 Τό
929 3792 1045 3867 πνεῦμα
1060 3782 1093 3849 τό
1109 3781 1195 3867 όίγιον
1212 3786 1343 3865 ἐπῆλθεν

185 3891 230 3960 ἐπ’
250 3889 372 3970 4αότόν,
395 3893 445 3957 καί
461 3888 607 3975 ἐγεννήθη
623 3892 656 3955 ἐκ
673 3888 839 3971 πνεύματος
853 3885 946 3975 όγίου.
979 3887 1019 3954 Τό
1036 3889 1069 3952 δέ
1082 3895 1197 3970 πνεῦμα
1209 3884 1242 3952 τό
1259 3882 1343 3971 ἅγιόν

185 4017 276 4079 φησι,
299 3991 341 4071 ιός
356 3991 502 4078 τολμηρός
515 3990 705 4077 όρχιτέκτοον,
734 3997 861 4076 νομίζειν
884 3991 957 4058 εἶναι
977 3996 1032 4057 τοῦ
1055 3995 1203 4076 Χριστοῦ,
1233 3989 1284 4051 καί
1302 3981 1344 4060 σός

219 4202 287 4257 51!
309 4201 355 4257 καὶ
376 4204 427 4254 eod„
445 4204 561 4267 Rhodia„
583 4205 647 4268 γοοδ
670 4208 747 4268 οιορίε
778 4205 857 4265 potius
871 4195 925 4265 ἤδη
939 4198 988 4267 γὰρ
1003 4216 1070 4264 ηοαν
1085 4192 1291 4260 πιπλατυσμίνοι

184 4277 269 4338 placet.
815 4269 839 4321 7.
857 4266 883 4320 ἐν
900 4284 988 4332 χιτοεγιο
975 4272 1040 4318 mitio
1054 4272 1141 4318 οπιίιεο
1156 4271 1189 4315 εει
1206 4267 1230 4314 in
1245 4264 1283 4312 ειί.
1299 4263 1343 4314 Ρα-

219 4349 243 4391 ο.
263 4342 373 4391 λέτίετίκε
394 4342 536 4401 potino
496 4341 536 4389 ίίο
538 4339 579 4390 die
603 4339 667 4389 εοίιιι
691 4349 749 4389 nunt
782 4343 829 4388 ίου.
851 4339 930 4386 Coton.
948 4342 1019 4397 repet.

186 4408 290 4474 dispers'
271 4426 298 4458 ει.
325 4411 521 4457 (Ιοεαοείίυεεείο
522 4425 582 4468 nem,
595 4410 649 4457 Εειε
652 4418 723 4456 tem
699 4409 749 4457 nim
817 4405 842 4455 8.
861 4403 981 4471 χαρκίδος
997 4407 1048 4454 cod
1070 4404 1165 4464 Βίιεδίρ

186 4477 234 4526 iam
254 4476 303 4525 δίυί
305 4475 365 4530 tuti
389 4481 546 4538 ρυιιιιιείίοοε
566 4480 714 4526 Ρείουίυει
691 4491 751 4537 ηι-ιιι
818 4471 895 4524 9
913 4489 958 4521 ο.οι
977 4474 1029 4521 ανδ.
1043 4473 1138 4530 ίίίιειίίρ.

186 4546 419 4597 σοπποδοιειυίυε
432 4557 480 4594 em
497 4547 604 4608 videtur,
627 4547 753 4608 requirent
821 4541 859 4594 10.
867 4532 1181 4607 ημῶνπτίμείμεοιίμων,
1193 4538 1344 4601 ρνοδοοιειεε
