3096 5070
376 256 515 310 canaan
532 256 596 308 cra
608 257 652 309 nr.
668 255 753 307 rou.
766 256 786 307 r.
801 253 902 307 ansa.
919 254 1039 306 uxxta
1230 243 1291 308 tor

129 377 177 462 qui
194 376 315 464 spiritns
332 379 449 466 proprie
467 376 645 441 nominatur.
691 375 748 440 llic
764 375 813 438 ille
832 376 904 438 deus
920 372 950 436 in
967 373 1093 437 ecclesia
1109 373 1289 456 celebratur,

128 492 360 566 semperpater,
392 500 509 564 semper
528 479 625 554 lilius,
656 476 1066 562 semperspiritussaoctus,
1101 476 1238 541 excelsus
1254 476 1291 540 ab

129 584 267 662 excelso,
291 584 350 646 imo
366 581 567 658 celsissimus,
592 579 640 664 qui
664 578 836 664 intelligibili
859 577 971 662 gloria,
997 588 1027 640 et
1044 576 1160 660 quidem
1177 579 1291 644 inlicita

128 686 277 770 praeditus
296 698 360 764 ost,
384 685 431 749 cui
448 694 548 748 creata
565 681 664 745 omnia
679 683 811 765 iactaque
826 692 895 743 suot
912 677 1031 741 omnino
1047 678 1192 757 subiecta,
1217 702 1292 764 quae

127 788 242 872 quidem
267 799 350 851 certa
379 807 516 850 mensura
547 805 582 848 ac
609 781 881 867 circumscriptione
905 781 1096 844 deliniuntur.
1151 776 1290 845 Ceterum

128 890 265 955 divinitas
282 910 341 954 una
365 889 440 972 apud
460 885 587 972 Moysen
607 885 764 971 praccique
789 883 990 969 praedicatur,
1021 883 1153 946 binarius
1174 882 1205 945 iu
1222 906 1290 968 pro·

129 992 223 1077 phetis
248 990 416 1073 diligentius
439 990 604 1066 couniatur,
638 987 753 1052 trinitas
776 1007 849 1051 vero
873 986 903 1048 iu
927 985 1090 1070 euuangeliis
1113 986 1289 1065 ostenditur,

130 1115 204 1180 quae
225 1114 278 1177 per
295 1104 425 1177 tempora
443 1091 708 1175 generationesque
724 1088 856 1173 singulas
872 1089 949 1151 iusto
970 1090 1005 1150 ad
1021 1087 1175 1151 scientiam
1190 1088 1292 1151 lidem-

129 1216 185 1279 quc
211 1193 335 1279 amplius
362 1194 546 1257 conveniret.
592 1191 637 1256 Ea
663 1213 751 1278 porro
777 1190 1002 1255 immortalitatis
1023 1188 1147 1253 scientia
1170 1211 1211 1254 ex
1236 1191 1291 1254 lide

129 1297 191 1379 ipsa
209 1296 256 1359 vel
277 1295 431 1380 adoptione
449 1294 590 1360 nascitur.
636 1292 697 1359 Sed
722 1295 842 1377 primum
865 1292 1090 1356 iustificationes
1115 1292 1214 1356 carnis
1230 1293 1291 1355 edi·

130 1399 184 1474 cit,
209 1402 289 1460 velut
304 1399 401 1482 templi
418 1400 560 1482 quoddam
579 1398 711 1461 euterius
728 1407 842 1481 septum
859 1396 887 1459 in
903 1393 1012 1480 Moyse
1030 1394 1185 1458 lacrioans.
1232 1392 1291 1458 Po·

129 1511 192 1563 stea
216 1520 287 1564 vero
309 1501 423 1563 animae
446 1501 671 1564 iustilicationes
692 1498 832 1583 exponit,
864 1509 1000 1581 tanlquam
1024 1507 1124 1560 sancta
1148 1500 1289 1582 quaedam

128 1604 201 1687 apud
226 1613 342 1666 ceteros
370 1604 526 1688 propbetas
554 1623 717 1666 exornans.
771 1600 878 1664 Tertio
908 1600 1033 1685 deniqne
1062 1600 1289 1664 instilioationes

129 1705 267 1790 spiritus,
302 1708 385 1789 quasi
414 1704 666 1789 propitiatorium,
701 1715 731 1767 ct
752 1714 854 1766 sarrcta
877 1715 1045 1766 sanctorum
1075 1704 1103 1766 in
1128 1703 1290 1786 evangeliis

129 1810 163 1871 ad
183 1808 227 1870 sni
244 1806 419 1870 domicilium
437 1807 602 1871 instruens.
648 1808 691 1870 At
707 1804 802 1869 sancti
826 1804 1006 1869 tabernaculi
1030 1806 1112 1883 loeo,
1137 1806 1290 1889 sanctique

127 1909 242 1994 populi,
266 1909 373 1972 iustum
392 1910 478 1973 babet
500 1931 606 1987 unum,
631 1910 680 1993 qui
701 1908 730 1970 in
749 1908 813 1971 istis
832 1918 980 1971 versatur.
1027 1908 1119 1972 labis
1141 1929 1289 1972 veronna

128 2013 223 2075 deitas
239 2011 350 2074 babitat
363 2012 553 2094 incorrupta,
578 2031 635 2074 una
653 2011 765 2087 deitas,
797 2031 872 2094 quae
887 2010 1064 2094 cogitatione
1078 2011 1191 2094 concipi
1208 2032 1289 2073 com·

128 2114 308 2199 prebendiue
340 2112 388 2177 vel
420 2112 580 2197 explicari,
616 2124 665 2176 aut
695 2113 788 2176 uideri
823 2134 881 2175 non
911 2122 1023 2196 potest,
1054 2133 1130 2195 qnae
1160 2112 1286 2197 seipsam

126 2217 190 2280 sola
208 2215 379 2298 cognoscit,
404 2213 553 2298 atquibus
573 2214 699 2277 voluerit
715 2215 865 2300 patelaoit.
910 2211 1021 2276 Eadem
1039 2224 1130 2277 testes
1146 2235 1218 2278 suos
1233 2236 1288 2279 rx·

127 2319 216 2395 citat,
240 2327 346 2394 vocat,
371 2327 439 2381 aute
456 2317 600 2394 destinat,
625 2317 835 2400 afficitgloria,
859 2316 895 2379 ab
915 2315 1019 2380 inieris
1037 2315 1153 2394 evellit,
1177 2318 1288 2380 sancti·

127 2419 214 2498 licat,
248 2431 276 2482 et
295 2422 330 2482 ad
346 2419 470 2504 gloriam
491 2419 637 2501 iidemque
652 2439 733 2481 snam
751 2419 806 2481 tria
824 2419 896 2483 haec
912 2418 942 2481 in
961 2440 1049 2482 unum
1067 2419 1146 2502 cogit
1164 2439 1200 2482 ac
1217 2441 1288 2482 cun·

126 2523 236 2601 sociat,
260 2522 419 2600 coelestia,
444 2533 580 2599 terrena,
613 2520 825 2600 subterranea,
855 2521 1008 2606 spiritum,
1033 2522 1175 2600 animam,
1200 2531 1287 2603 atque

125 2646 262 2703 carnem,
287 2625 394 2702 ladem,
418 2644 518 2708 spem,
543 2624 712 2686 caritatemc
743 2625 919 2707 praeterita,
951 2622 1136 2708 praesentia,
1169 2623 1283 2685 lutura:

126 2726 275 2789 sacculum
291 2726 417 2804 saeculi,
441 2727 559 2788 saecula
579 2724 775 2803 sacculorum,
799 2727 920 2790 sabbata
937 2726 1137 2801 sabbatorum,
1162 2724 1287 2786 circurn-

128 2826 270 2890 cisionrm
293 2827 407 2906 caruis,
432 2827 684 2891 circumcisionem
705 2828 821 2903 cordis,
855 2829 1107 2891 circumcisionem
1128 2823 1240 2890 ctu-isti
1256 2832 1286 2889 r'n
1300 2837 1351 2884 vat
1362 2839 1384 2897 t,
1396 2841 1429 2888 tt

126 2931 475 3012 acopob'tttrbnecorporas
492 2942 685 3011 peccatorum.
731 2925 866 3012 Denique
888 2929 1061 3014 sibimetipsi
1081 2932 1218 2993 uniuersa
1239 2949 1286 2992 re·

127 3042 248 3114 purgat,
274 3041 329 3094 tam
346 3053 421 3115 quae
436 3032 530 3096 vidcri
551 3042 700 3114 nequeunt
716 3052 800 3114 quam
820 3053 894 3115 qnae
912 3033 1098 3117 aspectabilis
1120 3043 1189 3095 sunt
1205 3032 1285 3094 tluo·

127 3152 201 3208 uos,
226 3132 459 3212 dominationes,
484 3134 681 3218 principatus,
707 3140 887 3218 potestates,
912 3138 1048 3200 uirtutes.
1096 3138 1126 3198 lo
1149 3136 1285 3198 oouribns

125 3255 198 3296 vero
214 3234 316 3297 eadem
331 3235 473 3320 sapientia
490 3247 519 3298 ot
532 3246 633 3299 saincte
652 3257 712 3300 vox
731 3257 747 3297 a
763 3237 856 3317 gloria
873 3238 1038 3321 ingloriam
1054 3244 1192 3313 Sanctus,
1216 3260 1282 3300 sun·
1294 3248 1412 3305 tutus

124 3348 205 3410 ctus,
235 3349 352 3399 sanctus
368 3338 554 3418 exclamans,
588 3361 622 3401 ac
637 3349 749 3423 patrem
770 3339 798 3401 in
818 3339 897 3417 lilio,
930 3340 1019 3405 nttun
1039 3342 1068 3404 in
1086 3353 1186 3426 patre,
1219 3362 1284 3402 caran

125 3439 230 3522 spiritu
249 3450 351 3502 sancto
368 3441 557 3524 praedicans,
582 3441 628 3504 cui
645 3441 738 3526 gloria
756 3452 785 3502 et
801 3441 952 3526 irnperiurn
971 3444 1133 3508 insaecula
1150 3444 1284 3506 saeculo·

19 3557 22 3562 ·
124 3561 207 3619 rnm,
230 3541 339 3604 Amen.
385 3541 425 3606 br
447 3542 525 3606 dicet
547 3542 594 3626 qui
617 3541 658 3605 ita
680 3543 789 3621 credit,
814 3541 897 3623 Fiat,
922 3546 986 3609 liat.

479 3661 661 3712 HACTENUS
676 3661 724 3711 EX
736 3663 926 3716 ArtcottuTO.

211 3829 293 3896 Haeo
309 3841 397 3911 sunt,
421 3852 496 3918 quae
516 3831 552 3895 de
570 3830 734 3914 lidcpatris
753 3854 788 3897 ac
812 3834 860 3897 lilii
883 3847 912 3900 et
927 3837 1047 3923 spiritus
1063 3836 1156 3900 sancti
1174 3835 1283 3921 scripta
1301 3831 1423 3903 capxt.

158 4019 199 4070 20.
219 4018 265 4085 plu
279 4015 374 4085 beirna
391 4013 511 4086 ἄπειρος,
530 4016 577 4086 μία
594 4013 688 4083 beirna
754 4017 796 4072 24.
813 4019 941 4075 ἐνεστῶτα
959 4026 1044 4074 Aaron.

124 4080 187 4154 ἀφ’
206 4091 290 4137 ΑΜ,
755 4105 795 4156 25.
828 4105 939 4161 καθόλου
966 4105 995 4161 bl
1016 4107 1183 4174 acceperuut
1202 4105 1283 4179 ἑαυτῇ
1345 4182 1349 4189 ,

157 4159 199 4207 ‘ll-
218 4153 298 4223 ἕαυῒῇ
316 4157 401 4207 Amr·
720 4169 752 4227 τά
770 4171 850 4227 πάντα
870 4178 952 4226 Aacnr.

158 4225 200 4275 Ἡ.
219 4223 263 4276 καὶ
281 4239 325 4274 cm.
344 4226 428 4275 Aacor.
616 4246 619 4254 ’

157 4291 200 4342 ¹23.
217 4290 260 4344 aul
281 4295 441 4355 particulam,
469 4307 531 4356 quoe
550 4295 574 4342 ta
587 4294 688 4344 Pacarii
753 4259 795 4310 ²⁶
815 4258 892 4326 mia
908 4258 952 4312 “i
969 4276 1015 4311 Μ’
1035 4264 1120 4313 ΑΜ·

125 4360 190 4410 libris
213 4364 285 4424 vutpo
310 4362 457 4411 desideratur
474 4365 619 4427 (Amometus
634 4376 688 4411 eam
755 4345 796 4397 ¹2¹·
815 4342 845 4398 bi
862 4361 906 4395 ⁰¹¹¹·
926 4348 1011 4397 Amr·

125 4428 323 4506 tueturl,'repetit
348 4443 378 4480 ea
403 4433 496 4491 audebo
519 4432 567 4483 Ξῐτ
581 4432 689 4481 amanen·
755 4429 885 4494 *Πληρῶ
908 4433 958 4482 rod.
972 4435 1018 4484 lca.
1053 4435 1101 4487 Abs
1114 4436 1165 4488 cod
1181 4437 1279 4503 llbedip.

124 4494 286 4562 metaphoran„
721 4502 785 4549 abeat
801 4502 876 4552 omnis
891 4502 1035 4565 subscriptio.
