3096 5070
377 285 514 340 aaaron
529 286 592 338 ore.
611 287 655 336 ru.
672 285 753 338 rora.
768 286 799 336 n.
819 276 937 336 nxros.
954 285 1019 335 nro.
1041 282 1184 337 cernon
1292 273 1354 336 aar

282 403 442 469 Praeterea
461 401 611 469 Christum
629 426 645 467 e
664 402 761 468 Maria
780 424 898 490 semper
914 404 1030 488 virgine
1048 423 1152 472 reuera
1172 412 1272 467 natum
1287 425 1355 469 csse
1373 413 1505 483 civa.

198 509 307 588 credit,
340 529 375 571 ac
391 507 489 593 reipsa
513 528 638 593 corpus,
670 529 727 571 non
748 509 846 593 specie
873 507 1018 571 duntaxat
1039 505 1189 582 induisse,
1221 525 1353 587 earnem,

197 613 334 696 inquam,
358 630 524 696 corpusque
537 629 653 688 vuum,
678 631 743 673 cum
762 609 879 673 ossibus
896 631 929 672 ac
947 608 1060 685 nervis,
1084 607 1261 691 reliquisque
1279 629 1354 692 quae

197 715 281 779 nohis
300 714 400 777 irrsuut
417 711 571 790 omnibasq
603 711 675 775 nihil
690 723 721 775 ut
737 732 753 773 a
772 711 856 774 nobis
882 711 953 796 ipsis
971 721 1174 796 praeterquam
1194 709 1354 774 excellenti

197 817 318 903 quadam
337 814 504 879 sanctitatis
526 836 561 877 ac
577 813 738 878 divinitatis
761 813 855 899 gloria
875 812 1038 898 discrepet,
1070 823 1131 875 tum
1150 812 1225 895 quod
1243 812 1353 875 sancti·

197 920 266 983 tatis
280 939 315 981 ac
329 917 459 980 iustitiae
476 938 530 979 vas
544 917 593 980 sit.
626 915 723 981 Habet
739 926 835 980 autem
856 916 952 979 omnia
972 914 1183 1000 perfectissime
1195 914 1269 977 citra
1285 935 1354 998 pec·

197 1031 305 1084 catum.
338 1015 438 1100 Quare
456 1019 580 1082 humana
594 1039 698 1082 revera
715 1029 761 1083 est
773 1019 869 1081 anima
885 1018 1044 1103 praeditus,
1070 1017 1252 1099 humanaque
1271 1036 1352 1079 men-

198 1133 244 1201 te3
263 1143 321 1184 arou
338 1123 412 1203 quod
431 1133 556 1184 mentem
576 1121 748 1207 hypostasin
762 1141 829 1184 esse
846 1120 987 1197 dicamus,
1005 1130 1036 1182 ut
1048 1120 1190 1183 affirmant
1200 1117 1261 1181 alii.
1295 1114 1353 1183 Ce-

198 1235 292 1289 terum
309 1224 385 1287 nulla
404 1223 515 1308 pcccati
531 1224 704 1308 contagione
721 1224 852 1299 loedatus
870 1233 934 1302 est3
959 1243 1104 1305 nunquam
1124 1241 1157 1284 os
1175 1221 1252 1284 illins
1270 1240 1352 1284 men-

198 1327 280 1389 titum
300 1337 356 1406 est,
374 1330 471 1412 ll'eqcc
481 1329 556 1388 ledan
571 1330 664 1389 dolum
675 1329 768 1388 locuto
781 1335 866 1398 eunt5
887 1346 938 1388 cor
954 1325 989 1387 ad
1004 1323 1176 1387 irritandum
1194 1324 1279 1386 deum
1292 1310 1504 1398 odoramata.

198 1426 365 1505 declinavit,
391 1449 473 1492 mens
489 1429 523 1491 ad
540 1449 575 1492 ea
592 1448 666 1513 quae
683 1429 766 1491 nefas
782 1436 828 1490 est
845 1448 902 1491 non
919 1427 1051 1505 deflexit,
1076 1447 1146 1489 caro
1161 1425 1231 1489 nihil
1247 1446 1350 1490 eorum

197 1551 271 1616 qnae
291 1531 325 1593 ad
346 1532 442 1595 carnis
459 1530 638 1616 voluptutem
658 1531 805 1615 pertinent
820 1529 947 1608 admisit,
972 1531 1042 1593 deus
1063 1528 1099 1592 ab
1115 1539 1237 1592 aeterno
1255 1529 1351 1613 perle-

197 1646 274 1711 ctus,
300 1633 420 1716 quinon
439 1643 471 1696 ot
487 1633 515 1696 in
534 1632 650 1695 homine
670 1632 811 1696 habitaret
827 1632 957 1708 advenit,
983 1632 1033 1694 sed
1051 1632 1172 1695 verbum
1190 1631 1282 1716 ipsura
1298 1631 1350 1695 lto-

196 1735 303 1799 minem
324 1735 435 1814 induit,
460 1757 517 1798 non
537 1746 642 1798 natura
658 1744 817 1813 mutatum,
841 1734 893 1797 sed
913 1754 977 1797 earn
994 1755 1069 1816 quae
1086 1733 1212 1797 ltomiois
1232 1733 1349 1819 propria

197 1848 325 1902 osteum
344 1836 495 1900 divinitate
513 1837 708 1920 complexum.
755 1833 788 1898 ln
805 1835 929 1919 virginis
947 1845 1031 1898 utero
1051 1856 1157 1899 revera
1179 1837 1296 1920 genitus
1314 1855 1349 1899 ac

195 1962 249 2025 per
265 1939 410 2024 genitales
427 1948 540 2002 meatus
554 1939 584 2001 in
603 1939 696 2002 locem
711 1938 823 2015 editus,
849 1938 913 2000 sine
933 1936 992 1999 ulla
1007 1936 1200 2021 turpitudine,
1226 1939 1350 2002 foedita-

195 2052 242 2122 te,
268 2041 410 2105 rellabe.
455 2039 529 2105 Post
545 2041 617 2104 haec
636 2041 792 2118 educatus,
824 2035 1133 2123 atqueaSymcoue,
1167 2039 1349 2104 etAnuain

196 2145 272 2208 ulnis
287 2154 420 2227 gestatus
434 2165 450 2206 a
462 2141 560 2207 Maria
576 2154 717 2228 portatus,
735 2143 793 2206 iter
808 2152 908 2225 postea
923 2140 1043 2226 pedibus
1058 2142 1196 2220 coniecit,
1218 2141 1349 2226 peregri·

196 2256 362 2326 natusest,
387 2247 422 2310 ad
441 2246 594 2332 pueritiam
611 2244 762 2330 pervenit,
787 2251 883 2308 aetate
902 2244 1111 2307 corroboratus
1126 2255 1188 2321 est,
1222 2245 1348 2308 humana

193 2349 223 2413 in
237 2370 271 2413 se
289 2348 387 2412 omnia
403 2350 532 2432 perfecte
548 2347 667 2425 lrabuit,
701 2367 841 2410 annorum
867 2347 1067 2431 mensiumque
1094 2367 1214 2408 numero
1240 2367 1348 2411 census

193 2462 251 2528 est,
275 2452 304 2514 io
323 2450 512 2536 praegnantis
527 2461 610 2513 utero
627 2460 770 2533 gestatus,
786 2452 888 2533 scotres
906 2454 1068 2523 emrtlr'erc,
1091 2451 1187 2530 sectus
1202 2450 1255 2510 sud
1272 2452 1344 2530 lege.

193 2552 308 2618 Deinde
325 2555 361 2616 ad
378 2551 533 2616 lordauem
553 2554 701 2638 profectos
726 2562 791 2631 est,
825 2551 989 2636 ibidemque
1007 2550 1149 2615 aloannc
1165 2551 1342 2642 baptizatus,
1366 2568 1419 2616 oet.
1430 2569 1486 2627 at

194 2677 258 2738 oum
283 2656 394 2719 lotione
416 2656 487 2718 nihil
513 2677 585 2741 opos
608 2654 748 2733 haberet,
780 2655 831 2718 sed
848 2666 880 2718 ut
896 2675 930 2719 ea
948 2674 1021 2739 quae
1045 2663 1199 2738 susceptae
1223 2652 1348 2718 hominis

194 2767 317 2821 naturae
340 2767 539 2821 consentanea
564 2766 632 2821 aunt
648 2767 800 2836 servaret,
831 2755 960 2821 iustitiae
984 2758 1078 2842 legem
1105 2756 1277 2842 perturbare
1294 2777 1348 2819 no·

193 2859 264 2936 luit,
295 2871 329 2920 ut
345 2863 524 2939 impleretur,
542 2859 781 2944 quemadmodum
795 2859 858 2944 ipse
877 2860 964 2939 dicit,
998 2865 1087 2923 omnes
1102 2865 1227 2933 rustitio,
1261 2869 1347 2944 atquc

193 2981 293 3026 veram
309 2983 327 3025 a
343 2983 376 3025 se
392 2982 510 3026 carnem
527 2982 686 3045 veramque
700 2961 825 3025 hominis
842 2974 975 3026 naturam
994 2972 1160 3049 susceptam
1179 2982 1246 3026 esse
1262 2978 1499 3038 mon-oteramo.

193 3074 313 3129 straret.
360 3061 454 3148 lgitnr
469 3065 504 3127 ad
523 3084 614 3148 aquas
642 3063 812 3144 descendit,
843 3065 883 3128 ita
904 3075 1001 3127 tamen
1022 3075 1055 3128 ut
1071 3067 1219 3129 conterret
1240 3062 1347 3149 aliquid

194 3165 393 3252 potiusquam
414 3168 580 3253 acciperet,
605 3166 763 3251 largiretur
781 3167 874 3252 magis
893 3187 979 3251 ᾳαααα
996 3167 1039 3230 rei
1058 3168 1217 3252 cuiuspiam
1235 3165 1347 3249 indige·

192 3279 250 3334 ret.
297 3264 411 3352 Quippe
436 3269 552 3332 easdem
571 3269 636 3332 illas
654 3290 744 3353 aquas
764 3291 818 3333 sua
835 3270 900 3332 lucc
918 3268 1117 3347 collustravit,
1148 3280 1179 3331 et
1193 3269 1229 3333 ad
1243 3289 1346 3332 eorum

193 3370 313 3454 quaein
334 3390 401 3432 sese
421 3369 595 3455 perficienda
617 3382 719 3450 erant,
752 3373 978 3436 adumbraudam
999 3369 1172 3454 imaginem,
1203 3371 1346 3454 quandam

192 3473 250 3536 vim
262 3471 326 3536 illis
342 3472 496 3557 impertiit,
529 3482 560 3535 nt
578 3472 626 3556 qui
641 3473 697 3558 ipsi
712 3494 819 3537 revera
837 3475 1012 3553 crederent,
1044 3495 1079 3537 ao
1096 3473 1229 3539 veritatis
1244 3481 1347 3536 essent

193 3574 249 3636 lida
265 3574 405 3658 praediti,
436 3574 636 3656 intelligerent
653 3596 711 3637 uon
735 3574 815 3638 illum
838 3576 904 3640 ficte
930 3576 1083 3641 humanam
1107 3576 1237 3640 induisse
1263 3584 1346 3638 natu·

192 3696 274 3754 ram,
311 3695 404 3760 neque
429 3675 496 3740 licto
520 3695 587 3739 csse
612 3677 694 3760 aquis
717 3676 889 3739 intinctumc
921 3679 1081 3762 eademque
1105 3689 1135 3740 et
1154 3678 1207 3763 ipsi
1230 3676 1346 3742 ratione

191 3800 245 3864 per
267 3800 330 3842 eam
359 3800 443 3863 quam
466 3778 514 3840 ille
546 3798 615 3862 prae
646 3797 678 3840 se
704 3778 812 3840 tulerat
840 3781 1135 3845 accommodationem
1159 3780 1344 3859 accedentes,

191 3881 312 3945 inditam
328 3880 406 3944 illios
425 3880 619 3945 descensione
636 3878 694 3943 vina
711 3879 741 3942 io
760 3899 828 3943 sese
844 3883 1041 3960 transierant,
1071 3881 1259 3965 eiusdemque
1281 3882 1347 3947 lucc

191 3984 415 4070 perfundantur,
436 4004 493 4066 quo
510 3981 710 4067 propheticum
729 3981 884 4067 impleatur
900 3984 1065 4061 oraculum,
1088 3988 1139 4047 Ad
1148 3988 1345 4047 immutandam

190 4093 340 4160 minatam,
365 4088 623 4166 conciliandaeque
637 4088 757 4146 salutem
773 4108 811 4146 ec
831 4088 881 4147 illo
892 4090 977 4165 penei
993 4091 1113 4160 urltnte,
1138 4108 1210 4168 qnae
1226 4089 1264 4148 ab
1278 4089 1346 4150 Hie-

191 4192 313 4251 rusnlem
334 4193 489 4269 recepitur,
524 4209 714 4270 equorumque
731 4192 769 4249 ui.
818 4186 873 4251 llic
898 4188 974 4252 enim
994 4189 1023 4251 in
1041 4184 1162 4253 Christo
1186 4190 1269 4274 panis
1286 4189 1346 4253 vir·

190 4297 236 4352 tus
251 4311 286 4352 ac
304 4291 349 4353 vis
366 4311 458 4374 aquae
475 4290 698 4370 corroboratum
729 4300 761 4353 ut
786 4311 844 4354 uon
868 4290 951 4375 panis
976 4291 1037 4377 ipse
1064 4291 1103 4355 sit
1131 4292 1215 4356 nobis
1237 4293 1342 4376 virtus,

188 4390 240 4453 sed
264 4390 358 4454 virtus
379 4413 397 4453 a
419 4412 492 4476 pane
510 4393 658 4476 prolecta3
683 4414 718 4455 ao
734 4392 816 4457 cibos
837 4394 951 4479 quidem
971 4403 1074 4459 noster
1093 4394 1174 4479 panis
1194 4406 1257 4477 est,
1290 4397 1342 4463 sed
