3096 5070
284 282 347 345 550
444 331 446 335 ,
709 291 834 344 ειυοτι
851 292 1023 342 τεινιιιιιιι

284 410 335 474 καλ
349 415 409 473 τοῖν
427 413 628 492 δαλματικῶν,
651 409 745 496 ἤγουν
761 413 924 492 κολοβέων,
945 410 997 473 καλ
1015 417 1071 475 τοῦ
1086 416 1258 494 πλατυσμοῦ
1274 418 1333 476 τοῖν
1350 417 1451 492 φυλα-

285 515 429 594 κτηρίων,
462 515 593 578 τουτέστι
622 511 763 595 σημάτων
791 519 846 594 τῆς
874 510 1050 598 πορφύρας,
1082 515 1134 578 καί
1167 516 1359 597 κρασπέδων,
1393 515 1450 578 καλ

286 615 416 698 βυλσκων
439 616 490 679 έπλ
513 613 549 678 τά
565 613 707 699 πτερύγια
731 622 785 697 τῆς
810 612 990 698 άμπεχόνης,
1021 613 1106 680 άτινα
1127 623 1220 681 ταῦτα
1240 615 1374 702 έτάγγανε
1395 637 1451 696 ση·

286 725 355 799 μεῖα
369 723 423 798 τῆς
438 713 508 800 παρ’
527 715 628 793 αὐτοῖς
646 714 711 802 άχρι
729 724 837 802 καιροῦ
853 718 1033 802 ἐγκρατείας·
1056 722 1087 783 οἳ
1103 720 1154 783 καί
1172 720 1383 804 παρειςέφερον
1399 719 1450 803 γέ-

286 839 365 884 νεσιν
385 820 436 883 καλ
465 821 651 902 εἱμαρμένην.

373 924 592 1000 Σαδδουκαῖοι,
625 919 903 1004 Μέρμηνευόμενοι
925 921 1130 1001 Δικαιότατοι,
1163 927 1195 988 ολ
1216 924 1267 987 καλ
1288 925 1321 988 έκ
1342 923 1452 1006 γένους

288 1023 340 1106 μέν
356 1015 433 1106 ἦσαν
451 1030 659 1107 Σαμαρειτῶν,
682 1021 760 1106 ὁμοῦ
780 1023 812 1088 δέ
828 1025 879 1088 καλ
898 1025 998 1107 ἱερέως
1013 1024 1151 1103 Σαδοῦκ,
1172 1030 1285 1109 νεκρῶν
1301 1025 1354 1107 μέν
1373 1023 1452 1090 άνά-

287 1145 389 1189 στασιν
410 1121 606 1210 α’ρνούμενοι,
628 1127 678 1191 καλ
695 1124 737 1208 μή
753 1126 985 1209 παραδεχόμενοι
1001 1123 1142 1212 άγγελον,
1165 1128 1239 1209 μηδὲ
1255 1133 1387 1209 πνεῦμα,
1408 1125 1451 1192 τά

288 1227 321 1292 δέ
341 1225 430 1291 λοιπά
452 1224 550 1292 πάντα
571 1225 654 1304 ὄντες
673 1225 821 1293 Ἰουδαῖοι.

370 1325 649 1415 Ἠμεροβαπτισταί,
681 1335 713 1394 οἳ
738 1331 791 1412 μέν
813 1327 888 1395 κατά
910 1329 1008 1395 πάντα
1025 1330 1170 1397 Ἰουδαῖοι
1192 1324 1283 1413 ἦσαν,
1315 1334 1453 1412 ἔφασκον

288 1430 321 1496 δέ
336 1432 449 1513 μηδένα
465 1439 542 1516 ζωῆς
561 1435 686 1498 αἰωνίου
708 1431 877 1518 τυγχάνειν,
908 1436 935 1498 εί
949 1432 990 1516 μή
1012 1460 1040 1498 τι
1062 1431 1098 1498 άν
1116 1432 1187 1498 καθ’
1202 1432 1328 1516 ἑκάστην
1342 1437 1453 1516 βαπτί·

288 1539 374 1614 ζοιτο.

369 1635 527 1718 Ὀσσηνολ,
551 1641 581 1702 ολ
599 1636 637 1720 δὴ
652 1634 839 1718 Ἰταμάτατοι
856 1637 1075 1722 έρμηνεύονται.
1112 1629 1207 1702 Ἦσαν
1226 1638 1258 1702 δέ
1275 1629 1359 1703 οῦτοι
1373 1635 1453 1703 κατά

288 1736 386 1804 πάντα
406 1736 458 1803 τδν
474 1737 566 1822 νόμον
580 1746 746 1818 τελοῦντες,
770 1742 895 1825 έχροίντο
914 1741 945 1805 δέ
961 1742 1012 1805 καλ
1031 1748 1161 1825 γραφαῖς
1177 1741 1289 1822 ἑτέραις
1307 1738 1379 1825 μετά
1396 1737 1453 1805 τάν

289 1840 391 1924 νόμον.
439 1839 517 1917 Τοῦς
538 1843 570 1906 δέ
592 1847 712 1918 πλείους
733 1848 792 1907 τῶν
814 1844 967 1937 μετέπειτα
989 1848 1153 1925 προφητῶν
1175 1841 1384 1923 άπεβοίλλοντο.

377 1953 581 2030 Νασσαραῑοι,
608 1951 643 1990 ⁶7
654 1949 686 2008 οἲ
704 1943 934 2028 έρμηνευόμενοι
949 1944 1145 2026 Ἀφηνιασταλ
1154 1995 1163 2023 ,
1185 1949 1217 2009 ολ
1232 1951 1331 2009 πᾶσαν
1346 1967 1453 2028 σαρκο-

290 2053 403 2134 φαγίαν
437 2044 692 2134 ιἰπαγορεύουσιν,
726 2045 869 2130 έμψῦχων
900 2048 933 2112 δέ
962 2045 1027 2112 οὐδ’
1058 2046 1133 2128 ὅλως
1164 2044 1450 2129 μεταλαμβάνουσιν.

281 2148 370 2235 Ἀγρι
392 2151 424 2215 δέ
448 2151 607 2225 Μωυσέως
630 2151 681 2214 καλ
708 2147 850 2231 68Ἰησοῦ
871 2156 926 2214 τοῦ
954 2156 1047 2232 Ναυῆ
1069 2158 1132 2224 τοῖς
1155 2151 1188 2214 έν
1204 2155 1241 2238 τῇ
1259 2147 1448 2232 Ποντατεύχφ

290 2249 385 2340 άγίοις
406 2250 531 2334 ὀνόμασι
557 2257 745 2337 πατριαρχῦν
766 2253 937 2336 κεχρημένοι
961 2277 991 2316 τι
1013 2253 1062 2316 καλ
1086 2249 1286 2330 πιστεύοντες,
1316 2250 1393 2330 φημλ
1412 2248 1444 2311 δέ

288 2352 439 2438 Ἀβραάμ,
473 2357 525 2420 καὶ
540 2353 660 2432 Ἰσαάκ,
693 2355 744 2418 καλ
766 2351 891 2435 Ἰακτάβ,
920 2356 972 2418 κα“ι
999 2361 1057 2419 τῶν
1086 2351 1241 2432 άνωτάτω,
1273 2353 1323 2416 καί
1349 2348 1444 2412 αῦτοῦ

292 2460 450 2534 Μωῦσέως
470 2460 521 2523 καλ
541 2455 657 2537 Ἀαροίν
677 2457 729 2520 καλ
749 2453 853 2537 Ἰησοῦ.
902 2454 962 2532 Τάς
983 2458 1015 2521 δέ
1032 2462 1085 2539 τῆς
1109 2453 1305 2535 Πεντατεύχου
1326 2448 1446 2535 γραφάς

292 2561 351 2628 οῦκ
372 2557 447 2625 είναι
473 2561 631 2635 Μωῦσέως
658 2562 894 2644 δογματίζουσιν·
927 2556 1017 2634 άλλάς
1040 2559 1072 2623 δέ
1095 2555 1177 2644 παρά
1195 2555 1305 2630 ταύτας
1325 2555 1448 2635 οδέγειν

291 2667 539 2747 διαβεβαιοῦνται.

373 2763 567 2849 Ἡρωδιανολ,
591 2767 622 2828 οἳ
638 2761 777 2828 Ἰουδαῖοι
793 2763 846 2844 μὲν
858 2755 936 2846 ἦσαν
950 2760 1026 2828 κατά
1040 2761 1154 2840 πάντα,
1175 2758 1310 2846 Ἡράδην
1327 2759 1361 2824 δέ
1380 2764 1454 2842 Χρι-

290 2866 361 2934 στδν
385 2865 637 2953 έθπροςεδάκων,
659 2868 709 2930 καί
726 2864 823 2954 τούτφ
839 2867 908 2951 περλ
921 2873 975 2930 τοῦ
992 2872 1124 2951 Χριστοῦ
1141 2867 1299 2930 έπεδέδουν
1313 2863 1384 2948 γέρα
1401 2862 1454 2926 καί

291 2968 398 3054 ὄνομα.

381 3065 479 3148 Οῦτος
493 3079 610 3156 πρῶτος
627 3077 662 3117 ⁷¹
676 3068 767 3153 τόμος
787 3070 929 3154 περιέχων
949 3067 1024 3134 κατά
1047 3075 1150 3134 πασοῖν
1164 3074 1225 3132 τῶν
1246 3069 1359 3131 ε’ίκοσιν
1374 3066 1453 3148 αίρέ-

291 3195 381 3241 σεων·
411 3176 444 3240 έν
464 3174 545 3262 αύτῷ
573 3174 605 3238 δέ
621 3175 669 3238 καλ
688 3170 709 3256 ἦ
726 3173 794 3256 περί
815 3179 868 3254 τῆς
887 3178 1019 3255 Χριστοῦ
1043 3173 1183 3254 ένδημίας
1205 3165 1370 3247 ύπόθεσις,
1402 3169 1453 3231 καλ

291 3274 312 3361 ἦ
334 3283 389 3360 τῆς
414 3276 557 3360 άληθείας
581 3273 739 3360 ὁμολογία,
773 3271 794 3357 ἡ
814 3279 867 3356 μία
888 3277 938 3340 καλ
960 3273 1038 3357 μόνη
1060 3266 1137 3339 οῦσα
1158 3279 1212 3337 τοῦ
1234 3279 1310 3336 θεοῦ
1334 3266 1455 3351 άληθῆς

291 3384 396 3456 πίστις.

378 3483 439 3547 Καλ
454 3483 510 3557 έως
526 3482 580 3563 μέν
594 3472 653 3545 οἶδε
673 3475 695 3562 ἦ
709 3486 769 3544 τῶν
783 3476 840 3564 πρά
862 3485 994 3564 Χριστοῦ
1010 3482 1119 3545 είκοσιν
1137 3479 1277 3563 αίρέσεων
1292 3474 1455 3558 άντιλογία,

292 3587 342 3652 καλ
363 3586 432 3670 περί
452 3588 593 3662 πίστεως,
614 3583 665 3647 καλ
688 3583 755 3667 περὶ
777 3589 831 3665 τῆς
852 3580 998 3668 ένσάρκου
1020 3589 1074 3647 τοῦ
1098 3586 1231 3667 Χριστοῦ
1253 3581 1431 3663 παρουσίας.

170 3817 221 3864 τις.
235 3805 279 3852 115.
380 3787 538 3865 ΗΕῦθῦς
553 3787 716 3871 ἐπεδήμησε
733 3784 807 3853 κατά
824 3785 955 3871 πόδαςὴ
972 3794 1027 3852 τοῦ
1042 3791 1147 3872 κυρίου
1160 3782 1248 3868 ἡμῶν
1258 3781 1359 3864 Ἰησοῦ
1378 3788 1460 3866 Χρι-

291 3900 362 3958 στοῦ
384 3894 526 3978 ένσαρκος
555 3895 720 3976 παρουσία,
750 3889 816 3973 ἥτις
841 3893 982 3974 κατέλαβε
1010 3886 1133 3973 Ππριίς
1157 3884 1211 3962 τάς
1236 3886 1460 3970 προειρημένας

291 3994 365 4062 έπτά
389 3997 529 4079 αίρέσεις,
561 3996 593 4060 έν
619 3993 696 4058 Νδέ
718 3989 938 4078 Ἱεροσολύμοις.
978 3990 1104 4074 Ἕσβεσε
1128 3991 1159 4056 δέ
1185 3989 1293 4063 ταύτας
1317 3984 1338 4069 ἦ
1358 3986 1460 4052 αὐτοῦ

292 4097 433 4180 δύναμις,
467 4099 519 4161 καὶ
546 4097 720 4161 διεσκέδασε.
773 4094 892 4161 Λοιπδν
922 4096 954 4160 δέ
983 4092 1044 4160 άπδ
1074 4101 1128 4177 τῆς
1156 4092 1250 4157 αὐτοῦ
1271 4092 1459 4172 ἐπιδημίας,

324 4337 366 4393 66.
383 4342 419 4392 lta
435 4341 502 4391 codd.
518 4353 591 4400 πυτ,
615 4341 657 4389 τεο
672 4341 728 4390 εδδ(
744 4351 798 4388 cum
812 4352 853 4388 οτ-
886 4352 948 4401 seqq.
969 4340 1021 4388 οοελ
1036 4339 1132 4400 λίνοις.
1152 4337 1217 4405 ναβῆ
1240 4334 1308 4384 habet
1320 4347 1364 4394 pro
1379 4333 1460 4398 ιαυῆ.

290 4411 361 4460 ίίοιιλο
378 4409 402 4462 οἱ
419 4404 621 4473 ἐρμηνευόμενοι.
921 4403 961 4455 09.
983 4403 1046 4474 ἔχειν
1064 4408 1127 4455 abest
1144 4419 1160 4453 α
1177 4406 1228 4455 τοο.
1248 4403 1343 4465 λίνοις.

324 4476 366 4528 67.
383 4479 489 4526 Fortasse
507 4475 537 4527 ολ
918 4471 957 4523 70.
977 4471 1142 4539 προςεδέκουν
1161 4474 1211 4523 eod.
1232 4473 1327 4533 ίίίιεδίς.
1337 4505 1345 4530 ,
1363 4474 1384 4519 εί
1401 4472 1459 4520 cod.

324 4541 365 4597 68.
389 4539 491 4612 Ἰησοῦν
515 4544 569 4597 edit.
596 4544 678 4596 Ριεου.
703 4546 791 4594 vitiose.
826 4544 853 4594 1ο
887 4544 1077 4594 λειοτάτου.
