3096 5070
405 310 544 365 ranann
560 312 626 364 nro.
640 313 684 364 nr.
697 312 783 365 nora.
795 313 827 365 n.
845 312 946 366 naun.
959 313 1094 365 uxxvn.
1260 301 1322 366 389

165 441 313 519 pravatatn
330 432 408 496 illam
425 431 584 517 significari
599 431 685 509 volo,
710 432 762 495 sed
780 452 845 496 eam
860 451 934 516 qnae
949 431 984 495 ed
1002 432 1143 497 honestos
1158 433 1237 497 ritae
1252 455 1323 499 usus

165 535 317 620 officiaque
339 535 515 619 requiritur,
548 553 681 618 quaeque
702 534 772 598 nihil
791 533 879 598 habet
903 534 978 618 quod
998 533 1178 598 diuinitatem
1197 556 1255 598 non
1273 536 1323 599 de-

164 638 263 718 ceat),
297 636 346 720 qui
369 638 484 700 tandem
512 635 645 715 esurire,
679 635 727 699 vel
751 637 878 700 esuriem
902 636 1033 721 cogitare
1054 637 1168 721 potuit?
1211 634 1323 702 Dolore

163 760 236 803 vero
254 739 399 822 quomodo
417 738 510 824 potuit
526 737 617 815 affici,
649 738 675 800 si
691 737 903 801 anima-mente
920 758 954 829 ac
974 738 1166 801 ratiocinandi
1187 740 1324 804 facultate

164 844 302 907 destituta
321 841 424 918 luerit,
450 853 482 902 nt
502 850 552 903 aut
568 840 692 903 rationis
708 860 818 925 expers
835 850 931 918 esset,
966 850 1016 903 aut
1031 839 1156 904 animem
1174 861 1242 904 caro
1260 840 1323 904 nul-

114 948 123 968 ‘
164 947 219 1009 lam
238 944 378 1008 haberet?
422 937 514 1006 Ccrte
529 943 553 1006 si
573 942 715 1005 eiusmodi
731 941 802 1023 luit,
826 943 927 1006 dolore
944 942 1024 1007 nullo
1039 943 1087 1006 vel
1102 963 1237 1006 moerore
1252 964 1324 1006 con·

164 1046 239 1110 trahi
265 1045 368 1131 potuit.
416 1041 492 1107 Snnt
516 1055 545 1108 et
570 1045 626 1107 alia
653 1044 772 1129 generis
799 1045 929 1109 ciusdem
954 1044 1181 1129 quamplurima,
1217 1044 1321 1129 quihus

163 1149 261 1214 auimo
275 1147 495 1232 comprehensis
515 1146 734 1230 intelligendum
753 1145 822 1210 illud
840 1148 924 1211 nohis
943 1158 1008 1226 est,
1041 1145 1185 1211 eiusmodi
1204 1147 1321 1210 cavilla·

165 1251 260 1313 hones
283 1260 312 1311 et
330 1249 460 1333 argutias
484 1249 588 1313 inanes
608 1270 642 1312 ao
662 1269 899 1334 supervacaneas
924 1270 1010 1327 esse,
1043 1259 1073 1314 et
1088 1250 1123 1313 ad
1141 1249 1255 1312 illorum
1268 1249 1323 1312 te·

164 1353 282 1415 riendos
304 1351 416 1416 animos
441 1362 576 1436 spectare
599 1351 712 1435 potius,
746 1353 794 1436 qui
813 1353 888 1416 ultra
913 1374 998 1436 quam
1020 1373 1074 1438 par
1095 1361 1141 1416 est
1161 1353 1269 1415 efferre
1288 1372 1322 1416 se

163 1453 351 1537 intelligendo
380 1455 497 1532 volunt,
535 1475 630 1538 neque
653 1475 686 1516 se
714 1474 749 1517 eo
774 1455 869 1517 metiri
894 1454 1010 1518 modulo
1034 1475 1069 1518 ac
1093 1475 1249 1533 mensura,
1286 1454 1323 1518 ad

164 1576 248 1641 quum
273 1578 326 1620 nos
346 1557 549 1620 sanctissimus
575 1557 708 1620 hortatur
735 1556 902 1642 apostolus,
937 1578 1001 1621 cum
1025 1555 1069 1620 sio
1090 1558 1244 1621 admonet:
1276 1560 1461 1628 Nestoras.

163 1665 305 1740 supremus
322 1671 520 1741 praeterquam
543 1663 619 1741 qaod
637 1671 749 1740 oportet
768 1668 876 1740 supere.

248 1762 368 1825 Atenim
388 1761 543 1825 nonnullas
567 1761 730 1846 scripturae
749 1761 833 1825 nobis
850 1761 1041 1825 auctoritates
1060 1761 1212 1825 obiiciunt.
1259 1756 1320 1825 Cu·
1367 1772 1428 1840 cup.
1542 1809 1545 1814 .

166 1864 290 1927 iusmodi
309 1863 387 1926 istud
403 1874 465 1925 est:
497 1867 558 1924 Nos
574 1875 666 1925 osten
682 1875 798 1926 mentem
813 1866 1083 1938 Chirodamas,
1115 1874 1161 1943 et,
1187 1868 1315 1940 Videsne,
1330 1841 1476 1964 ιξίξξξῐί.

165 1967 316 2051 inquiunt,
350 1969 460 2027 Christi
482 1977 598 2026 mentem
618 1979 753 2028 nncstm
771 1988 832 2027 esse
854 1970 1015 2028 diuersum?
1058 1963 1252 2031 0mirilicam
1271 1967 1324 2030 ho-

164 2070 273 2132 minnm
289 2066 481 2153 imperitiaml
527 2064 605 2130 Nam
624 2068 660 2130 ad
676 2069 751 2152 quod
771 2068 875 2152 cuique
891 2068 1002 2131 libitum
1018 2077 1064 2130 est
1080 2069 1242 2153 scripturae
1259 2090 1323 2133 ser·

165 2192 267 2235 mones
285 2168 504 2252 accommodat,
529 2179 559 2232 et
577 2170 606 2231 in
628 2191 685 2253 qno
709 2170 829 2234 callidus
849 2180 878 2233 et
895 2180 1018 2253 argutus
1041 2190 1108 2234 essa
1124 2171 1258 2250 videtur,
1291 2170 1321 2234 iu

164 2295 200 2337 eo
215 2274 280 2358 ipso
297 2273 377 2336 rudis
395 2283 481 2355 atque
496 2271 649 2356 imperitus
665 2272 809 2336 cernitur.
855 2270 973 2335 Etenim
990 2273 1064 2355 quod
1082 2273 1117 2336 ad
1135 2294 1188 2337 nos
1203 2273 1320 2353 attinet,

164 2376 213 2460 qui
232 2380 498 2457 r‘nrperitr'serrnone
517 2397 630 2448 snmus,
663 2397 719 2436 nnn
734 2379 869 2448 senentio,
901 2375 942 2437 uti
959 2374 1098 2458 scriptum
1118 2386 1180 2454 est,
1213 2376 1320 2461 quique
1332 2392 1475 2450 attentat

163 2487 194 2541 et
210 2479 376 2541 mediocres
397 2477 551 2540 admodum
569 2496 671 2541 snmus
683 2518 698 2555 ,-
717 2486 746 2540 et
764 2476 927 2540 istiusmodi
945 2477 1109 2554 hominum,
1134 2477 1182 2560 qni
1200 2476 1236 2540 ab
1254 2498 1321 2541 eru·

164 2578 468 2664 ditione‘paratissimi
486 2590 573 2657 sunt,
598 2577 777 2643 admiramur
794 2579 925 2663 ingenia,
950 2579 1048 2642 animo
1062 2578 1254 2643 vehementer
1269 2579 1321 2642 ob·
1381 2587 1383 2592 '

163 2681 375 2764 stupesoimus,
408 2683 483 2764 quod
509 2682 544 2744 ad
566 2682 684 2744 inanem
707 2702 741 2744 ao
765 2661 944 2764 pertinacem
967 2703 1051 2745 suum
1073 2681 1160 2745 istum
1186 2700 1318 2744 errorem

162 2783 404 2860 asseverandum,
429 2783 510 2846 illum
531 2784 651 2847 omnino
670 2783 834 2868 scripturae
853 2785 948 2848 locum
965 2784 1075 2847 afferre
1091 2804 1149 2846 non
1168 2782 1320 2848 dubitave-

162 2885 238 2961 rint,
270 2901 391 2946 oumne
410 2885 557 2974 minimam
584 2885 699 2969 quidem
726 2886 812 2950 istins
836 2886 980 2971 dogmatis
1006 2883 1248 2969 significationem
1268 2885 1320 2948 ha-

164 2985 243 3049 beat.
287 2989 349 3047 Nos
369 2992 459 3060 enain,
491 2988 584 3072 inquit
608 2989 774 3072 apostolus,
809 2991 920 3050 Chresti
937 2999 1053 3049 mentem
1071 2989 1213 3049 dolemus.
1260 2983 1320 3073 lgr'-
1369 2979 1373 2989 ⁸

166 3099 212 3151 tur
229 3086 295 3170 quid
314 3098 423 3151 tantem
442 3085 579 3153 Christus
605 3091 661 3170 sit,
678 3086 866 3175 ¹Christique
892 3111 993 3166 mens,
1026 3090 1061 3153 de
1079 3089 1137 3152 illis
1153 3091 1319 3175 percontari

165 3212 219 3254 nos
240 3200 367 3274 oportet.
414 3189 478 3254 Hoc
499 3193 613 3276 quidem
631 3193 659 3256 in
676 3194 742 3257 looc
760 3193 836 3257 alind
854 3213 922 3255 esse
940 3187 1110 3268 Christum,
1136 3192 1213 3256 aliud
1233 3189 1321 3257 Chri-

165 3293 203 3357 sti
219 3292 419 3370 divinitatem,
450 3292 586 3357 arbitrari
605 3316 637 3359 se
654 3296 868 3359 demonstrant.
916 3293 961 3357 Ao
979 3294 1004 3356 si
1023 3295 1130 3358 mentis
1150 3295 1214 3358 loco
1233 3290 1320 3359 Chri-

166 3407 241 3458 stum
261 3392 423 3478 aceipiant,
458 3389 607 3459 Christum
632 3418 705 3461 varo
726 3397 818 3460 solam
839 3418 854 3458 n
871 3391 991 3460 Christo
1011 3408 1175 3482 susceptam
1196 3396 1321 3459 hominis

171 3506 304 3560 naturam
330 3495 492 3580 appellent,
528 3497 557 3559 in
585 3497 669 3560 aliam
699 3519 753 3561 uos
782 3499 981 3582 quaestionem
1008 3498 1178 3562 coniiciunt.
1234 3495 1322 3581 Quod

166 3599 257 3685 igitur
279 3609 344 3683 post
362 3597 592 3661 incarnationem
618 3599 663 3661 dei
681 3600 802 3662 uerbum
824 3621 858 3664 ac
876 3601 921 3664 dei
941 3601 1016 3665 filius
1040 3601 1222 3679 declaretur,
1254 3620 1322 3685 per·

166 3702 298 3787 spissum
315 3709 379 3778 est3
403 3719 437 3761 ac
454 3698 570 3762 tametsi
589 3700 726 3762 nonnulla
746 3701 781 3764 de
796 3721 831 3764 ea
848 3703 1014 3767 testimonia
1029 3702 1245 3767 antecesserint
1259 3702 1321 3785 qui·

163 3805 218 3869 hus
240 3804 374 3867 velante
400 3801 630 3864 incarnationem
652 3797 788 3866 Christus
812 3805 952 3888 appellari
978 3806 1113 3884 videtur,
1142 3805 1172 3867 in
1189 3805 1252 3888 ipsa
1276 3804 1322 3867 rti-

166 3906 323 3970 hilominus
353 3903 558 3966 incarnatione
583 3903 776 3987 complentur.
832 3900 972 3969 Ceterum
1001 3927 1096 3991 neque
1121 3906 1259 3970 divinitas
1284 3906 1320 3970 ab

166 4010 229 4098 ipsa¹
257 4004 368 4073 Christi
393 4006 586 4091 appellatione
609 4005 786 4083 secluditur,
820 4026 915 4091 neque
934 4006 1010 4069 illius
1032 4007 1195 4072 incarnatio
1218 4019 1249 4072 et
1269 4008 1321 4072 hu-

167 4132 253 4174 mana
276 4120 412 4194 snscepta
441 4119 544 4172 natura
563 4106 628 4171 sine
650 4107 700 4171 tali
724 4108 868 4172 vocabulo
887 4108 1065 4172 nominatur.
1111 4108 1202 4174 Velut
1221 4111 1321 4176 inillo

165 4210 230 4274 loco
247 4223 379 4275 constat:
403 4216 449 4272 Ne
465 4215 573 4273 rimeris
591 4217 620 4273 in
639 4215 724 4273 eorde
742 4223 804 4285 tuo,
832 4216 900 4291 (lur‘s
917 4216 1045 4274 aseendit
1061 4217 1090 4274 in
1106 4216 1236 4275 coelam?
1265 4218 1318 4277 hoc
1329 4237 1396 4284 sam.
1410 4236 1470 4296 ιῃ

165 4325 210 4373 est
222 4317 363 4376 Chrr‘sturn
378 4318 530 4388 deducere,·
555 4325 615 4387 out,
642 4317 711 4392 Qar's
726 4318 876 4376 descendet
890 4319 918 4375 in
932 4316 1087 4394 odyssum?
1109 4319 1220 4378 horest
1236 4321 1319 4379 ctri-

164 4425 237 4474 stum
253 4436 269 4475 e
288 4421 405 4477 mortuis
421 4419 567 4476 ddueere.
615 4412 774 4479 Praeterea
793 4417 868 4480 idenr
887 4417 950 4502 ipse
973 4416 1015 4479 sic
1039 4417 1187 4502 loquitur:
1223 4424 1260 4482 Ut
1274 4443 1320 4483 ec·
1328 4443 1471 4501 lom-1¹3

162 4529 306 4595 gnosrnnt
329 4529 355 4578 te
381 4520 471 4579 solnm
498 4523 595 4591 mum,
631 4531 661 4580 et
683 4540 762 4600 quern
788 4524 1005 4587 meraritarum
1033 4524 1186 4585 Chn'stnrn.
1234 4520 1319 4621 Quae
