3096 5070
424 283 561 338 raanan
579 283 645 365 crs.
660 285 704 336 ιιι.
720 284 803 337 rou.
821 285 851 335 ιι
869 282 969 336 naen.
982 284 1113 337 cxxrn
1284 263 1343 340 ἰιι

190 407 225 472 ad
240 405 344 470 inanes
360 422 395 470 ac
413 401 911 494 pertinaciae'snacconsentaneas
927 424 995 468 sese
1019 403 1130 469 fabulas
1151 407 1344 470 transierunt.

189 507 400 594 Nam'nngnes
412 509 492 573 illum
510 519 541 571 et
558 527 675 571 carnem
693 527 728 571 ao
746 507 878 592 capillos,
902 518 1060 591 ceteraque
1079 506 1176 571 omnia
1192 526 1252 571 oon
1270 509 1349 572 eius·

189 610 269 676 modi
291 611 388 696 qualia
413 612 443 674 in
467 609 554 674 nobis
580 610 699 689 insunt,
732 610 869 673 babuisse
892 610 1080 696 praedicant,
1115 611 1166 673 sed
1193 630 1349 694 unguesa

187 715 301 780 nostris
317 713 469 791 diversos,
500 712 659 796 itidemque
685 732 802 775 carnem
821 731 855 776 ao
872 713 984 796 reliqua
1006 712 1034 775 id
1054 732 1148 796 genus
1166 733 1225 775 nou
1243 710 1349 776 similia

189 829 378 893 nostrornm,
410 815 462 878 sed
488 813 524 877 ab
549 813 584 876 iis
606 814 693 897 longe
717 813 924 899 discrepantia.
969 813 1117 878 Nimirum
1142 825 1173 877 nt
1198 812 1348 879 Valentini

189 942 224 985 ac
247 930 412 983 ceterarum
435 937 508 1000 quas
533 928 620 980 antea
644 917 939 982 commemoravimus
962 917 1126 981 haereseon
1151 936 1233 980 more
1259 917 1349 981 caril-

190 1018 294 1086 latoria
317 1020 439 1104 quadam
465 1019 576 1101 argutia
596 1014 716 1083 Christo
734 1018 892 1102 gratificari
917 1019 1083 1084 rideantur.
1129 1017 1213 1085 Unde
1232 1041 1297 1084 cum
1313 1040 1349 1084 ea

191 1124 289 1189 omnia
302 1142 376 1206 qnae
389 1121 489 1184 insunt
502 1119 533 1183 io
550 1117 672 1185 Christo
685 1122 815 1208 perfecte
832 1121 1023 1207 absoluteque
1040 1123 1241 1209 profiteamur,
1260 1123 1349 1186 multa

190 1226 231 1289 illi
250 1225 286 1288 de
302 1224 406 1288 eodem
419 1222 545 1288 absurde
559 1243 594 1286 ac
611 1223 728 1287 curiose
743 1222 893 1308 disputare
910 1224 1018 1288 solent.
1065 1223 1111 1289 lte
1127 1246 1184 1310 qno
1201 1225 1348 1289 bominum

190 1346 320 1412 genere,
361 1326 409 1411 qui
432 1347 497 1389 eum
525 1325 680 1390 multarum
707 1346 804 1390 rorum
833 1335 987 1411 satagant,
1023 1327 1093 1392 nibil
1119 1337 1216 1391 tamen
1244 1338 1347 1413 agunt,

191 1430 337 1514 scriptura
353 1429 494 1492 meminit.
540 1423 658 1492 Etenim
676 1449 733 1512 quo
747 1426 898 1492 radiorum
914 1429 1027 1493 animos
1044 1431 1167 1515 quodam
1184 1430 1265 1494 relut
1281 1430 1349 1494 bor-

190 1552 260 1596 rore
278 1531 469 1617 perfundant,
500 1512 572 1595 bier
588 1531 746 1595 identidem
772 1530 931 1594 obiiciunt:
964 1530 1046 1617 Ergo
1064 1532 1230 1596 istiusmodi
1245 1554 1350 1619 corpo·

190 1634 232 1700 ris
258 1633 500 1716 necessitatibus,
534 1654 608 1719 qnae
635 1633 941 1711 eiiamiliaressnnt,
972 1634 1131 1699 obstrietus
1150 1636 1220 1710 init,
1253 1632 1348 1720 qualis

190 1737 304 1822 egestio
328 1746 374 1800 est
393 1757 428 1800 ac
452 1737 612 1801 secessus?
654 1736 775 1799 Addunt
792 1745 822 1798 et
839 1735 895 1799 alia
914 1735 1071 1819 pleraque,
1102 1758 1177 1821 quae
1193 1737 1296 1801 callida
1313 1758 1349 1801 ae

190 1840 308 1904 subtilia
331 1839 485 1916 videntur,
520 1839 572 1902 sed
597 1838 743 1901 horrenda
766 1837 928 1901 otiosorum
953 1838 1102 1902 bominum
1132 1840 1241 1903 ludicra
1266 1849 1346 1902 suut.

190 1941 288 2019 Nam,
317 1950 349 2004 ιιι
365 1942 407 2003 ait
421 1940 579 2025 propbeta,
609 1945 673 2022 quai
697 1944 766 2002 doec
782 1963 798 2001 e
813 1942 941 2002 monibus
963 1947 1065 2004 cestris
1082 1947 1253 2024 requisivit?
1296 1939 1501 2017 Demeam

191 2064 319 2130 monam
337 2063 411 2105 vero
426 2061 466 2106 ex
481 2042 615 2106 omnibns
633 2042 754 2122 sanctis,
778 2044 894 2106 tametsi
912 2043 1045 2106 laomines
1060 2054 1161 2107 essent
1177 2043 1347 2130 propbetas,

190 2167 249 2210 non
267 2145 324 2225 dii,
356 2154 387 2207 nt
415 2155 444 2207 et
466 2144 666 2229 evangelistae
692 2145 860 2229 ceterique,
892 2147 940 2229 qni
958 2165 1000 2209 ex
1016 2143 1111 2209 anima
1128 2158 1157 2209 et
1173 2167 1261 2210 carne
1278 2167 1349 2209 eon·

189 2248 325 2327 stabant,
358 2268 394 2310 ae
409 2247 473 2310 sine
492 2246 551 2310 ulla
569 2246 748 2310 dubitatione
768 2246 862 2313 nostri
881 2247 993 2311 similes
1013 2258 1115 2327 erant,
1148 2249 1211 2332 quis
1231 2248 1346 2329 borum,

188 2352 319 2436 inquam,
345 2350 445 2414 extitit
460 2350 495 2413 da
511 2369 568 2434 quo
582 2349 725 2413 eiusmodi
742 2351 883 2434 quaedam
901 2351 1067 2436 conscripta
1084 2350 1210 2413 luerint?
1238 2348 1348 2415 Nonne

188 2455 286 2540 potius
303 2452 509 2518 honestissima
525 2472 657 2538 quaeque
676 2452 713 2516 de
730 2452 857 2532 sanctis,
889 2454 994 2517 nedum
1021 2455 1057 2517 dc
1073 2449 1193 2518 Christo
1218 2454 1347 2534 domino,

190 2555 335 2641 scriptura
357 2556 506 2619 testatur?

277 2656 384 2721 Dicant
403 2658 488 2721 nobis
512 2656 533 2720 ii
553 2658 601 2742 qui
624 2668 655 2720 et
680 2677 753 2720 ores
774 2658 957 2738 absterrent,
993 2669 1022 2722 et
1043 2657 1191 2722 columbas
1212 2658 1344 2743 abigunt,
1395 2679 1456 2745 ⁰⁸9·

191 2774 221 2827 et
239 2759 352 2827 Christi
378 2780 472 2844 agnos
497 2781 531 2822 ac
551 2780 658 2844 peoora
684 2761 802 2844 legant,
833 2760 951 2824 ubinam
968 2759 1092 2848 Moyses
1113 2762 1182 2824 totis
1204 2761 1261 2824 illis
1277 2782 1347 2846 qna·
1390 2748 1460 2801 xvi.

191 2865 323 2949 draginta
340 2863 442 2925 diebus
461 2873 594 2925 ventrem
612 2863 844 2926 excaecaverit?
872 2884 996 2947 qnormm
1023 2866 1058 2927 ad
1075 2884 1224 2928 secessum
1245 2864 1352 2927 abierit

192 2965 273 3030 Elias
291 2967 325 3028 ad
341 2975 502 3029 torrentem
520 2961 651 3044 Charra,
677 2985 741 3028 eum
760 2967 895 3028 mandato
911 2967 975 3044 dei,
1006 2987 1080 3051 qrrae
1095 2987 1111 3029 a
1128 2967 1227 3029 corvis
1244 2967 1349 3029 aliero-

191 3069 298 3132 bantur
313 3066 440 3145 oibaria,
465 3066 520 3131 boc
535 3079 580 3130 est
597 3078 733 3130 mntutr'ao
753 3081 876 3149 tempore
885 3090 997 3151 ponem,
1023 3092 1136 3151 verpere
1152 3093 1253 3132 carnes
1271 3091 1346 3131 ema-
1377 3086 1469 3184 ⁸11⁸?

191 3176 293 3234 ederet.
355 3168 502 3234 Nimirum
536 3171 653 3234 stultum
691 3181 757 3235 erat
784 3172 856 3234 baec
884 3192 901 3234 a
930 3172 1074 3256 scriptura
1109 3173 1345 3251 commemorari,
1414 3171 1422 3197 '

191 3272 432 3359 qrreoradmodnm
447 3283 477 3335 et
491 3272 556 3338 illos
573 3276 658 3337 modo
677 3274 855 3358 perscrutari
873 3275 991 3338 stultum
1010 3286 1067 3337 est.
1114 3272 1197 3358 Quae
1216 3275 1291 3339 enim
1309 3295 1348 3339 ex

191 3378 227 3441 iis
248 3376 358 3439 utilitas
382 3375 490 3459 percipi
514 3379 629 3460 potest?
658 3377 723 3460 qnis
741 3375 829 3440 animi
850 3377 980 3439 lrnrtrrs?
1010 3397 1083 3461 qnae
1103 3397 1138 3440 eo
1157 3389 1268 3440 tontum
1282 3397 1350 3461 spe·

191 3488 251 3541 ctat
267 3487 299 3540 ut
318 3478 353 3539 ad
373 3488 575 3562 praesumptae
595 3478 743 3541 cuiusdam
762 3479 908 3563 opinionis
926 3479 1126 3544 infidelitatem
1143 3481 1349 3544 adstruendam

190 3571 378 3643 inanissimas
396 3579 569 3641 occasiones
586 3579 698 3664 frigidis
712 3580 769 3643 illis
786 3581 870 3664 nugis
887 3592 914 3645 et
932 3583 966 3644 ad
982 3583 1144 3645 animorum
1162 3582 1348 3645 eversionem

190 3680 305 3745 idoneis
330 3680 505 3765 suppeditet.
552 3680 650 3747 Velim
671 3692 698 3744 et
719 3681 773 3745 boc
796 3704 885 3767 porro
904 3683 988 3746 nobis
1011 3685 1192 3762 edisserant,
1226 3706 1348 3767 qrranam

190 3786 306 3848 ratione
332 3785 425 3862 detes,
456 3804 521 3846 eram
543 3785 652 3858 voluit,
685 3784 712 3845 id
737 3785 832 3866 egerit
857 3796 887 3847 nt
908 3782 1105 3850 israelitarum
1126 3796 1203 3849 totns
1226 3787 1350 3870 qnadra-

189 3888 271 3973 ginta
296 3907 391 3950 annos
415 3905 509 3969 ncqrre
533 3885 581 3970 pili
604 3896 794 3963 crescerent,
827 3907 881 3949 nec
898 3887 1100 3951 inveterarent
1120 3887 1230 3967 calcei,
1255 3908 1349 3972 oeque

190 4001 290 4054 restes
307 3999 518 4066 attererentur,
543 3999 594 4050 aut
608 3987 745 4050 sordibus
760 3987 1001 4052 obsolescerent?
1045 3990 1093 4053 An
1111 3999 1140 4053 et
1154 3987 1201 4052 isti
1215 3992 1250 4053 de
1265 3991 1350 4056 coelo

190 4093 424 4156 descenderant?
452 4102 501 4153 aut
518 4090 557 4154 dii
573 4089 687 4154 scilieet
706 4101 792 4154 erant
810 4089 918 4174 aliqui?
960 4090 1053 4175 Atqui
1077 4111 1113 4154 na
1133 4091 1289 4158 laudantur
1307 4094 1349 4157 illi

190 4194 326 4278 quidem,
357 4194 409 4258 sed
437 4193 566 4256 divinum
594 4213 700 4257 numen
724 4194 753 4256 in
779 4192 927 4278 plerisque
951 4204 1160 4278 provocarunt.
1212 4197 1261 4260 An
1289 4217 1348 4260 noo

192 4396 385 4449 Consternantes
400 4399 464 4449 enim
487 4409 596 4449 mentem
616 4397 755 4466 simplicio·
789 4403 837 4449 tce.
857 4401 935 4449 Goion.
954 4405 1025 4463 repet.

190 4481 244 4517 rum
262 4467 346 4517 atatim
366 4467 452 4517 dicunt
470 4472 520 4519 cett.
822 4469 846 4517 Q,
864 4463 978 4532 κομισαι
995 4470 1031 4518 td.
1050 4470 1131 4521 Pelttv.

226 4532 284 4587 cre.
298 4535 368 4586 XVt.
386 4564 419 4575 -
457 4540 477 4588 t.
495 4533 539 4592 και
552 4551 597 4591 om·
614 4539 639 4591 ta
653 4538 690 4591 ed·
706 4538 751 4592 Pr·
819 4534 842 4589 3.
861 4526 912 4603 nipe
928 4539 996 4592 codd.
1013 4551 1068 4591 mn.
