3096 5070
360 307 497 363 rsuuau
515 308 579 360 orn.
597 308 642 359 ru.
659 278 776 361 ronst.
795 307 894 361 nara.
910 307 1031 362 anxur.
1235 298 1275 364 85

116 434 220 512 ipsios,⁸
244 441 310 492 onte
323 433 465 494 soeculum
479 432 613 510 fundauit
626 451 684 504 me,-
708 441 774 492 onte
788 433 880 491 omnio
893 433 997 509 ganniit
1010 450 1070 490 me:
1104 451 1168 495 enm
1187 431 1272 511 baso,

114 532 243 617 inquam,
267 528 576 616 Sapientiadixisset,
602 532 1043 616 apostotusproeoquodest,
1069 536 1198 609 tuition,
1225 556 1274 618 po·

113 636 190 712 suit,
225 639 352 709 Pramus,
386 656 455 720 pro,
490 637 592 694 Genro't
615 656 674 707 me,
712 639 843 707 Geni,tus
878 655 931 717 pro
960 642 1023 695 toto
1050 631 1100 696 ἰΙΙο
1128 636 1336 714 mensbro,cn.
1349 657 1369 708 ι
1381 656 1413 703 ss.

114 741 408 801 Creooitmeenitsonn
424 741 680 810 otoromsuorum,
707 747 747 815 et,
773 740 945 809 Gannitnne,
971 735 1026 796 ista
1043 727 1187 816 subtexit,
1210 742 1274 800 Pri·
1336 689 1369 753 tt

112 816 271 922 nirogern'tos
286 845 375 903 omnis
393 850 553 901 ereotteroe.
600 835 659 900 Pro
676 838 743 915 boa,
766 841 909 900 Fundooit
920 860 980 911 ne,
1005 838 1141 922 scripsit,
1164 844 1273 921 inipso

112 957 208 1005 ereoto
230 957 298 1005 sont
323 945 426 1003 omnio.
475 938 590 1002 Rursus
616 962 668 1024 pro
696 940 766 1015 boe,
798 944 853 1002 Per
867 962 926 1014 me,
962 942 1129 1024 apostotus,
1164 944 1275 1020 (tuneo

111 1050 225 1108 soeculo
247 1057 329 1117 sont,
362 1047 422 1103 sive
444 1045 553 1116 throni,
586 1048 645 1104 siue
661 1047 879 1116 dominationes,
911 1047 969 1103 sine
986 1047 1183 1124 principatus,
1215 1050 1274 1106 siue

107 1160 278 1230 potestates,
310 1149 402 1206 omns'er
424 1167 478 1225 per
499 1150 603 1225 ipsum,
636 1150 712 1207 etin
730 1150 819 1226 t’psom
843 1157 939 1206 orento
961 1156 1038 1206 sont.
1088 1142 1188 1230 itaque
1207 1168 1272 1209 ctum

112 1247 407 1338 apostoti'seutentia
430 1267 494 1310 oum
513 1245 684 1332 Sapientiae
705 1268 778 1310 vose
796 1247 830 1309 ad
852 1247 974 1309 verbnm
997 1259 1159 1330 (sangrum,
1192 1250 1273 1312 vetut

111 1355 227 1413 Initium
244 1372 308 1412 estur
331 1354 440 1424 Primo,
472 1361 502 1412 et
519 1355 621 1412 Genuit
643 1371 708 1415 eum
729 1353 953 1429 Prtmogeto’tus,
985 1360 1014 1411 et
1030 1349 1126 1425 istud,
1160 1354 1274 1412 creauit

112 1474 154 1514 me
177 1458 287 1514 ebr'to'etns
310 1458 417 1514 otbrnsn
440 1475 555 1515 snorum
575 1458 605 1514 in
624 1475 709 1532 opero
729 1458 833 1533 ipsios,
866 1473 931 1513 curm
960 1449 1031 1528 bno,
1062 1455 1271 1533 Preinogenitus

111 1561 200 1618 omnis
223 1568 387 1630 creatorae,
420 1555 489 1618 item
509 1578 560 1641 pro
579 1559 720 1617 Fundooit
737 1577 794 1628 me,
831 1553 903 1616 baso
918 1553 1006 1616 rerba
1023 1552 1179 1616 substituta
1198 1555 1268 1633 sint,

110 1663 145 1721 In
161 1664 222 1740 apso
241 1671 337 1720 ereoto
353 1671 435 1732 sont,
462 1679 514 1742 pro
533 1658 586 1720 boe
602 1679 692 1734 sero,
715 1660 770 1718 Per
789 1678 847 1730 me,
881 1656 974 1730 istut,
1007 1659 1063 1718 Per
1078 1663 1184 1738 ipsum,
1211 1679 1270 1718 nsa-

112 1761 247 1824 uitestnm
267 1772 311 1825 est
331 1766 463 1842 sbeogmss
487 1781 594 1823 nonrsn
617 1760 688 1822 eitra
710 1759 874 1842 passionum
898 1759 1051 1841 usurpari,
1085 1769 1114 1820 et
1131 1780 1184 1842 pro
1201 1760 1271 1823 iisse

111 1864 229 1939 verbis,
262 1868 326 1944 Ego
349 1869 503 1945 sapientie,
539 1864 662 1946 positum
688 1863 796 1939 tuisse,
828 1881 863 1922 aa
889 1860 1008 1943 proinde
1029 1860 1102 1922 siout
1125 1862 1269 1945 snpientia

110 1965 252 2050 sapientis
271 1965 367 2042 titios,
392 1966 553 2028 substantia
569 1964 750 2028 substantiae
770 1973 832 2036 est,
856 1962 899 2023 sie
917 1962 1071 2042 imaginum
1087 1965 1270 2026 substantiae

110 2089 176 2131 esse
193 2067 329 2130 similem.
376 2065 424 2130 Ex
442 2089 498 2151 qno
513 2069 628 2150 quidem
646 2069 742 2149 imago
761 2065 807 2126 slei
818 2112 826 2139 ,
852 2063 899 2147 qui
921 2065 1012 2126 rideri
1031 2067 1123 2127 ocutis
1142 2088 1199 2127 rum
1219 2089 1268 2149 po·

109 2179 182 2244 test,
217 2171 271 2231 boe
298 2179 341 2232 est
368 2170 462 2247 sebius,
496 2170 679 2252 intottigitnr.
727 2166 931 2230 itastis-tiones
955 2167 1267 2230 omnesadanrussim

108 2273 321 2355 respondentes
339 2274 490 2335 babemus.
537 2269 573 2335 Ut
592 2283 657 2355 puta
675 2293 726 2353 pro
746 2274 894 2351 Sops'ente,
919 2273 1011 2342 Deos,
1038 2291 1089 2353 pro
1108 2273 1265 2350 Sapientia,

105 2379 220 2454 Ienogo,
247 2397 298 2457 pro
314 2380 415 2450 Ine'ttb,
442 2379 568 2448 ibamus,
594 2396 646 2458 pru
664 2377 775 2446 Gerroit,
802 2377 934 2445 Genetos,
960 2392 1013 2455 pro
1034 2381 1094 2432 toto
1114 2373 1162 2434 ttto
1178 2395 1267 2435 menn·

107 2477 178 2552 bro,
210 2477 365 2554 videlicet,
398 2482 513 2539 Initium
542 2481 650 2538 oe'orum
673 2498 788 2536 euoenon
811 2479 918 2536 metuit
942 2496 985 2534 nne
1004 2477 1034 2534 in
1065 2495 1150 2553 opero
1169 2490 1268 2537 sonet

102 2584 206 2659 gennit
228 2602 287 2653 me,
322 2584 530 2661 Prrinogenitus
552 2584 641 2641 omnis
662 2590 828 2651 creatorae,-
861 2578 928 2639 item
952 2598 1023 2661 pro,
1055 2579 1197 2637 Fundooit
1211 2600 1263 2651 me,

104 2686 217 2762 inipso
242 2695 339 2744 orento
356 2695 439 2757 sunt,
472 2695 501 2745 et
521 2704 593 2768 pro,
625 2686 679 2743 Per
694 2704 754 2754 me,
781 2685 879 2742 (trunio
892 2701 947 2760 per
960 2685 1050 2759 ipsum
1066 2691 1095 2738 et
1113 2683 1142 2740 in
1162 2684 1262 2760 ipsum.

105 2779 154 2845 Ex
172 2783 274 2866 quibus
290 2785 397 2868 tiqnitto
413 2796 530 2848 eorrstat
545 2806 597 2847 eos
613 2785 660 2868 qui
680 2785 725 2846 tei
752 2805 809 2846 nem
825 2781 1011 2866 aspectabilis
1028 2781 1183 2860 inurginem
1199 2803 1266 2845 esse

108 2883 196 2946 titium
214 2887 350 2961 nardinnt,
382 2899 412 2950 et
430 2890 616 2951 nibilominus
639 2889 723 2949 troius
747 2908 810 2948 eum
837 2895 919 2967 patre
944 2883 1161 2946 siruititnttiurnr
1186 2886 1265 2947 euu-

106 2987 209 3049 muiati
227 2998 284 3049 tarn
308 2991 490 3074 imputantes
515 3014 572 3054 nnn
596 2991 744 3065 distribuit,
777 2988 889 3050 erroris
910 2986 946 3049 ab
964 2986 1097 3070 apostobr
1114 2987 1261 3050 convinci.

106 3086 289 3173 Quamquam
308 3113 366 3153 noo
386 3094 451 3156 ibos
468 3094 562 3156 sotum
583 3093 731 3173 redarguit
749 3090 917 3173 apostotus,
948 3089 999 3150 sed
1017 3099 1130 3151 etanta
1147 3102 1265 3174 aposto-

103 3191 161 3255 lous
182 3189 307 3256 isrannes
333 3194 380 3256 itte
400 3218 471 3257 vero
489 3196 609 3258 tonitrui
629 3196 717 3258 titios.
765 3191 822 3275 Qui
838 3191 940 3272 grandi
961 3190 1008 3253 itta
1031 3212 1100 3268 sua,
1135 3194 1265 3257 eterrissi·

103 3315 207 3379 meque
237 3318 350 3360 voees
375 3298 536 3384 sapientiae
562 3299 642 3361 vetnt
668 3295 848 3358 adrnrubratis
877 3305 906 3354 et
928 3293 1062 3355 obscuris
1089 3295 1263 3375 innotueris,

104 3396 185 3477 quasi
204 3399 375 3481 quibusdam
394 3423 411 3464 e
430 3401 573 3481 nubibus,
597 3403 672 3487 pianr
690 3403 725 3461 te
743 3398 803 3460 titio
818 3396 993 3458 sententiam
1011 3397 1046 3459 ab
1062 3400 1185 3461 etrtrtem
1203 3421 1265 3461 mo·

104 3498 170 3560 dnm
194 3504 300 3565 emisit.

188 3602 397 3668 Auirnulverte
422 3607 498 3669 enirn
518 3617 640 3692 atquae
659 3628 675 3670 a
697 3602 846 3689 Sapientia
871 3601 971 3664 diuisit
988 3602 1016 3663 iu
1037 3603 1191 3684 evangetio
1209 3625 1263 3667 suo
1277 3616 1336 3688 cop.
1349 3620 1416 3672 vttt.

106 3701 190 3765 nobis
209 3709 392 3786 exposuerit.
438 3707 515 3771 Nam
539 3732 604 3771 enm
623 3708 774 3793 Sapientia
794 3705 937 3781 dixisset,
974 3708 1264 3786 Creooitnreprinee·

97 3809 178 3886 priam
196 3810 450 3882 nomannorum,
487 3813 610 3873 loannes
623 3816 761 3891 principii
780 3829 883 3872 vocem
900 3806 1061 3890 expressit.
1106 3812 1260 3889 Ioprebei·
1274 3819 1351 3866 teano
1364 3823 1417 3881 1,1.

97 3912 164 3988 pio,
188 3907 298 3991 inquit,
322 3921 387 3971 erut
401 3912 523 3971 nerbono
570 3910 630 3975 Pro
647 3933 682 3974 eo
699 3933 789 3989 vero
814 3914 928 3973 Creooet
941 3931 999 3981 me
1033 3909 1158 3972 subiecit
1173 3912 1261 3993 istud

101 4013 318 4086 Etdeoserot,
354 4011 728 4091 neistinsmodiverbum,
760 4013 834 4097 quot
858 4012 1022 4097 prolatione
1045 4027 1177 4095 constat,
1212 4039 1262 4079 ve·
1289 4028 1389 4126 rmus,

102 4133 165 4175 rum
184 4114 276 4176 solide
300 4114 482 4191 subsistens,
517 4135 552 4179 ae
577 4114 723 4200 passionis
747 4135 873 4199 expers,
907 4123 1076 4201 etapatre
1099 4121 1262 4205 procedens
1295 4081 1382 4127 ”⁸⁰

102 4215 224 4279 verbnm
250 4218 335 4280 deum
362 4228 460 4280 mente
483 4220 717 4305 conciperemus.
770 4215 831 4282 lam
854 4219 930 4302 ittis,
961 4233 1048 4290 Erum
1072 4229 1149 4306 opud
1168 4229 1258 4288 ellum,

100 4419 195 4550 Moeso.
209 4421 327 4472 vur-
362 4424 381 4476 1
400 4419 463 4491 ημῖν
479 4441 525 4477 om.
538 4430 589 4479 eod.
604 4430 663 4480 nne-
698 4427 839 4550 edbppppp
854 4446 909 4483 mss.
927 4436 998 4486 oea
1012 4432 1121 4500 petae
1102 4442 1171 4504 ημῖν.
1188 4431 1261 4515 tt'tt'bt

133 4559 156 4606 2.
176 4555 308 4625 παρέδωκε
326 4563 376 4612 eoo
394 4564 491 4627 amoro.
731 4563 755 4619 t.
773 4569 927 4624 sennonem
943 4566 1022 4643 αὐτῷ.
