3096 5070
283 248 346 313 342
708 262 831 316 amm
848 264 1018 315 εεινιιιινιι
1112 281 1116 284 -

283 379 338 460 την
355 376 489 444 διύνοιαν
504 381 555 444 καί
580 378 634 461 τὴν
656 376 750 463 αὐτὴν
767 382 870 463 έχοντα
886 379 963 464 πρῦς
979 380 1116 462 ἀσέβειαν
1136 381 1335 463 ’βλέπουσαν
1379 379 1446 446 Au}

283 487 375 546 ταῦτα
392 484 572 565 διεκρίνοντο
597 483 646 546 παλ
667 479 841 564 διεμάχοντο
858 481 935 565 πρδς
952 481 1095 565 ἀλλήλους
1111 487 1142 549 σί
1156 484 1315 566 αὐχοῦντες
1336 485 1386 549 ίπλ
1405 491 1445 572 τῇ

285 579 427 670 ύμολογίμ
445 590 503 648 τοῖν
526 585 660 668 πατέρων
687 591 769 649 8τοῦν
791 587 823 650 ίν
841 589 954 673 Νικαίφ
978 587 1128 674 γενομένη.
1169 585 1247 671 Ἐγοδ
1265 587 1298 651 δὲ
1312 583 1367 668 την
1386 585 1447 668 σύν

285 682 444 767 έθαύμασα
459 688 631 768 θεοσέβειαν
654 686 871 768 ῦνασχομένην,
900 689 952 752 καί
971 686 1017 752 δτι
1032 684 1074 770 μὴ
1089 684 1217 763 τούτους
1235 689 1313 770 4μίν
1329 689 1446 752 ίπαυσε

284 795 377 854 ταῦτα
392 789 538 872 λέγοντας,
560 786 614 870 την
631 790 664 854 δέ
682 787 789 871 εὐσεβῆ
805 794 903 854 πίστιν
919 791 1090 873 παρέθηκεν
1107 787 1223 868 αύτοῖς,
1245 793 1296 855 ἵνα
1311 787 1331 873 ἢ
1349 787 1447 859 α’κού-

284 911 387 966 σαντες
408 889 612 973 ἠρεμήσωσιν,
642 888 875 977 ἢύντιλέγοντες
900 889 941 966 ύς
964 894 1104 975 αἱρετικολ
1123 891 1349 974 6δυομασθιῦσι.
1400 891 1448 958 T&

285 991 341 1079 γύρ
362 994 582 1078 οπροειρημένα
598 991 665 1058 οῦτε
680 992 782 1072 λεκτδ,
805 992 874 1060 ούτε
889 992 1019 1058 ύκουστδ
1033 993 1115 1078 παρὰ
1133 1000 1338 1079 Χριστιανοῖς,
1368 992 1448 1062 οἷλλύ

286 1095 423 1181 ἀλλότρια
452 1094 528 1160 κατὰ
560 1095 657 1162 πάντα
682 1094 796 1180 τρόπον
823 1103 878 1178 τῆς
906 1095 1105 1176 σἰποστοίιιιῆς
1131 1101 1319 1172 διδασκαλίας
1348 1099 1448 1164 ίέστί.

288 1197 348 1264 Διύ
363 1205 450 1263 τοῦτο
465 1205 538 1283 γοῦν
554 1196 635 1283 κοῖγοδ
650 1196 686 1263 τύ
701 1195 770 1282 παρ’
787 1201 915 1278 ἐκείνων,
939 1195 980 1273 ως
996 1201 1141 1282 θείρηται,
1163 1206 1282 1284 γυμνοῖς
1295 1203 1449 1282 πεποίηκα

288 1303 473 1387 έγγραφῆναι
495 1309 529 1389 τῇ
546 1303 700 1388 έπιστολῇ,
729 1303 778 1365 ἵνα
795 1303 847 1365 καί
864 1299 959 1382 μόνον
975 1297 993 1365 ύ
1007 1299 1129 1366 ἀκούων
1147 1308 1250 1389 θεωρῇ
1272 1299 1327 1384 την
1343 1303 1374 1367 έν
1392 1301 1449 1367 αύ-

287 1412 351 1478 τοίς
366 1401 507 1486 αίσχύνην
523 1405 575 1467 καί
600 1402 769 1483 θύσέβειαν.
815 1404 874 1468 Καί
894 1406 922 1467 εί
937 1405 988 1467 καί
1003 1405 1061 1467 έδει
1080 1401 1130 1468 διδ
1153 1403 1297 1469 πλειόνων
1318 1429 1448 1489 κατηγο-

288 1515 352 1592 ρτῖν
368 1506 420 1570 καί
443 1507 595 1589 διελέγχειν
618 1503 672 1588 τήν
697 1510 800 1570 ιοτοῖν
819 1513 910 1571 ταῦτα
935 1506 1158 1587 διανοηθέντων
1182 1502 1341 1587 αίσχύνην,
1370 1505 1447 1571 σἰλλδ

293 1608 391 1672 ιικαλ
420 1605 554 1673 ηιιαλδν
571 1605 644 1676 είναε
670 1612 725 1686 έως
750 1608 863 1675 τούτων
887 1606 941 1690 τήν
967 1606 1137 1690 ἐπιστολὴν,
1167 1610 1219 1673 καὶ
1242 1606 1333 1689 μηδὲν
1355 1609 1447 1674 πλέον

288 1709 422 1796 γράφειν.
471 1709 514 1774 Tc}
528 1709 585 1796 γῦρ
600 1711 694 1789 οῦτως
708 1719 845 1794 φανερῶς
859 1708 1034 1791 δεικνύμενα
1049 1716 1149 1790 φαῦλα
1161 1707 1317 1795 γυμνάζειν
1336 1712 1447 1776 ιθέπι·

290 1813 379 1882 πλέον
392 1814 445 1877 καί
461 1814 700 1898 περιεργάζεσθαι
718 1815 755 1881 οῦ
773 1818 833 1891 δεῖ,
864 1817 913 1878 ἵνα
929 1811 970 1895 μὴ
986 1821 1049 1887 τοῖς
1062 1819 1281 1891 φιλονεικοῦσιν
1296 1808 1337 1887 ιύς
1350 1810 1445 1895 ἀμφί-

289 1918 364 1998 βολα
384 1925 524 2006 νομισθη.
571 1923 606 1962 ¹⁴
619 1924 715 1983 Τοῦτο
741 1921 835 2000 μόνον
856 1915 1077 1998 ἀποκρίνασθαι
1100 1913 1176 1999 πρδς
1199 1912 1234 1980 τοὶ
1249 1921 1371 1980 τοιαῦτα
1391 1919 1446 1981 καί

151 2045 201 2092 ρας.
214 2033 273 2078 lm.
291 2020 385 2083 είπεῖν
401 2015 500 2102 ύρκεῖ,
521 2017 567 2084 ὅτι
581 2018 637 2084 οῦκ
649 2022 709 2086 ἔστι
725 2026 815 2086 ταῦτα
830 2024 883 2101 τῆς
896 2024 1062 2099 καθολικῆς
1080 2020 1245 2099 έκκλησίας,
1267 2015 1338 2082 ούδέ
1351 2025 1444 2082 ταῦτα

291 2123 323 2188 σί
339 2122 462 2206 πατέρες
487 2119 663 2206 έφρύνησαν.
699 2121 767 2189 Ἵνα
791 2122 823 2187 δέ
841 2118 882 2204 μὴ
904 2123 936 2186 έκ
958 2127 1010 2204 τῆς
1035 2122 1132 2184 τέλεον
1157 2126 1273 2201 σιωπῆς
1293 2117 1444 2206 πρόφασιν

296 2220 531 2306 Νοῖναίσχυντον
556 2226 672 2301 ἑαυτοῖς
695 2229 728 2291 οί
743 2233 803 2290 τῶν
825 2229 927 2290 κακῶν
949 2224 1102 2307 έφευρεταλ
1124 2225 1320 2306 πορίσωνται,
1350 2218 1439 2284 καλδν

292 2327 326 2391 έκ
342 2332 402 2391 τῶν
417 2331 508 2392 θείων
523 2334 648 2412 γραφῶν
668 2328 819 2413 Ι’ὀλίγων
840 2331 1048 2409 μνημονεῦσαι.
1097 2320 1177 2407 Τύχα
1199 2321 1254 2408 γῦρ
1269 2319 1324 2387 νῦν
1342 2318 1437 2394 οῦτως

293 2430 478 2504 αίδεσθίντες
500 2428 672 2496 παύσωνται
692 2429 753 2496 ύπδ
775 2436 832 2495 τῶν
853 2432 995 2512 ῥυπαρῶν
1015 2424 1127 2492 τούτων
1149 2429 1290 2492 έπινσιῦν.

165 3089 232 3158 Κεφ.
249 3087 282 3150 ς’.
385 3072 494 3139 Πόθεν
520 3071 616 3157 ιύμῖν
636 3077 765 3158 έπῆλθεν
787 3077 893 3156 εἰπεῖν,
925 3069 1063 3154 οίοῦτοι,
1093 3073 1126 3140 τδ
1147 3071 1309 3156 ύμοούσιον
1327 3066 1401 3136 είναι
1416 3066 1450 3133 τδ

295 3181 380 3256 σῶμα
393 3182 446 3258 τῆς
461 3183 517 3241 τοῦ
531 3177 621 3263 λόγου
634 3177 793 3260 θεότητος,
824 3175 883 3244 ῦπδ
902 3178 958 3263 γῦρ
976 3177 1083 3243 τούτου
1104 3175 1194 3241 καλδν
1209 3172 1371 3258 ύρξασθαι,
1399 3174 1453 3234 ἵνα

295 3275 403 3343 τούτου
420 3282 612 3361 δεικνυμένου
625 3287 752 3362 σαθροῦ,
774 3284 825 3346 καί
839 3279 936 3346 πύντα
948 3279 985 3344 τοί
1001 3278 1071 3343 ύλλα
1085 3286 1206 3344 τοιαῦτα
1222 3281 1336 3366 δειχθῇ.
1376 3271 1452 3339 Ἀπδ

295 3379 349 3461 μὲν
367 3373 424 3445 οὖν
443 3387 505 3445 τῶν
520 3389 643 3467 γραφιῦν
662 3381 717 3448 οῦκ
736 3385 814 3448 έστιν
828 3381 931 3465 εῦρεῖν.
977 3379 1053 3447 Θεδν
1068 3380 1124 3466 γδρ
1141 3383 1173 3446 έν
1187 3381 1372 3466 ἀνθρωπίνῳ
1393 3374 1455 3440 σοί-

295 3509 363 3564 ματι
379 3486 528 3570 γεγονέναι
545 3485 687 3567 λέγουσιν.
727 3484 813 3549 Ἀλλύ
830 3482 887 3570 γῦρ
904 3486 954 3549 καλ
971 3488 1004 3549 οἷ
1018 3485 1139 3566 πατέρες
1156 3486 1187 3548 οί
1200 3484 1233 3548 ἓν
1250 3484 1363 3565 Νικαίρι
1382 3500 1456 3543 συν·

172 3623 177 3633 ·
296 3585 433 3663 ελθόντες
456 3586 493 3653 ού
516 3583 549 3651 to*
575 3591 677 3667 σῶμα,
709 3585 766 3651 ἄλλ’
786 3585 877 3653 αῦτδν
898 3586 949 3652 τδν
966 3585 1035 3652 υίδν
1051 3584 1202 3670 εἰρήκασιν
1223 3580 1383 3665 δμοούσιον
1397 3587 1456 3645 τοῦ

296 3688 422 3775 πατρδς·
453 3691 503 3754 καί
527 3695 632 3753 τοῦτον
657 3689 711 3769 μέν
727 3691 759 3753 έκ
781 3697 833 3772 τῆς
853 3687 956 3764 ούσίας
977 3696 1032 3754 τοῦ
1050 3686 1177 3772 πατρδς,
1205 3684 1239 3750 τύ
1264 3685 1297 3749 δὲ
1314 3690 1398 3764 σιῦμα
1419 3683 1456 3747 έκ

296 3796 421 3877 Μαρίας
438 3788 621 3876 ω’μολύγηται
639 3789 713 3857 είναι
733 3789 821 3856 πῦλιν
838 3790 912 3857 κατοί
931 3790 983 3868 τοὶς
1001 3791 1149 3877 ’γραφάς
1188 3788 1232 3853 Ἢ
1244 3790 1343 3852 τοίνυν
1361 3781 1457 3870 ἀρνή-

329 4033 353 4084 2.
373 4031 511 4100 βλέπουσαν
527 4030 632 4100 δύναμιν
649 4037 676 4086 Β.
923 4031 947 4084 9.
975 4027 1094 4101 α’σέβειαν
1118 4034 1154 4082 εδ.
1182 4033 1257 4094 princ.
1302 4026 1457 4095 δυσσέβειαν

312 4101 352 4153 x3·
370 4100 405 4168 τῇ
422 4104 450 4150 B·
889 4103 1006 4163 scriptura
1030 4101 1203 4150 catamodice
1222 4101 1298 4149 ειεεείο
1317 4111 1362 4158 ρυο
1385 4095 1458 4160 (cum

329 4164 353 4221 4.
373 4168 467 4222 ἔπαυσε
484 4168 528 4236 μὲν
546 4174 573 4220 Β.
890 4171 949 4231 ιε’ρίο
976 4171 1012 4232 Μ)
1044 4173 1156 4217 σπιιοίσίσ
1188 4170 1213 4215 ιἰι
1241 4179 1318 4227 πτωρ.
1351 4166 1458 4225 exempli

329 4239 354 4288 5.
371 4240 512 4304 νομισθῶσι
525 4242 567 4302 8.,
584 4241 647 4304 quod
662 4253 743 4290 υτευεο
759 4244 799 4289 εεί.
890 4239 1035 4295 Somnium,
1054 4238 1116 4299 ηυοδ
1131 4248 1202 4297 penes
1217 4248 1253 4283 me
1270 4238 1309 4282 ειί.

329 4304 355 4357 6.
372 4306 492 4374 εἰρημένα
509 4309 536 4356 Β.
928 4305 965 4354 10.
984 4298 1128 4372 ἀφροσύνην
1149 4304 1200 4354 τῶν
1221 4298 1373 4354 τὰτοιαῦτα
1395 4316 1458 4364 νοη-

330 4373 354 4426 7.
375 4374 429 4428 ἐστι
445 4377 509 4425 σοιτί
526 4390 541 4424 σ
559 4378 586 4425 Β.
891 4369 1002 4434 σάντων,
1027 4367 1091 4426 ἀλλὰ
1110 4368 1186 4426 καλδν
1208 4367 1258 4428 ἕως
1273 4365 1367 4421 τοῦτον
1391 4361 1459 4422 εἶναι

329 4444 353 4495 8.
371 4443 532 4511 προείρηται,
550 4441 618 4509 έγγρ.
634 4442 736 4511 γυμνῦς
749 4440 856 4507 πεποίη-
890 4437 937 4507 τήν
955 4443 983 4490 Β.

296 4530 330 4566 κα
346 4515 373 4564 Β.
