3096 5070
429 293 567 346 rauuuu
583 293 646 344 mu
660 293 704 344 ur.
723 293 805 345 rou.
819 292 849 342 u.
866 289 968 342 nunu.
979 289 1111 342 nxxuu
1284 274 1347 339 397

190 411 287 496 guinis
301 411 373 491 fnit,
406 422 436 476 et
451 413 603 477 humanam
621 412 742 477 liaberet
756 410 900 488 animam,
933 409 1012 472 nullo
1034 419 1131 472 tamen
1150 407 1236 471 modo
1258 405 1294 470 ab
1311 426 1346 470 ea

190 524 288 577 mente
303 515 332 576 iu
351 515 565 600 captivitatem,
590 525 622 577 nt
637 515 676 577 ita
691 515 797 592 dicam,
821 535 855 577 ao
872 512 1043 576 servitutem
1063 510 1224 573 redactum.
1269 506 1346 572 Nam

189 615 215 680 si
232 616 399 700 apostolus,
430 617 476 680 cui
504 617 622 703 propria
650 617 790 700 quaedam
816 635 899 678 meus
918 635 934 676 a
953 623 1056 676 natura
1076 612 1261 688 eratiusita,
1294 611 1346 674 hu·

188 740 274 785 mana
292 719 430 783 videlicet
444 740 478 782 ac
496 729 615 804 praeter
628 718 721 803 ipsam
739 718 808 795 alia,
832 739 916 800 quam
933 737 972 778 ex
989 714 1127 778 coelestis
1143 714 1210 777 doni
1227 734 1261 776 ac
1278 733 1346 796 gra·

189 823 246 886 tiae
262 821 455 905 beneficiique
483 821 705 905 participatione
733 829 884 897 traxerat,
918 839 976 881 uun
1002 816 1059 880 iam
1086 818 1121 903 ad
1147 816 1253 879 meotis
1275 835 1347 879 suae

188 924 401 1010 praescriptum
425 923 513 985 vitam
537 922 681 1006 dirigebat
700 943 800 999 snum,
837 921 888 984 sed
908 919 1066 983 excellenti
1083 923 1205 1003 quodam
1227 929 1348 982 naturae

189 1025 324 1089 instituto
336 1013 491 1108 ¹ductuque
509 1021 620 1088 Christi
644 1034 740 1087 mente
758 1023 916 1107 insignitus
936 1035 965 1084 et
983 1032 1105 1085 ornatus
1123 1032 1206 1098 erat,
1240 1031 1348 1105 quantu

190 1127 284 1211 magis
300 1127 347 1189 dei
364 1126 504 1204 serlum,
529 1128 605 1211 qnod
622 1127 652 1189 iu
670 1146 738 1190 sese
756 1126 965 1211 perfectionem
981 1144 1098 1188 omnem
1116 1124 1264 1201 courtiuet,
1290 1123 1348 1186 imo

190 1229 254 1313 ipsa
271 1228 413 1313 perfectio
427 1238 491 1308 est,
515 1229 579 1314 ipse
595 1249 647 1314 per
664 1249 732 1293 sese
754 1229 844 1306 deus,
869 1228 962 1291 virtus
981 1229 1060 1311 ipsa,
1092 1247 1174 1289 mens
1192 1227 1273 1311 ipsa,
1305 1225 1348 1290 lu·

191 1351 259 1394 men
276 1331 389 1416 ipsum,
414 1341 540 1395 mentem
557 1352 591 1394 ao
607 1342 698 1394 totum
717 1351 824 1416 eorpus
839 1329 1014 1414 complevit,
1039 1329 1084 1392 vel
1102 1330 1225 1412 perfecit
1238 1328 1347 1414 potins,

193 1444 222 1497 et
240 1455 293 1497 sna
312 1435 396 1498 uobis
418 1433 620 1497 incarnatione
644 1432 818 1496 cumulatam
838 1431 917 1495 omni
936 1452 976 1495 ex
992 1442 1074 1516 parte
1089 1431 1213 1494 salutem
1233 1431 1349 1494 attulitf

192 1534 248 1600 ttsr
263 1535 353 1621 igitur
367 1536 481 1599 illorum
498 1536 556 1600 iste
570 1557 669 1600 sermo
684 1535 894 1620 repudiandus,
919 1535 967 1620 qui
985 1535 1091 1598 nnllam
1110 1534 1255 1618 dogmatis
1272 1534 1349 1597 illins

191 1639 433 1722 significationem
449 1637 554 1718 habet,
588 1639 809 1720 cavendumque
834 1658 871 1701 ne
896 1659 954 1700 uon
979 1639 1075 1701 omnia
1093 1639 1122 1701 iu
1145 1635 1265 1702 Christo
1282 1657 1349 1722 per·

191 1743 289 1821 fecta,
322 1751 439 1826 praeter
452 1752 623 1825 peccatum,
656 1760 836 1804 asseramus.
882 1736 1032 1823 Siquidem
1050 1740 1349 1804 divinumillndver-

193 1845 259 1908 bum
279 1844 376 1906 omnia
400 1863 433 1906 re
456 1844 518 1926 ipsa
541 1842 704 1926 praestitit,
738 1852 767 1906 et
793 1861 867 1927 quae
887 1841 974 1905 dese
998 1842 1062 1927 ipso
1087 1844 1135 1906 diu
1153 1853 1221 1906 aute
1241 1843 1350 1927 scripta

194 1947 312 2009 fueraut
324 1944 471 2029 implevit,
496 1945 536 2007 uti
554 1964 669 2008 sacrum
684 1945 753 2008 illud
772 1944 940 2007 vaticinium
960 1945 1153 2024 demonstrat,
1177 1950 1252 2006 Eece
1267 1950 1490 2025 vergelensem

193 2052 331 2129 accepiet
352 2057 410 2110 etc.
464 2042 540 2108 Tum
570 2067 642 2109 vero
666 2067 699 2110 re
724 2047 805 2132 ipsu,
841 2068 898 2117 nou
926 2047 1025 2131 specie
1051 2059 1137 2111 tenus
1158 2059 1291 2131 gestatus
1319 2048 1348 2111 in

194 2162 297 2228 utero,
321 2150 351 2212 in
368 2168 425 2232 qno
442 2158 472 2210 et
488 2168 594 2211 revera
610 2148 727 2233 genitus
743 2161 825 2228 erat3
850 2149 1009 2213 secuudum
1026 2170 1100 2234 qnae
1118 2171 1189 2213 vere
1204 2151 1283 2213 iuter
1298 2151 1349 2213 ho·

192 2253 287 2316 mines
302 2273 367 2314 cum
386 2269 475 2312 carne
491 2261 626 2314 versatus
642 2262 698 2329 est,
723 2271 854 2331 caruem,
871 2251 995 2315 animam
1012 2273 1047 2315 ao
1062 2263 1202 2330 mentem,
1227 2262 1256 2314 et
1270 2253 1350 2336 quic·

193 2356 261 2439 quid
282 2354 358 2419 aliud
377 2352 543 2430 homoest,
576 2363 694 2438 praeter
711 2367 880 2438 peccatum,
911 2355 1224 2438 inseseoomplexos.
1269 2351 1349 2417 ldem

194 2477 232 2522 ex
249 2456 374 2542 uirginis
392 2466 495 2534 utero,
529 2466 770 2535 esaorosanota,
802 2456 937 2541 inquam,
968 2457 1103 2541 uirgine,
1134 2478 1192 2519 noo
1216 2477 1256 2518 ex
1273 2456 1349 2519 virili

193 2570 276 2639 satu,
300 2582 406 2624 revera
427 2562 556 2645 genitus.
603 2556 681 2642 Qui,
713 2570 744 2622 ut
767 2559 845 2639 dixi,
877 2580 985 2638 carne,
1017 2560 1114 2624 auimo
1138 2569 1169 2622 et
1194 2569 1291 2622 mente
1317 2579 1350 2622 re

193 2663 256 2748 ipsa
279 2674 437 2741 onustans,
469 2683 523 2747 per
549 2662 699 2725 naturales
720 2663 942 2747 parturientium
966 2674 1079 2726 meatus
1103 2682 1209 2725 reuera
1232 2663 1348 2746 prodiit,

146 2790 148 2794 ·
194 2775 224 2828 et
247 2765 276 2826 in
300 2766 433 2849 praesepi
458 2765 557 2827 fasciis
579 2764 752 2845 obvolutus,
785 2764 920 2830 aMaria
944 2776 1093 2850 gestatus,
1130 2775 1197 2850 post
1225 2765 1297 2828 haec
1319 2763 1349 2826 iu

194 2865 361 2951 Aegyptum
378 2867 560 2930 descendens
585 2867 710 2930 indidem
736 2859 902 2955 reportatas
917 2879 980 2949 est,
1015 2869 1119 2932 deinde
1137 2865 1281 2932 Nazareti
1300 2867 1351 2930 de·

195 2987 284 3052 gens,
317 2979 403 3052 atque
432 2967 498 3032 hino
524 2970 560 3032 ad
578 2967 731 3034 lordanem
750 2972 912 3049 accedens,
944 2969 1092 3035 aloaune
1113 2969 1296 3056 baptizatus,
1321 2981 1351 3034 et

195 3080 325 3134 tentatos
340 3091 358 3134 a
374 3069 518 3151 Diabolu,
552 3093 622 3136 vere
643 3072 699 3136 sibi
722 3074 879 3159 discipulos
898 3074 1039 3152 adscivit,
1071 3094 1112 3136 ac·
1131 3074 1278 3137 coelorum
1303 3093 1351 3136 re·

195 3194 284 3257 gnum
298 3173 472 3240 ⁴denuntiare
491 3175 603 3259 coepit,
636 3177 874 3260 quemadmodum
895 3187 924 3239 et
939 3177 997 3239 alia
1014 3175 1112 3240 omnia
1130 3176 1259 3262 reipsa,
1291 3196 1350 3239 non

195 3276 262 3341 flete
278 3277 417 3361 suscepit.
463 3274 553 3341 Velut
567 3300 631 3341 cnm
648 3289 678 3342 et
691 3301 708 3342 a
722 3276 791 3342 luda
805 3279 937 3364 proditos
951 3291 981 3342 et
996 3300 1012 3341 a
1028 3277 1144 3343 ludaeis
1160 3279 1350 3364 comprehen-

194 3399 264 3458 sns,
288 3378 402 3443 oblatus
419 3377 525 3444 Pontio
543 3376 650 3461 Pilato,
675 3392 705 3444 et
721 3382 757 3445 ab
777 3403 813 3445 eo
829 3393 923 3445 morte
940 3384 1093 3446 damnatus
1111 3395 1198 3468 atque
1213 3384 1243 3445 in
1263 3397 1351 3443 eruce

196 3482 319 3546 suffixus
337 3493 393 3545 est.
438 3480 565 3546 Perinde
591 3482 668 3545 bona
691 3494 721 3546 et
742 3484 811 3548 illud
830 3485 995 3565 fidedixit,
1027 3490 1117 3561 Su'ta'o,
1142 3486 1348 3548 dotemilibr'·
1390 3511 1469 3559 ton-1.

197 3585 277 3659 dere,
314 3595 344 3647 et
367 3585 443 3668 quod
463 3584 591 3647 oblatum
615 3596 890 3651 erataoetumcum
914 3589 979 3652 felle
998 3590 1092 3673 oepit,
1124 3611 1158 3652 ac
1172 3585 1349 3670 degustavit,
1391 3564 1466 3622 Μ’

196 3707 291 3771 neque
308 3687 459 3771 quicquam
486 3697 570 3771 potus
592 3687 715 3771 amplius
731 3689 856 3752 admisit.
905 3687 964 3753 Sed
983 3702 1012 3753 et
1028 3693 1133 3754 affixus
1147 3689 1227 3752 cruci
1245 3710 1351 3752 revera

196 3789 240 3854 sic
253 3789 441 3868 exclamavit,
466 3792 525 3862 Eli,
551 3793 609 3862 Eli,
633 3792 734 3851 tamma
751 3792 908 3853 sabactani:
933 3793 1018 3870 iude,
1042 3807 1127 3874 eaput
1142 3797 1282 3854 anciranus
1298 3816 1348 3853 ea·-
1382 3801 1466 3900 lim&

195 3893 324 3975 spa‘romt.
373 3890 451 3954 Tum
475 3891 729 3975 eiusdemcorpus
755 3913 826 3955 vere
845 3894 880 3956 de
897 3914 985 3958 cruce
1002 3898 1181 3973 detractum,
1215 3895 1348 3958 manilius
1412 3886 1420 3910 ’

196 4007 429 4074 contrectatum,
453 4016 469 4058 a
488 3993 611 4079 losepho
631 3993 728 4057 liuteis
743 3994 905 4059 involutum
922 4006 952 4058 et
966 3996 996 4059 in
1012 4009 1229 4061 monumentum
1246 4016 1352 4061 revera

197 4099 376 4185 depositum,
408 4098 454 4161 oui
473 4098 547 4182 lapis
569 4098 604 4160 ad
628 4098 848 4161 custodiendum
872 4098 1014 4163 obductus
1034 4109 1091 4162 est.
1137 4096 1305 4182 Quinetiam
1323 4110 1353 4163 et

199 4202 233 4264 ad
250 4203 363 4266 inferos
386 4201 477 4284 ipsius
494 4200 631 4264 diuinitas
649 4222 713 4264 oum
732 4202 829 4264 anima
846 4202 1013 4286 descendit,
1046 4223 1172 4288 eosque,
1197 4202 1245 4287 qni
1262 4202 1352 4267 vineti

198 4301 257 4366 illic
271 4304 488 4384 attinebantur,
519 4304 548 4366 vi
571 4324 624 4367 sna
646 4325 681 4367 ao
704 4305 834 4390 potentia
857 4305 1009 4385 liberavit,
1044 4317 1103 4369 tum
1127 4305 1203 4369 idem
1224 4305 1353 4370 deiver·
1395 4375 1399 4381 ,

198 4403 265 4468 huus
290 4428 354 4470 cum
377 4406 475 4498 anima
499 4428 553 4470 sna
575 4407 761 4472 sanctissima
785 4430 900 4473 sursum
924 4429 1097 4494 emergens,
1123 4420 1153 4473 et
1172 4408 1352 4496 captivorum

232 4540 256 4594 8.
275 4542 471 4610 καὲαιρούμενον
486 4548 578 4608 placuit
594 4548 693 4599 Patoutt
827 4545 851 4600 9.
871 4545 944 4614 λόγος
960 4550 1024 4600 uuest
1039 4563 1055 4598 o
1072 4549 1122 4600 eod.
1141 4549 1239 4613 flledtp.
