3096 5070
375 277 512 331 rnunou
528 278 592 330 oto.
605 279 649 329 ru.
668 278 750 330 rom.
765 279 794 328 u.
811 277 911 327 naun.
922 276 1034 327 nxxx.
1217 266 1280 330 tor

127 410 296 479 verterunt3
327 419 383 484 qua
401 418 441 461 ex
457 397 616 461 occasione
632 418 709 462 nora
733 399 811 461 lacta
825 386 872 460 est
887 395 999 461 erroris
1014 395 1159 459 accessio.
1207 393 1281 478 Qui·

128 505 194 569 dam
207 501 283 566 euim
303 520 403 565 eorum
421 499 468 583 qui
486 499 523 562 oh
539 499 678 584 gentilem
700 500 786 563 istam
805 499 981 584 impietatem
1000 497 1147 561 interlecti
1166 499 1283 561 lucrant

128 625 252 692 corpora
275 603 365 667 certis
380 603 409 665 iu
429 601 502 666 locis
524 601 701 685 sepelientes
723 601 782 665 illic
800 603 918 664 easdem
939 602 1004 664 illas
1020 600 1121 664 laudes
1145 600 1283 684 hymnos·

128 728 184 795 que
201 708 373 783 decantant,
399 715 428 768 et
442 700 643 788 Martyrianos
663 703 800 789 appellari
820 724 853 766 se
869 703 988 780 volrrnt,
1021 713 1140 787 propter
1158 702 1225 766 illos
1240 703 1285 766 vi·

126 810 233 876 delicet
255 810 303 893 qui
326 807 363 872 oh
385 806 529 870 idolorum
553 807 661 869 cultum
685 805 856 890 martyrium
879 805 1022 895 fecerant.

212 909 272 977 Sed
293 931 394 975 eorum
412 929 516 973 rursus
539 907 587 971 alii
606 908 692 972 altius
716 909 849 992 quiddam
875 928 927 992 pro
944 907 1086 971 stultitiae
1103 928 1175 970 suae
1193 919 1280 992 raptu
1298 913 1361 980 cip.
1376 913 1418 963 ΙΙΙ.

128 1013 328 1097 concipientes
344 1011 461 1087 auimo,
492 1031 527 1073 ac
545 1010 615 1073 nihil
631 1023 749 1096 practer
768 1019 895 1073 mentem
912 1031 994 1073 suam
1012 1010 1040 1072 in
1057 1009 1212 1073 consilium
1235 1009 1285 1073 ad·

128 1116 281 1192 hibentes,
305 1109 508 1177 iactareistud
525 1112 589 1176 ausi
606 1124 692 1176 sunta
724 1110 869 1190 Satanas,
902 1111 1052 1196 inquiunt,
1086 1113 1286 1197 magnusqui-

130 1219 194 1280 dam
215 1227 279 1295 est,
303 1235 338 1278 ac
355 1215 441 1298 louge
460 1213 653 1292 fortissimus,
687 1225 717 1278 et
735 1215 810 1279 mala
829 1213 1040 1299 quamplurima
1059 1214 1225 1279 hominihus
1242 1215 1286 1277 in·
1406 1258 1415 1268 .

130 1318 213 1402 digit.
260 1313 323 1382 Cur
348 1316 437 1399 igitur
461 1338 518 1379 nou
544 1317 579 1380 ad
601 1317 678 1380 hunc
695 1318 791 1402 potius
813 1317 1015 1401 eoulugimus,
1047 1329 1076 1380 et
1098 1338 1164 1380 eum
1182 1319 1288 1380 adora·

131 1441 196 1485 rous
218 1431 305 1504 atque
333 1420 443 1483 honore
462 1419 747 1503 praedicationeque
774 1440 966 1498 veneramur,
999 1431 1031 1484 ut
1050 1419 1212 1484 adulatorio
1237 1419 1287 1483 illo

131 1524 211 1588 cultu
226 1522 399 1611 conciliatos
424 1541 531 1585 nocere
558 1521 691 1599 desinat,
723 1521 873 1586 imovero
894 1534 1045 1602 nostrum,
1077 1522 1230 1632 inquupi,
1261 1523 1287 1585 si

133 1637 269 1711 tauquam
288 1645 442 1689 servorum
463 1644 583 1687 suorum
595 1621 749 1688 ‘rationem
774 1624 881 1689 haheat
900 1636 929 1686 et
948 1625 1104 1710 ignoscat?
1146 1623 1229 1709 Ergo
1247 1624 1289 1687 illi

133 1725 312 1794 Sataniauos
333 1726 507 1810 semetipsos
534 1725 691 1810 appellant.
736 1724 869 1809 Quorum
891 1726 1028 1791 haeresin
1044 1749 1109 1791 curn
1129 1726 1290 1812 superiori·

132 1831 186 1896 hus
204 1831 262 1894 illis
278 1829 314 1893 de
331 1828 434 1913 quihus
460 1828 597 1913 deinceps
620 1827 712 1890 acturi
732 1848 832 1891 sunaus
851 1828 1083 1913 coniungendam
1109 1829 1287 1913 putavimus.

134 1926 280 2013 Quoniam
306 1931 422 2014 utrique
445 1933 606 1993 averitote
625 1929 824 1992 desciscentes
852 1930 926 1993 idem
952 1934 1031 1993 toras
1050 1930 1229 2015 prodeundi,
1260 1941 1291 1995 et

134 2033 252 2098 subdio
268 2032 405 2119 precandi
422 2052 457 2094 ac
469 2031 592 2094 cauendi
605 2031 768 2096 institutum
786 2041 899 2096 tenent.
945 2028 1086 2095 Ceterum
1104 2033 1176 2096 hoec
1193 2034 1291 2098 omnia

134 2134 250 2201 ludibrii
276 2145 306 2198 et
328 2134 504 2219 ineptiarum
532 2132 702 2218 plurimum,
737 2133 834 2196 damni
860 2133 931 2197 nihil
956 2134 1109 2197 admodum
1133 2134 1288 2213 habehant,

134 2258 229 2322 neque
252 2237 411 2301 averitate
436 2246 561 2300 mentem
592 2234 736 2301 abducere
758 2247 910 2320 poteraut3
945 2258 1002 2299 oon
1036 2237 1113 2300 enirn
1145 2233 1290 2301 Christia-

136 2341 184 2420 ni,
217 2341 268 2403 sed
287 2340 360 2403 meri
379 2338 505 2422 gentiles
525 2338 716 2402 habebantur.
761 2339 852 2422 Atqui
879 2338 964 2401 hodie
982 2336 1156 2402 Massaliaui
1182 2361 1292 2404 vocan-

136 2455 202 2524 tur,
226 2442 330 2505 iisdem
347 2441 477 2505 moribus
495 2462 530 2505 ac
547 2441 651 2504 ritihus
667 2440 793 2520 addicti,
818 2462 913 2525 neque
929 2441 1055 2519 initium,
1081 2462 1176 2525 neque
1191 2443 1290 2522 huam,

137 2565 231 2630 neque
254 2556 358 2629 caput,
391 2554 441 2607 aut
466 2543 593 2606 radicem
623 2543 730 2608 hahent
757 2543 862 2621 ullam,
880 2544 948 2607 ·sed
967 2544 1031 2608 siue
1055 2544 1243 2607 fundamento
1259 2565 1294 2608 ac

139 2648 282 2733 principio
298 2666 419 2730 prorsus
437 2645 578 2708 inconditi
595 2656 683 2724 suut,
715 2655 744 2708 et
761 2645 939 2730 gravissimo
956 2647 985 2709 iu
1003 2667 1106 2709 errore
1123 2655 1292 2726 versantur,

138 2759 239 2833 utpote
256 2747 304 2831 qui
320 2747 399 2811 nullo
419 2765 512 2831 neque
533 2747 678 2826 nominis,
709 2768 805 2831 neque
823 2749 1003 2827 sanctionis,
1036 2761 1130 2833 neque
1148 2747 1292 2833 regionis,

141 2870 235 2934 oeque
252 2850 347 2933 legum
373 2850 556 2913 firmamento
579 2849 758 2914 continetur.
805 2847 848 2913 llli
868 2849 958 2933 igitur
973 2852 1002 2914 in
1019 2872 1107 2914 unum
1125 2850 1219 2916 coacti
1238 2861 1294 2914 tam
1416 2904 1421 2913 .

140 2953 196 3016 riri
215 2972 297 3035 qnam
317 2951 454 3014 mulieres
471 2951 594 3014 credere
616 2952 646 3014 in
667 2948 817 3036 Christum
838 2953 991 3029 ridentur,
1027 2973 1062 3015 ac
1077 2973 1110 3016 se
1126 2954 1233 3016 mrrndo
1248 2972 1296 3016 re·

142 3052 293 3118 nuntiasse
318 3064 348 3116 et
364 3073 417 3116 sua
442 3053 540 3116 omnia
565 3053 732 3119 deseruisse
757 3055 941 3139 profitentur.
988 3053 1065 3118 Tum
1087 3075 1160 3120 rero
1187 3054 1296 3138 promi·

141 3177 213 3223 seue
229 3175 321 3218 sexus
338 3156 489 3238 utriusque
503 3156 682 3220 dormientes
698 3177 801 3220 omnes
815 3156 842 3219 io
856 3157 1078 3241 spatiosissimis
1090 3157 1165 3220 vicis
1177 3177 1230 3243 per
1244 3178 1296 3222 ae·

141 3270 248 3324 statem
264 3257 378 3334 iacent,
403 3257 479 3339 quod
497 3278 530 3322 se
547 3259 699 3342 quicquam
720 3259 750 3323 in
767 3269 847 3322 terra
864 3259 1016 3343 possidere
1035 3270 1153 3342 negent.
1199 3257 1296 3325 Soluti

143 3383 231 3448 porro
244 3381 278 3422 ac
294 3358 361 3440 vagi
378 3369 465 3437 sunt,
489 3370 519 3423 et
534 3381 637 3424 manus
654 3361 688 3425 ad
707 3360 811 3445 stipem
830 3362 1000 3446 porrigunt,
1032 3361 1152 3446 perinde
1167 3383 1202 3425 ac
1217 3363 1298 3425 victu

143 3474 174 3528 et
193 3461 382 3548 possessione
404 3473 550 3525 carentes.
596 3459 656 3526 Sed
674 3483 776 3526 eorum
800 3484 953 3527 sermones
970 3465 1157 3528 stoliditatem
1183 3485 1298 3527 omnem

143 3574 293 3650 superant.
348 3561 570 3648 Quemcumque
603 3564 680 3626 euim
711 3584 751 3629 ex
779 3565 836 3628 illis
865 3566 1116 3649 interrogaveris,
1152 3565 1238 3629 talem
1265 3585 1299 3629 se

144 3667 257 3753 qualem
274 3665 405 3729 volueris
430 3685 498 3728 esse
515 3664 665 3728 fatebitur.
712 3662 785 3730 Sive
804 3667 972 3751 prophetam
989 3669 1119 3746 dixeris,
1143 3666 1300 3752 prophetas

144 3789 178 3833 se
202 3789 269 3832 esse
289 3768 403 3846 dicent,
439 3768 503 3832 sive
525 3763 674 3831 Christum
694 3769 846 3845 nomines,
872 3765 1021 3833 Christum
1038 3790 1072 3832 se
1091 3788 1158 3832 esse
1178 3768 1300 3852 quilibet

144 3870 350 3956 respondebit,
381 3871 446 3935 sive
471 3868 686 3955 patriarcham,
720 3868 775 3932 hoc
800 3870 893 3954 ipsum
915 3871 971 3934 sihi
994 3892 1099 3934 nomeu
1116 3870 1301 3955 impudenter

145 3973 302 4051 attribuet3
336 3972 400 4037 sire
424 3972 558 4056 angelum
586 3970 729 4054 denique,
762 3971 847 4036 talem
865 3992 897 4034 se
914 3993 972 4034 uon
990 3971 1132 4035 dubitabit
1151 3993 1299 4037 asserere.

147 4071 176 4141 0
196 4074 373 4159 singularem
400 4074 548 4137 homiuum
570 4072 756 4137 vecordiam!
803 4073 890 4158 Quod
915 4075 951 4137 ad
975 4073 1114 4138 ieiunium
1139 4095 1212 4138 vero
1234 4095 1301 4159 spe-

147 4187 222 4254 ctat,
255 4178 310 4240 hoc
333 4178 407 4260 apud
432 4176 498 4238 illos
526 4176 635 4238 nullum
659 4187 705 4238 est
728 4177 859 4241 omnino.
907 4175 1018 4240 Verum
1041 4177 1094 4239 toti
1117 4177 1255 4241 videlicet
1272 4177 1301 4241 in

147 4278 296 4342 orationes
312 4278 415 4340 intenti
434 4297 449 4339 a
467 4279 595 4341 secunda
612 4277 736 4344 tertiare
755 4279 845 4357 hora,
881 4279 1031 4343 ueletiam
1051 4289 1157 4358 noctu,
1190 4279 1215 4343 si
1236 4300 1303 4344 esu-

147 4379 243 4457 riant,
275 4378 346 4442 nihil
363 4401 422 4442 non
437 4400 490 4463 pro
506 4400 558 4444 sua
581 4380 698 4444 libidine
718 4382 845 4459 iaciunt,
877 4404 912 4444 ae
927 4381 992 4445 cibo
1010 4392 1136 4467 potuque
1155 4402 1188 4444 se
1203 4382 1304 4464 ingur-

149 4482 253 4566 gitant.
300 4478 346 4544 De
362 4481 477 4545 illorum
493 4482 669 4568 turpitudine
689 4505 723 4547 ac
738 4484 856 4568 flagitiis
872 4483 941 4546 nihil
958 4495 1040 4547 certo
1055 4484 1196 4569 comperi.
1244 4481 1303 4547 Sed

1023 4603 1101 4671 30*
