3096 5070
208 266 270 331 322
635 276 757 329 ειυοτι
776 277 947 329 mmm

207 392 301 470 εάθδς
313 393 368 477 μέν
379 383 542 471 είσεσθε,ἀ
561 399 749 479 Χριστιανῶν
763 398 878 474 παῖδας,
894 397 947 460 καὶ
963 397 1066 460 δοῦλοι
1083 401 1226 480 Χριστοῦ,
1240 398 1292 462 καλ
1306 398 1374 464 νίολ

86 527 137 575 μς.
150 515 195 560 n.
209 505 262 581 τῆς
274 497 425 579 ἀληθείας,
437 494 492 578 τὴν
504 503 603 561 πᾶσαν
616 493 709 562 αὐτοῦ
720 484 827 582 γηΐνην
844 501 1030 577 κενοφωνίαν
1046 499 1096 562 καί
1112 494 1265 581 ἀλλοτρίαν
1277 498 1373 564 πνοαί·

207 627 298 685 ματος
312 597 398 686 άγίον
416 602 616 665 διδασκαλίαν.
651 597 709 674 Ὃς
726 596 783 665 οόκ
798 596 936 682 ἐτόλμησε
952 597 1010 665 κάν
1027 601 1059 665 έν
1076 606 1130 687 μιᾷ
1144 600 1216 676 λέξει
1232 607 1373 684 μνησθῆι

207 731 255 770 ναι
278 707 366 768 θείον
391 701 498 788 λόγου,
526 699 655 786 ἢβητοῦ
681 727 761 777 τινος
785 706 927 780 παλαιᾶς,
957 699 1099 784 ἢκαινῆς
1116 699 1280 784 διαθήκης,
1312 699 1374 768 οῦκ

206 802 267 873 ἀπό
288 805 399 888 νόμου,
422 802 477 870 οάκ
493 801 556 870 ἀπό
572 811 751 889 προφητῶν,
773 803 831 868 οῦκ
846 800 908 868 ’ἀπό
926 799 1115 889 εόαγγελίων,
1137 803 1195 868 οῦκ
1210 800 1270 868 ἀπό
1291 803 1372 871 ἀπο·

206 908 327 988 στόλων,
350 905 388 974 οὔ
401 933 482 982 τινος
494 914 555 971 τῶν
569 913 758 991 πατριαργῶν
775 911 977 991 ιομαρτυρίαν
990 907 1177 992 παρενέγκαι,
1196 902 1258 971 οὔτ’
1273 903 1374 973 αότοό

205 1020 259 1079 τοῦ
275 1017 425 1095 σωτῆρος,
447 1008 485 1075 οά
503 1006 616 1092 πατρός
630 1006 768 1085 πόποτε,
791 1004 846 1090 οόγ
857 1004 945 1094 ἀγίον
961 1006 1128 1092 πνεόματος
1142 1009 1224 1092 βῆμα
1236 1004 1274 1073 δι’
1290 1008 1371 1076 ἀπο·

205 1114 316 1182 στόλων
331 1114 487 1199 εἰρημένον
505 1109 589 1194 ἢδιά
606 1118 785 1196 προφητῶν·
815 1113 866 1176 ἵνα
883 1117 1034 1186 παντελῶς
1053 1108 1268 1191 αότοφόρατος
1283 1113 1372 1196 γένη,-

204 1245 252 1282 ται
266 1225 329 1292 τοῖς
344 1221 442 1296 φίλοις
457 1221 511 1297 τῆς
526 1211 677 1295 ἀληθείας,
700 1212 745 1279 ὅτι
765 1212 953 1279 παντάπασιν
972 1211 1124 1297 ἀλλότριος
1138 1211 1273 1298 τυγχάνει
1288 1220 1371 1281 θεοῦ

204 1322 325 1402 καὶτῆς
343 1318 437 1382 αὐτοῦ
451 1322 584 1392 πίστεως.
629 1320 750 1398 Νομίζω
766 1316 797 1380 δέ
813 1318 866 1380 καί
884 1318 994 1391 ἱκανῶς
1011 1312 1090 1398 ἡμᾶς
1106 1313 1183 1400 πρός
1199 1312 1253 1390 τάς
1272 1313 1371 1383 αὐτοῦ

204 1421 362 1508 προτάσεις
383 1418 458 1484 κατά
475 1417 507 1484 τό
524 1415 651 1483 δυνατόν
672 1420 811 1506 ίδιωτικῷ
827 1416 921 1507 λόγῳ,
953 1417 1089 1483 συστάσει
1106 1418 1139 1482 δέ
1154 1423 1214 1482 τῶν
1228 1417 1290 1484 ἀπό
1307 1425 1372 1485 τῶν

204 1527 299 1590 θείων
314 1529 439 1609 γραφῶν
460 1523 512 1586 καὶ
528 1518 622 1585 αὐτοῦ
636 1527 690 1585 τοῦ
710 1517 851 1602 εὐσεβοῦς
872 1526 1014 1605 λογισμοῦ
1031 1519 1108 1606 πρός
1124 1516 1217 1585 αάτόν
1234 1519 1368 1605 ἀπηντη·

203 1628 294 1691 κέναι.
329 1628 392 1688 Καὶ
402 1622 503 1706 έπειδη
518 1626 629 1698 ἱκανῶς
640 1625 673 1688 έν
685 1631 749 1698 ταῖς
761 1620 838 1707 πρός
851 1619 943 1688 αὐτόν
960 1618 1143 1706 ἀνατροπαῖς
1155 1624 1223 1708 περί
1240 1626 1369 1701 πίστεως

205 1735 310 1808 σαφῶς
329 1734 362 1773 ¹⁶
375 1728 565 1809 διελέχθημεν
571 1775 581 1804 ,
611 1722 740 1811 ἀρκετῶς
753 1721 928 1811 ἡγούμεθα,
949 1729 999 1790 ἵνα
1017 1723 1059 1808 μὴ
1073 1727 1251 1810 προςθέντες
1265 1727 1368 1809 δυςχί·

205 1829 289 1914 ρειάν
305 1856 371 1894 τινα
391 1830 458 1915 περί
484 1828 537 1911 την
555 1826 724 1913 ἀνάγνωσιν
743 1828 952 1912 περισσοτέραν
973 1827 1177 1913 ἐργασαίμεθα.
1219 1824 1320 1913 'onya
1335 1829 1369 1895 δέ

205 1930 294 1996 πάλιν
316 1933 346 2008 ἐξ
364 1923 407 1996 όν
429 1930 522 2007 αὐτός
544 1930 651 2015 ἀρθείς
674 1928 730 2012 τήν
753 1928 888 1996 διάνοιαν
910 1928 981 2011 μετά
1008 1929 1062 2014 τὴν
1088 1927 1248 1996 ἀλλόκοτον
1269 1929 1368 1998 αάτοό

205 2038 303 2098 πίστιν
316 2036 369 2098 καί
385 2037 427 2110 είς
444 2031 575 2118 Χριστόν
589 2035 638 2097 καί
653 2035 694 2108 είς
708 2030 741 2098 τό
758 2031 846 2117 ἀγιον
861 2029 954 2097 αάτοῦ
969 2039 1086 2116 πνεῦμα
1102 2031 1280 2116 ἀπέχθειαν,
1308 2032 1366 2100 ὅσα

205 2137 344 2221 ἐτόλμησε
359 2135 393 2202 τό
417 2137 512 2201 αὐτοῦ
534 2133 627 2217 στόμα
648 2136 700 2199 καὶ
721 2142 781 2199 τῶν
799 2131 850 2199 ἀπ’
866 2133 963 2199 αὐτοῦ
979 2137 1247 2219 μεμαθητενμίνων
1263 2137 1314 2202 καί
1329 2138 1363 2202 ίν

204 2237 311 2325 θράσει
325 2243 365 2316 είς
380 2237 463 2320 ὕψος
478 2230 549 2322 ἀραι
565 2234 619 2320 την
636 2234 772 2301 διάνοιαν
789 2238 840 2301 καί
854 2234 1006 2322 ὑπέρογκα
1022 2240 1249 2321 βλασφημῆσαι,
1269 2229 1358 2311 αὖθις

204 2342 415 2426 ἐπιλαβόμενος
436 2338 591 2422 συντόμως
611 2339 692 2416 λέξω.

292 2741 390 2824 Οὗτος
409 2748 465 2833 γάρ
488 2744 679 2830 έφαντάσθη,
710 2747 761 2810 καί
776 2748 808 2810 σι’
821 2742 871 2810 ἀπ’
896 2745 1006 2825 αὐτοῦ,
1035 2744 1111 2834 όπέρ
1130 2746 1225 2814 πάντα
1244 2745 1368 2833 ἀνθρω-

203 2877 280 2930 πον,
301 2850 360 2916 οὐκ
375 2851 426 2915 ἐπὶ
441 2858 482 2938 τῷ
499 2851 606 2915 εἰδέναι
622 2848 674 2914 τόν
687 2847 763 2913 θεόν
780 2847 856 2913 κατά
870 2853 977 2927 πίστιν,
999 2848 1072 2915 ἀλλά
1088 2848 1175 2930 φάσει
1191 2847 1267 2915 κατά
1282 2853 1365 2930 είδη·

204 2974 259 3019 σιν.
301 2950 354 3028 Ὡς
369 2953 420 3018 καί
442 2950 504 3018 ἀνω
521 2977 581 3016 που
598 2948 753 3033 ὑπέμνησα
768 2950 944 3030 φασκόντων
961 2948 1073 3030 αὐτῶν,
1100 2948 1153 3034 οάχ
1169 2946 1271 3025 inme
1285 2951 1364 3015 είδέ·

204 3081 254 3119 ναι
268 3053 320 3120 τόν
332 3052 407 3120 θεόν
424 3056 456 3119 έν
471 3052 576 3140 γνοίσει
589 3058 731 3132 πίστεως,
760 3050 820 3117 ἀλλ’
836 3050 877 3129 σός
893 3049 944 3119 έάν
965 3053 1137 3145 17γινοίσιιη
1152 3077 1196 3129 τις
1213 3058 1274 3117 πᾶν
1290 3048 1366 3137 δρα.

203 3155 257 3221 τόν
276 3159 327 3222 καί
349 3159 447 3241 χερσίν
468 3156 563 3221 αὐτοῦ
581 3154 819 3238 ψηλαφῶμενον,
850 3152 891 3231 ἀς
908 3159 993 3232 εἴτις
1010 3157 1096 3241 λάβοι
1116 3153 1187 3240 μετά
1204 3164 1303 3240 χεῖρας
1322 3161 1368 3221 λί

203 3267 279 3338 θον,
300 3256 322 3342 ἢ
340 3258 441 3338 ξόλον,
472 3256 595 3340 ἢάλλης
609 3256 689 3334 τινός
703 3257 774 3341 ὅλης
792 3260 955 3343 ἐργαλεῖον·
987 3258 1082 3336 οὕτως
1098 3262 1158 3343 ἔφη
1173 3260 1225 3326 καί
1241 3250 1368 3334 οὗτοςό

204 3359 349 3447 γεννάδας
363 3360 425 3440 ότι,
458 3359 562 3437 Οὕτως
578 3357 647 3425 οίδα
663 3358 715 3426 τόν
730 3358 819 3439 θεόν,
851 3359 949 3446 άίςπερ
967 3361 1110 3444 έμαντόν,
1139 3364 1189 3429 καί
1205 3359 1243 3428 οό
1258 3369 1365 3428 τοσοῦ·

203 3490 255 3530 τον
270 3460 339 3529 οίδα
354 3460 482 3545 ἐμαυτόν
497 3461 539 3540 ῶς
555 3462 606 3529 τόν
619 3461 703 3528 θεόν.
733 3462 855 3529 Λοιπόν
872 3465 904 3529 δέ
920 3462 955 3530 τά
972 3463 1057 3550 μωρά
1071 3466 1163 3551 λέγειν
1174 3468 1225 3529 καί
1239 3461 1368 3531 ἀκοόειν

203 3574 323 3642 πολλοῖς
335 3567 389 3649 μέν
404 3569 483 3631 έστιν
501 3568 542 3641 είς
558 3564 693 3648 ἀπάτην,
721 3575 785 3642 τοῖς
809 3567 841 3632 δέ
860 3575 994 3643 συνετοῖς
1015 3570 1056 3643 είς
1077 3566 1190 3650 χλεόην.
1238 3572 1289 3643 Τίς
1307 3566 1367 3653 γάρ

203 3677 263 3734 τῶν
277 3667 512 3753 φρενοβλάβειαν
528 3670 643 3744 έαυτοῖς
659 3670 844 3751 κεκτημένων
861 3671 912 3734 καί
927 3668 1098 3751 μεμηνότων
1116 3668 1154 3736 ον’
1171 3669 1295 3735 δόναται
1312 3673 1369 3738 καὶ

205 3767 312 3848 ἀλλους
328 3773 490 3853 έκμαίνειν,
518 3773 570 3837 καί
595 3769 717 3852 μάλιστα
735 3769 806 3847 τοός
827 3773 1048 3855 συνεπομένους
1066 3774 1118 3838 καί
1135 3769 1368 3854 όπακοόονταςς

82 3895 135 3945 με·
150 3883 195 3930 Μ·
210 3876 253 3938 El
273 3872 330 3959 γάρ
352 3901 397 3951 τις
420 3872 571 3960 ἠριότησεν
588 3871 679 3940 αότδν
702 3876 753 3939 καί
775 3873 845 3951 τοῦς
865 3872 918 3940 ἀπ’
940 3872 1049 3953 αάτοῦ,
1083 3873 1142 3958 Μή
1156 3901 1209 3958 μοι
1225 3873 1372 3958 διήγησαι

204 3974 280 4042 θεόν
294 3979 402 4043 είδέναι
419 3975 471 4043 τόν
490 3975 667 4063 ἀσύγκριτον
683 3979 733 4042 καλ
750 3976 971 4060 ἀκατάληπτον,
1001 3976 1053 4044 τόν
1070 3975 1147 4042 κατά
1164 3975 1197 4043 τό
1216 3972 1294 4051 είδος
1310 3979 1371 4059 μὲν

205 4078 247 4163 μὴ
267 4079 583 4163 καταλαμβανόμενον,
614 4085 707 4145 πίστει
731 4080 763 4144 δέ
786 4079 1004 4164 γινωσκόμενον
1027 4090 1090 4157 τοῖς
1115 4079 1210 4145 αὐτοῦ
1232 4078 1368 4161 δούλοις,

205 4179 277 4248 ἀλλά
294 4182 434 4269 διήγησαί
456 4210 508 4267 μοι
521 4181 592 4260 τοός
606 4183 763 4265 πυθμένας
785 4188 837 4263 τῆς
857 4189 927 4268 γης,
957 4180 994 4249 τά
1008 4192 1125 4267 ταμιεῖα
1141 4189 1194 4266 τῆς
1215 4177 1368 4267 ἀβύσσου,

205 4284 259 4362 τάς
273 4288 385 4369 φλέβας
400 4293 454 4369 τῆς
469 4286 638 4368 θαλάσσης,
660 4282 737 4372 ᾅδου
751 4281 803 4350 τόν
817 4284 925 4367 τόπον,
946 4286 1036 4372 ἀέρος
1049 4285 1086 4352 τά
1102 4287 1203 4371 μέτρα,
1225 4283 1370 4372 οόρανῶν

242 4442 279 4492 15.
298 4441 421 4506 μαρτυρία
437 4445 488 4494 οοδ
506 4444 605 4506 ίλὴεδλρ.
835 4443 873 4497 17.
888 4440 1008 4510 γινώσκει
1020 4446 1177 4506 σοῦίλίιτδίς.
1214 4446 1366 4498 Etenim

203 4508 281 4639 wil}
299 4508 481 4576 ῦιιλέγχθημτν
506 4512 574 4561 τοῦδ.
590 4524 645 4561 οισι.
668 4516 689 4559 τε
710 4511 765 4560 τοῦ.
798 4515 823 4563 in
838 4515 930 4574 syllaba
943 4515 1012 4576 βαοίι·
1027 4515 1047 4581 ἦ
1062 4527 1173 4564 τοτιιταιιι
1188 4513 1257 4565 hebet
1271 4519 1368 4578 ιοιιεμί-

244 4592 259 4626 ιι
274 4610 280 4625 .
799 4595 875 4632 cuam.
