3096 5070
441 267 578 322 rtunnu
596 267 660 318 mu
678 268 722 319 nr.
740 267 822 320 rom.
837 269 857 318 r.
876 267 975 319 niun.
991 266 1109 321 uxxm.
1276 254 1341 319 269

190 401 224 456 ut
237 409 302 454 esse
319 387 445 473 possetis
462 387 580 452 indulsi.
628 385 680 452 Sic
699 387 776 451 enim
794 388 933 472 scriptum
954 397 1016 450 eet:
1048 390 1133 448 dedit
1145 389 1205 448 r’tlr‘e
1216 398 1341 468 potatu-
1354 398 1494 456 tmere.

192 495 334 573 temfitr’os
347 494 481 572 der'fieri.
527 488 690 574 Propterea
706 512 770 554 curn
786 490 835 554 ille
852 490 926 574 apud
943 488 1023 570 ipsos
1040 487 1195 564 existeret,
1220 490 1341 552 formam

190 594 270 661 sarri
286 594 432 677 suscepit,
458 613 522 656 cum
538 592 696 655 recentiori
712 612 817 655 recens
836 590 1068 654 communionem
1087 588 1268 674 suscipiens3
1300 591 1343 654 sic

190 709 222 763 ut
237 697 355 761 iuterim
371 705 474 758 vetera
492 694 593 757 eodem
610 693 640 756 in
659 704 736 757 statu
754 692 988 779 permanserint,
1022 711 1117 775 neque
1140 692 1341 755 confusionem

189 801 278 865 ullam
297 819 381 885 passa
405 798 524 859 luerint.
570 795 728 860 Hominum
751 796 855 881 quippe
878 795 928 859 lilii
949 792 1092 857 eiusmodi
1120 793 1343 879 participatione

189 904 225 968 ad
242 902 442 984 incorruptum
466 909 573 961 statum
598 898 731 962 translati
756 908 841 975 sunt,
877 919 934 961 nnn
959 896 1059 959 eadem
1084 896 1247 959 substantia
1273 917 1344 959 con·

188 1004 293 1069 iuncti.
330 1002 372 1065 At
388 1022 452 1064 cnm
469 1001 549 1063 serui
567 1001 687 1063 formam
705 999 782 1063 filius
799 1000 950 1085 accepisse
966 999 1083 1077 dicitur,
1106 997 1175 1062 illud
1190 1001 1348 1079 occprendr'

190 1104 363 1170 vocabulum
378 1123 486 1166 norum
503 1102 609 1186 aliquid
626 1123 662 1165 ac
675 1121 781 1166 recens
794 1103 871 1166 istud
887 1101 1023 1165 extitisse
1038 1101 1231 1165 demonstrat.
1256 1098 1343 1184 Quod

191 1216 287 1270 autem
303 1205 429 1268 additum
448 1215 512 1283 est,
541 1193 603 1266 cum
621 1208 759 1287 reforma
775 1210 926 1279 delesset,
961 1204 1150 1267 mutationem
1170 1203 1277 1267 nullam
1301 1202 1345 1266 in·

192 1308 366 1373 tercessisse
383 1307 538 1391 significat.
585 1303 671 1389 Quae
689 1328 753 1371 cum
771 1307 811 1370 ita
829 1327 895 1371 sese
915 1305 1057 1384 labeant,
1082 1327 1117 1369 ac
1133 1328 1198 1370 cum
1215 1308 1345 1391 perlecta

192 1410 238 1473 dei
258 1409 424 1494 cognitione
449 1410 605 1473 coniuncta
628 1411 721 1495 palem
740 1409 776 1472 ab
798 1408 834 1472 iis
851 1420 1024 1473 asserantur
1039 1407 1087 1493 qui
1104 1409 1243 1472 divinitus
1262 1408 1346 1473 insti·

193 1511 247 1575 tuti
263 1524 347 1590 suut,
380 1533 473 1596 neque
488 1513 560 1575 haec
577 1512 686 1591 verba,
718 1517 794 1573 Deru
811 1516 1011 1574 menesteus
1027 1523 1134 1586 meter,
1159 1531 1255 1596 neque
1273 1512 1343 1591 ieta,

191 1618 277 1676 Pater
291 1636 367 1676 meru
382 1626 411 1676 et
423 1626 507 1695 puter
523 1626 633 1688 mter,
664 1635 765 1699 puram
790 1614 868 1677 illam
888 1635 922 1677 ac
940 1612 1085 1707 sinceram
1109 1613 1155 1676 dei
1174 1625 1307 1678 naturam
1328 1634 1345 1678 a

192 1726 408 1793 consentanea,
433 1737 489 1779 uec
503 1716 566 1801 ipso
583 1716 719 1802 indigna,
752 1717 955 1779 communione
970 1727 1090 1801 propter
1104 1716 1187 1781 vocis
1204 1716 1346 1801 ambigui-

193 1829 281 1882 tatem
305 1839 442 1904 separare
466 1829 621 1903 poterunt,
653 1829 702 1882 aut
722 1818 874 1903 quicquam
901 1818 937 1880 de
962 1819 1147 1902 proprietatis
1170 1819 1346 1883 excellentia

193 1920 363 2000 detrahent,
388 1942 443 2004 qua
461 1931 544 2004 pater
559 1941 623 1984 cum
638 1922 715 2003 lilio,
739 1922 815 1985 tilius
834 1942 898 1983 cum
917 1932 1015 2003 patre,
1040 1942 1075 1984 ac
1092 1922 1212 2007 spiritus
1227 1932 1346 1987 sanctus

193 2024 317 2107 denique
340 2032 556 2108 comparantur.

277 2125 360 2189 Astii
375 2121 473 2210 Caput
487 2126 591 2187 XVlll.
620 2121 653 2190 Si
673 2125 803 2210 ingenita
818 2124 981 2189 substantie
994 2124 1180 2208 generationi
1200 2137 1342 2209 praestat,

190 2227 309 2292 insitam
337 2229 367 2291 iu
384 2248 451 2292 sese
472 2227 582 2291 habens
602 2227 809 2292 excellentiam
827 2238 930 2312 suapte
949 2238 1053 2290 natura
1069 2227 1199 2310 ingenita
1217 2240 1262 2292 eat
1277 2229 1345 2293 sult-

191 2332 310 2396 etautia.
356 2329 463 2414 Neque
481 2330 557 2393 euim
580 2330 625 2393 cui
652 2329 762 2394 libitum
781 2341 826 2394 est
841 2352 894 2414 pro
913 2351 950 2393 eo
965 2330 1043 2415 quod
1061 2329 1172 2394 libitum
1191 2341 1237 2394 est
1254 2352 1344 2415 gene·

191 2434 299 2498 rationi
316 2420 484 2511 antecellit,
517 2433 568 2496 sed
585 2432 662 2517 quod
678 2432 717 2496 ita
736 2444 840 2496 natura
857 2443 1042 2517 comparatus
1061 2443 1117 2495 est.
1164 2430 1266 2515 Quare
1280 2456 1345 2498 cum

193 2537 264 2600 dene
281 2557 333 2620 per
349 2556 418 2600 sese
443 2535 575 2618 ingenita
595 2535 634 2598 sit
653 2534 833 2614 substantia,
865 2535 971 2599 rationi
991 2535 1060 2599 nulli
1081 2535 1222 2620 permittit
1243 2535 1300 2599 sibi
1315 2548 1346 2601 ut

193 2638 414 2722 generationem
432 2639 567 2722 affingat,
599 2638 652 2701 sed
669 2637 886 2722 inquisitionem
911 2659 1027 2702 omnem
1047 2648 1076 2702 et
1091 2637 1345 2702 ratiocinationem

194 2741 229 2802 ad
251 2760 301 2803 res
321 2740 437 2824 genitas
459 2741 595 2804 amandat
616 2762 650 2803 ac
672 2740 779 2804 reiicit.

281 2838 403 2906 Coniut.
428 2839 548 2906 XVlll.
596 2841 629 2906 ln
649 2844 767 2907 easdem
791 2864 846 2907 nos
869 2843 1021 2907 molestias
1041 2843 1121 2907 necti
1143 2843 1347 2929 importunitas

194 2941 325 3007 immisit.
371 2940 430 3026 Qui
457 2944 523 3008 dum
542 2946 643 3009 eadem
665 2946 784 3032 saepius
802 2946 839 3009 ab
857 2945 941 3009 initio
957 2947 992 3009 ad
1012 2948 1097 3008 duem
1117 2967 1209 3031 usque
1225 2947 1344 3033 repetit,

196 3044 325 3109 eiusdem
344 3046 428 3109 nobis
445 3046 567 3111 faciendi
588 3049 794 3113 necessitatem
812 3049 961 3133 imposuit.
993 3046 1155 3114 Enimvero
1170 3049 1253 3128 lides,
1271 3069 1345 3133 quae

196 3147 355 3211 catholicos
380 3169 482 3212 omues
505 3151 686 3215 adsalutem
711 3152 861 3238 perducit,
897 3150 1085 3214 humanorum
1109 3162 1347 3237 argumentorum

192 3249 357 3316 subtilitate
373 3272 431 3314 non
446 3264 572 3316 constat.
619 3253 862 3339 Quandoquidem
883 3251 994 3316 lubrica
1013 3264 1042 3316 et
1056 3253 1084 3317 in
1105 3275 1235 3318 errorem
1256 3275 1347 3340 pruna

196 3363 265 3416 snut
284 3352 428 3417 homiuum
447 3355 581 3438 ingenia,
616 3378 710 3442 neque
730 3378 794 3420 cum
812 3355 924 3419 infinita
943 3355 989 3418 dei
1005 3356 1167 3419 substantia
1189 3356 1346 3440 adaequari

196 3464 330 3538 possunt.
374 3454 415 3519 lit
430 3477 502 3521 reru
524 3468 615 3521 tutum
641 3459 711 3522 illud
731 3458 833 3523 salutis
851 3469 972 3522 nostrae
990 3479 1006 3521 a
1022 3453 1143 3522 Christo
1164 3458 1349 3523 administra·

196 3567 255 3620 tum
271 3557 462 3642 mysterium,
499 3560 574 3643 quod
603 3559 767 3623 hominibus
793 3560 880 3623 vitam
905 3560 1019 3638 attulit,
1052 3565 1500 3636 Iudnedsecudnlumacor.1,aa

159 3740 164 3751 1
192 3661 267 3742 suit,
289 3660 422 3738 gentitus
437 3664 576 3733 stultr'n’rr,
599 3663 680 3723 uobis
696 3683 761 3722 uero
777 3667 883 3724 coortis
896 3667 1010 3724 Iudaeis
1024 3675 1052 3725 et
1064 3667 1197 3743 gentibus
1217 3669 1346 3727 Cdra‘stus

195 3765 244 3823 dei
264 3765 355 3822 certus
371 3771 401 3822 et
413 3766 461 3823 dei
474 3768 630 3843 snpreutrir:
661 3768 791 3842 qucnmm
814 3768 889 3844 quod
913 3768 1030 3826 stultum
1054 3778 1098 3827 est
1121 3769 1170 3827 der'
1192 3772 1346 3847 saptentiae

195 3876 240 3927 est
254 3867 426 3939 dominibus,
462 3877 492 3926 et
505 3869 581 3945 quod
593 3866 735 3944 infirmum
758 3877 801 3925 est
820 3870 868 3927 dei
876 3869 983 3948 fortius
1003 3870 1224 3929 ertdomr'nilus.
1272 3865 1347 3951 Quis

195 3966 287 4052 igitur
303 3967 422 4030 Aetium
442 3989 499 4031 non
522 3967 615 4053 primo
635 3963 751 4030 ludaeis
773 3978 962 4048 annumeret,
995 3971 1069 4054 quod
1089 3969 1269 4054 syllogismis
1285 3972 1347 4035 suis

196 4070 262 4134 aliis
279 4067 450 4133 offensionis
472 4090 603 4133 caussam
620 4067 781 4155 praebenti
803 4078 862 4132 tum
883 4090 955 4132 vero
972 4069 1110 4153 gentilem
1129 4091 1196 4135 esse
1215 4084 1345 4153 censeat,

197 4173 272 4257 quod
298 4194 367 4259 prae
391 4173 525 4236 allectata
552 4194 605 4236 uua
624 4172 769 4256 sapientia
792 4171 1095 4234 divinammcritaten
1120 4174 1259 4238 stultitiae
1278 4198 1347 4240 con·

198 4273 334 4340 demnetl
389 4273 506 4339 Etenim
534 4297 610 4340 unus
635 4274 685 4339 ille
709 4273 843 4339 conditur
867 4271 994 4337 omnium
1017 4286 1104 4359 atque
1134 4277 1243 4341 artilex
1269 4280 1347 4345 omni

198 4439 256 4563 ml.
268 4441 377 4566 {meur
391 4449 499 4566 πιῖπαοκ
512 4447 596 4511 tepitue
609 4449 634 4498 tu
648 4448 701 4499 eettt
711 4449 755 4498 Pe·
822 4445 846 4498 8.
864 4449 972 4499 Fortem
988 4437 1047 4499 οὔτε
1063 4443 1092 4500 τό
1100 4485 1109 4514 ,
1127 4444 1219 4518 llorq'p
1237 4466 1294 4518 pcc.

240 4548 246 4563 .
341 4529 433 4578 ηερε.
