3096 5070
289 291 350 355 651
633 300 796 355 mutum
814 304 859 355 ετ
877 291 1103 358 conmotam.

289 421 379 473 Ιειιιιπα
395 423 430 473 ita
446 431 588 490 excerptum
605 422 710 490 legitur:
728 421 802 477 Μετὰ
817 421 847 478 δί
862 424 943 478 τσύτα
960 423 1087 493 συντνχῶν
1102 421 1227 495 ιΔβροσίῳ
1243 425 1290 479 τινί
1303 425 1456 493 Μαρκιωνί-

290 523 352 575 στη,
371 500 390 574 ή
408 504 445 568 ῶς
463 508 521 563 ἐνισι
537 506 651 574 λέγουσι,
678 508 860 578 Σαβελλιανιβ,
879 508 978 563 ίπεισεν
995 505 1071 563 αύτύν
1089 505 1274 578 ἄναθεματίσαι
1289 509 1336 577 τήν
1353 510 1455 576 αἵρεσιν

289 591 334 645 καί
349 592 469 660 γενέσθαι
489 597 539 662 τῆς
554 593 694 660 καὲσλικής
719 592 866 661 ἐκκλησίας.
900 589 1016 655 Ἐκεῖνος
1033 593 1063 649 δὲ
1079 600 1213 657 σπουδαῖος
1228 588 1263 650 ῶν
1280 596 1338 663 περί
1354 593 1402 664 τήν
1417 593 1454 650 α’-

287 674 412 744 νάγνωσιν
426 680 477 732 τῶν
495 680 571 732 λείων
588 679 692 745 γραφῶν
712 673 810 745 η’ξίωσε
831 678 874 735 τόν
889 674 1024 747 Ὧριγένην
1045 680 1199 748 ἱρμηνεύσαι
1219 679 1321 741 ταύτας.
1349 674 1403 740 Ὃς
1422 681 1454 735 δὲ

288 764 390 829 πληρῶν
404 763 451 829 τήν
464 759 568 827 ἀξίωσιν
581 762 607 815 ἐν
622 759 701 831 Τύρῳ
717 766 766 831 ιής
779 765 916 831 Φοινίκης,
937 759 974 826 ῶς
989 783 1079 833 φασιν,
1098 764 1139 820 ἐπί
1154 768 1233 820 είκοσι
1247 766 1292 820 καί
1305 762 1375 820 σ’κτῶ
1390 762 1454 835 χρό-

289 861 344 903 νους
357 847 484 918 ἐσχόλασε
499 853 556 908 ταῖς
572 848 730 915 ἑρμηνείαις,
748 851 793 904 τού
811 850 856 917 μὲν
870 848 1002 920 Ἀβροσίου
1016 848 1114 919 τροφός
1130 846 1200 921 αύτῷ
1213 850 1257 904 καί
1270 857 1322 912 ταῖς
1337 845 1454 917 σ’ξυγρά-

289 950 347 1001 φοις
361 933 405 987 καί
421 940 475 994 τοῖς
484 927 568 993 ἄλλως
584 928 740 998 ύπηρετούσι
755 935 914 1005 παρέχοντος,
934 935 971 991 ἐτι
984 934 1014 991 δέ
1029 937 1073 990 καὶ
1087 935 1146 998 τούς
1160 935 1256 1006 γάρτας
1270 936 1314 989 καί
1325 933 1358 989 τὰ
1375 932 1454 989 λοιπὰ

289 1011 460 1086 α’ναλῶματα,
487 1012 565 1072 αύτού
591 1016 621 1072 δέ
642 1020 686 1071 τού
713 1012 860 1086 Ὦριγένους
879 1021 1014 1091 ἐγκρατείᾳ
1040 1022 1084 1076 καλ
1108 1015 1255 1090 ἀγρυπνίαις
1274 1021 1317 1074 καὶ
1337 1016 1454 1089 καμάτῳ

288 1104 372 1172 πολλῶ
398 1101 426 1157 τέ
451 1101 521 1170 ἐργον
544 1099 676 1163 ἀνύοντος,
702 1102 932 1170 φιλοτιμησαμένου
954 1099 984 1156 δὲ
1002 1100 1048 1168 πρό
1065 1101 1150 1170 ἑτέρου
1165 1102 1259 1165 παντός
1272 1104 1308 1165 εἰς
1324 1103 1357 1159 τὰ
1373 1103 1452 1173 λεγό-

290 1185 490 1258 μεναἛξαπλᾶ.
525 1188 550 1240 Τ
551 1187 616 1248 ιλείς
630 1185 679 1255 γᾶρ
699 1185 745 1253 τήν
758 1183 902 1256 Ἐβραῐκήν
916 1186 979 1250 λέξιν
994 1187 1018 1240 έν
1033 1191 1079 1257 μιᾷ
1097 1188 1178 1243 σελίδι
1189 1185 1335 1257 γράμμασιν
1350 1186 1454 1257 Ἑλλη-

216 1283 219 1288 “
288 1280 373 1335 νικοίς,
391 1274 436 1327 καί
452 1272 607 1334 ταύταςτὰς
622 1273 668 1327 δύο
682 1274 784 1332 σελίδας
799 1267 855 1325 α’ντί
872 1274 933 1338 μιᾶς
948 1272 1114 1340 λογιζόμενος,
1133 1271 1169 1334 ῶς
1185 1273 1351 1342 ίσοδυνάμους
1367 1273 1456 1343 ἐπῆγε

289 1357 355 1413 κατοὶ
372 1359 472 1426 τρίτην,
491 1362 582 1425 μᾶλλον
599 1355 629 1412 δ“ε
643 1357 777 1423 δευτέραν,
796 1358 885 1411 σελίδα
896 1356 946 1424 τήν
961 1357 1093 1426 ἱρμηνείαν
1110 1360 1160 1412 τῶν
1177 1354 1377 1428 Ἔβδομήκοντα
1392 1357 1454 1421 δύο,

289 1439 345 1498 εἶτα
361 1441 409 1510 τήν
428 1445 472 1497 τού
491 1439 602 1502 Ἀκύλα,
631 1441 716 1496 ίπειτα
732 1441 780 1508 τήν
797 1443 841 1496 τού
858 1440 1018 1512 Συμμάχου,
1043 1443 1178 1511 μετέπειτα
1199 1440 1246 1508 τήν
1268 1444 1455 1511 Θεοδοτίωνος,

289 1523 337 1583 εἶθ’
355 1524 422 1582 ούτω
439 1527 486 1596 τήν
499 1529 615 1595 πέμπτην
625 1521 765 1593 Ἐκδοσιν,
783 1527 826 1580 καί
843 1529 929 1582 τοῦτον
945 1527 988 1583 τόν
1006 1527 1094 1594 τρόπον
1109 1529 1193 1583 πᾶσαν
1207 1527 1255 1596 τήν
1268 1528 1378 1583 παλαιὰν
1394 1534 1456 1585 δια-

290 1610 374 1680 θήκην
399 1614 543 1667 σνντέδεικε
566 1611 609 1667 διὰ
631 1614 681 1666 τῶν
704 1609 847 1676 Ἑξαπλῶν.
881 1608 947 1667 Ἀλλ’
966 1610 980 1666 ό
1000 1613 1044 1680 μἐν
1062 1612 1120 1680 περὶ
1141 1612 1188 1674 τὰς
1211 1612 1349 1681 ἐξηγήσεις
1371 1613 1457 1677 κόπος

205 1707 209 1714 ·
289 1699 328 1762 (in
346 1714 422 1766 marg.
439 1699 493 1750 cod.
513 1698 679 1765 κνημίκοπος)
695 1691 762 1751 ούτω
779 1696 872 1760 πολύς,
899 1696 964 1764 ήδλ
978 1700 1029 1752 τῶν
1050 1701 1165 1766 πονηρῶν
1179 1697 1292 1766 ἐπιμιξία
1313 1696 1455 1767 δογμάτων

289 1779 446 1851 ήμαύρωσεν
464 1781 541 1837 αύτοῦ
560 1781 620 1844 τούς
632 1780 736 1846 πόνους,
763 1782 1020 1853 ἐγκαταλελειμμένον
1041 1781 1109 1854 τάχα
1122 1781 1191 1851 παρὰ
1206 1785 1267 1838 θεοῦ
1284 1782 1329 1839 διὰ
1346 1787 1454 1852 φιλοδο-

290 1867 344 1932 ξίαν
357 1866 403 1936 ἀφ’
419 1860 453 1936 ής
471 1867 565 1938 καίτή
590 1868 643 1938 ίδίᾳ
669 1872 723 1937 ζωῇ
746 1866 866 1936 πρότερον
890 1867 1079 1939 ἐπεβούλευσεν.
1115 1867 1160 1935 Μή
1179 1866 1328 1938 βουλόμενος
1345 1867 1395 1938 γὰρ
1413 1889 1452 1923 κι-

289 1959 388 2008 νείσδαι
404 1960 562 2021 σωματικαῖς
575 1951 705 2018 κινήσεσιν
721 1952 852 2021 ἐξετμήθη
868 1952 901 2008 τοὶ
915 1953 1053 2022 παιδογόνα
1069 1953 1162 2023 μόρια,
1188 1949 1245 2007 κατ’
1262 1953 1343 2015 ένίους
1358 1952 1403 2022 μὲν
1417 1951 1452 2010 δι’

290 2037 380 2094 ίαυτού
388 2079 393 2098 ,
412 2034 470 2093 κοΐ
487 2037 587 2105 ἑτέρους
604 2037 634 2092 δὲ
650 2036 693 2092 διοὶ
708 2034 798 2092 Ἡλίου
820 2036 887 2100 τινός
911 2039 996 2106 ίατροῦ
1014 2042 1064 2094 τῶν
1080 2040 1211 2108 γνωρίμων
1228 2037 1299 2100 ἑνός·
1320 2041 1343 2094 οί
1360 2038 1391 2095 δὲ
1405 2039 1450 2093 λέ-

289 2143 374 2196 γουσιν
391 2119 432 2178 ότι
445 2122 474 2178 τό
492 2124 577 2190 νεύρον
592 2121 665 2191 μόνον
682 2123 756 2190 ἔτεμε
766 2126 816 2178 τῶν
832 2122 954 2192 διδύμων,
972 2124 1050 2192 ἕτεροι
1064 2124 1093 2180 δὲ
1108 2120 1149 2179 ότι
1163 2121 1298 2193 φάρμακον
1311 2123 1448 2191 ἐτανοήσας

290 2207 376 2270 αύτοίς
396 2209 535 2262 έπιτίὲεικε
550 2208 595 2261 καί
617 2202 844 2275 α’πεΕηρόνθησαν,
871 2208 928 2263 ἔνιοι
945 2207 974 2265 δέ
991 2205 1032 2264 ύτι
1047 2208 1153 2279 βοτάνην
1174 2207 1230 2263 τινὰ
1253 2206 1364 2276 ίατρικήν
1384 2199 1442 2273 εύρε

289 2293 354 2362 πρός
378 2295 424 2361 τήν
446 2294 567 2360 νέκρωσιν
590 2291 676 2347 αύτῶν
699 2292 851 2363 ἐπιτηδείαν.
870 2325 903 2335 -
937 2296 953 2347 1.
967 2295 1061 2363 penult.
1087 2291 1193 2362 φύσασα
1215 2295 1263 2362 αίρ.
1281 2295 1373 2359 πρῶτον
1393 2287 1438 2356 μέν

291 2370 333 2435 σύν
350 2384 383 2450 τῇ
403 2381 452 2433 τῶν
473 2379 528 2447 Αίγ.
549 2381 609 2429 Ven.
632 2407 664 2418 -
699 2379 716 2428 1.
728 2380 772 2431 ult.
790 2377 822 2433 τὰ
838 2374 894 2442 νύνζ
912 2376 971 2446 παρ’
989 2375 1075 2440 αύτοῖς
1091 2378 1121 2434 δέ
1137 2386 1190 2440 τοῖς
1207 2382 1264 2430 Vm.

358 2465 526 2537 matu.
560 2471 576 2516 1.
593 2466 615 2516 ί.
641 2461 810 2533 α’νσδεδέχθαι
830 2460 887 2531 παρ’
909 2460 995 2525 αύτοῑς
1009 2463 1087 2532 φύσει
1103 2464 1148 2517 καλ
1164 2461 1226 2540 κατὰ
1240 2462 1298 2513 Van.
1315 2489 1347 2501 -
1382 2461 1399 2510 1.
1414 2462 1439 2512 ’2.

290 2549 361 2618 δεινύΙ
379 2548 416 2611 δὶ,
434 2551 502 2618 quod
519 2568 549 2600 ex
564 2549 706 2601 coniectura
722 2549 835 2617 rescripsi
852 2567 917 2601 nunc
932 2550 1012 2600 firmat
1025 2549 1114 2600 Veneti
1129 2545 1264 2601 auctorita.
1298 2549 1336 2597 Ex
1351 2546 1444 2598 eodem

291 2637 357 2688 libro
374 2636 390 2687 1.
402 2638 426 2688 3.
446 2635 549 2686 omnino
574 2633 748 2701 corrigendum
764 2645 803 2685 οοε
820 2633 842 2688 εί
858 2634 902 2687 καί
925 2632 970 2688 σύν
996 2633 1107 2694 ἐκείνοις.
1126 2664 1160 2675 -
1193 2631 1245 2686 Μ.
1269 2626 1327 2687 Κᾶν
1342 2649 1372 2685 τε
1395 2631 1447 2700 γὰρ

292 2722 354 2772 ven.
373 2752 405 2760 —
441 2721 491 2771 1.5.
509 2714 563 2773 ἀλλ’
576 2708 618 2773 ούν
635 2737 664 2786 γε
681 2718 818 2784 δεινοτέραν
834 2716 1000 2788 αἰσχρότητος
1013 2721 1076 2770 Ven.
1094 2748 1124 2759 -
1160 2720 1177 2770 Ι.
1186 2719 1212 2772 6.
1230 2713 1254 2782 6,
1270 2712 1450 2784 αοιο”11ρειος,

291 2824 340 2858 σπι.
360 2808 419 2857 ven.
454 2806 523 2855 1ι1ιαι
540 2805 555 2854 Ι.
566 2804 591 2858 7.
610 2805 632 2858 σί
650 2803 710 2872 ίξής
724 2800 852 2872 Ἀνόμοιοί
866 2822 895 2857 τε
910 2809 955 2858 καί
971 2805 994 2858 σί
1009 2799 1080 2859 ἄλλοι
1095 2808 1158 2855 λέν.
1177 2833 1209 2843 -
1245 2803 1261 2854 1.
1273 2804 1298 2856 9.
1321 2797 1375 2857 ἄλλ’
1390 2796 1451 2855 ούτε

291 2894 354 2942 ven.
391 2893 459 2942 idem
473 2889 491 2940 1.
505 2891 542 2942 11.
560 2907 609 2941 om.
623 2885 641 2958 ή
656 2900 716 2940 unte
730 2890 841 2951 πτῶσις,
860 2901 886 2940 οε
901 2891 984 2958 pergit
998 2886 1048 2943 Ἐκ
1064 2887 1113 2958 γὰρ
1129 2890 1180 2958 τής
1192 2883 1284 2949 σύσίας
1294 2888 1338 2942 τού
1355 2884 1453 2954 πατρός
1471 2927 1479 2941 .

290 2973 321 3032 ού
336 2978 406 3030 aaa
420 2973 484 3029 εἶναι
495 2973 538 3030 τόν
552 2972 622 3036 υίόν,
639 2969 704 3029 ἀλλὰ
717 2972 872 3028 παντάπασιν
885 2971 1012 3046 α’λλότριον
1025 2974 1120 3042 πατρὸς
1132 2976 1220 3027 τοῦτον
1235 2974 1379 3041 είςηγείται,
1397 2990 1453 3026 κτι-

291 3060 350 3117 στόν
367 3079 395 3115 τε
410 3056 465 3129 ἅμα
482 3067 533 3114 κτλ.
572 3064 607 3110 Ιιι
631 3071 657 3111 οι
676 3060 812 3128 integritati
830 3071 855 3111 et
871 3060 971 3111 unitati
987 3076 1046 3111 ιαοε
1061 3071 1099 3110 est
1113 3059 1155 3109 hio
1174 3058 1245 3110 locus
1263 3059 1399 3111 restitutus.
1417 3087 1452 3096 -

290 3147 307 3199 1.
320 3149 358 3200 12.
378 3143 430 3207 ῶς,
448 3158 507 3197 ante
523 3143 588 3200 κατὰ
604 3145 690 3215 χάριν,
708 3163 755 3196 om.
773 3147 843 3212 ven„
861 3156 886 3196 et
910 3145 992 3213 pergit
1005 3144 1095 3196 deinde
1109 3141 1137 3197 τό
1155 3143 1215 3212 (εἰσ)
1231 3141 1286 3197 νίόν
1301 3139 1378 3197 αύτόν
1393 3145 1451 3196 καλ

291 3231 438 3301 λέγεινκαὶ
456 3226 529 3285 ἄλλαι
547 3225 624 3284 αύτού
645 3229 756 3290 πτῶσεις
773 3230 876 3298 (desunt
899 3230 975 3298 igitur
999 3229 1048 3284 είσί
1064 3226 1113 3292 δέ).
1135 3257 1166 3267 -
1201 3229 1219 3279 1.
1234 3230 1272 3279 16.
1300 3226 1331 3283 δὶ
1345 3224 1454 3286 τούτους

291 3313 354 3372 εἶναι
371 3320 432 3368 ven.
468 3317 536 3367 idtm
552 3316 612 3367 ibid.
627 3310 823 3382 οίναπλακήσας,
846 3313 897 3368 καί.
917 3344 949 3355 -
983 3315 999 3366 1.
1016 3313 1052 3368 16.
1068 3313 1214 3381 πέμπεσθαι
1232 3311 1261 3367 δὲ
1279 3308 1329 3367 ἀπό
1345 3314 1370 3365 5.
1385 3309 1455 3378 πρός

289 3402 411 3470 τιμωρίαν
428 3404 491 3455 Ven.
511 3431 543 3440 -
577 3402 594 3451 1.
610 3401 647 3452 17.
674 3402 777 3468 Repoue
802 3396 970 3462 ύπσδέξωνται
988 3418 1017 3451 ex
1037 3403 1098 3450 Ven.
1124 3409 1149 3449 et
1172 3401 1224 3451 Βιε.
1243 3428 1273 3437 -
1310 3398 1327 3448 Ι.
1340 3398 1379 3450 18.
1407 3394 1454 3452 διὰ

290 3485 318 3542 τύ
337 3488 458 3557 δέχεσθαι
472 3484 520 3554 τήν
533 3488 561 3549 ψ.
575 3485 600 3539 ἐν
615 3487 652 3554 τῷ
668 3481 783 3552 σῶματι·
800 3484 847 3552 τήν
862 3484 940 3540 πάλαι
952 3481 1023 3538 Ἑλλ.
1040 3479 1100 3535 λέσ.
1114 3513 1145 3523 -
1180 3484 1196 3534 1.
1207 3486 1247 3535 Ὶθ.
1268 3482 1371 3549 corrige
1386 3479 1453 3547 ἐψύ-

292 3573 354 3642 χὲαι
372 3591 401 3623 ex
419 3575 524 3623 Veneto.
560 3570 631 3622 idem
646 3570 661 3620 1.
678 3573 719 3621 21.
742 3568 929 3626 ἐπιπλάσσεται.
948 3599 980 3609 -
1015 3570 1083 3622 122).
1108 3564 1189 3629 ούτως
1203 3567 1371 3635 έκδεδσμένας
1387 3569 1453 3619 ven.

291 3687 323 3697 -
343 3659 359 3708 1.
370 3659 410 3711 25.
430 3656 518 3723 ωησίν,
536 3667 595 3706 ante
607 3651 787 3722 Ἐπίστρεψον,
805 3673 854 3708 om.
869 3658 932 3707 Ven.
960 3655 1028 3706 Idem
1043 3650 1136 3721 ibim*
1152 3651 1223 3722 ψυχή
1237 3671 1293 3720 μου.
1311 3681 1344 3692 -
1379 3649 1453 3708 130.

290 3737 346 3803 ὅτι,
365 3742 448 3809 φησί,
465 3737 603 3808 Ἐποίησεν
619 3742 681 3791 Ven.
700 3769 732 3780 -
766 3742 783 3791 l.
796 3740 819 3792 6.
836 3742 866 3791 nb
882 3741 928 3791 ini.
949 3740 1049 3808 eonige
1064 3735 1121 3807 παρ’
1137 3734 1207 3809 αύτῷ
1222 3734 1241 3805 ή
1258 3733 1318 3808 ᾀδ,
1335 3738 1452 3790 σελίσιν.

291 3841 317 3878 ει
333 3831 386 3879 Bas.
403 3823 462 3894 παρ’
479 3824 556 3882 αύτοῦ
572 3827 663 3894 legitur
683 3826 708 3876 in
723 3825 763 3876 ed.
779 3828 863 3876 Ρειαν.
880 3837 991 3894 ιιετιιηαι.
1011 3856 1043 3865 -
1078 3826 1094 3877 1.
1105 3826 1129 3877 6.
1158 3821 1225 3892 λόγῳ
1245 3822 1366 3876 σννιστῶν
1384 3821 1453 3877 ταύ-

290 3932 351 3980 την,
367 3911 403 3981 πή
422 3911 452 3968 δέ
469 3912 548 3980 έξαρν.
565 3908 711 3966 τελειότατα
727 3912 789 3960 Ven.
808 3939 839 3950 -
875 3911 890 3960 1.
902 3911 927 3963 3.
944 3912 975 3962 ab
991 3911 1038 3962 inf.
1056 3907 1138 3965 λοιπόν
1155 3902 1219 3976 ἅπερ
1237 3910 1298 3958 Ven-

357 3998 438 4071 Ρη.
454 4001 531 4053 ²³⁶.
563 3997 580 4049 l.
591 3998 615 4049 3.
634 3991 689 4049 κατ’
703 3989 779 4049 αύτέν
794 4013 861 4047 nnnc
874 3995 956 4047 firmat
971 3997 1043 4056 νεα,
1062 3996 1103 4063 qui
1121 3995 1203 4063 pergit
1217 3992 1313 4060 αἱρέσει
1326 3990 1384 4059 περὶ
1398 3996 1453 4059 τῆς

291 4078 369 4139 σύτσύ
388 4083 470 4143 αἰτίας
492 4082 582 4136 τεκαὶ
602 4080 756 4140 ύπολέσεως.
792 4081 848 4131 Hoc
864 4081 1012 4149 protulerim
1027 4082 1142 4149 vulgatae
1158 4080 1304 4146 scripturae.
1320 4106 1353 4117 -
1388 4077 1405 4127 l.
1423 4076 1451 4131 6.

291 4170 395 4239 hepone
411 4168 448 4229 είς
463 4163 574 4234 ύστερον.
595 4195 625 4207 ·-
660 4167 677 4217 l.
692 4166 716 4220 7.
736 4169 861 4235 βεβηκυῖα
878 4166 919 4217 οδ.
935 4170 1020 4218 Petav.
1038 4169 1177 4236 βεβηκυίας
1193 4164 1253 4232 (sic)
1271 4166 1322 4214 Βιε
1349 4164 1452 4231 βεβλη-

291 4263 365 4317 κυῖας
391 4254 451 4323 (εἰς)
468 4256 530 4306 ven.
549 4282 582 4292 -
615 4252 631 4302 1.
643 4257 666 4305 β.
692 4252 781 4306 πασῶν
805 4252 855 4304 τῶν
870 4249 918 4318 πρὸ
946 4247 1024 4306 αύτού
1047 4251 1126 4318 λέγειν
1153 4252 1215 4300 Ven.
1233 4277 1266 4288 -
1299 4247 1315 4298 1.
1328 4249 1367 4299 10.
1394 4237 1451 4310 σύν,

290 4352 349 4410 post
366 4338 424 4407 μὶν,
443 4357 491 4390 σαι.
512 4341 575 4390 Ven.
592 4365 626 4378 -
660 4337 729 4390 112.
746 4334 814 4402 παρὰ
829 4339 879 4403 τῆς
896 4332 971 4404 ήμῶν
986 4340 1049 4389 Ven.
1068 4338 1141 4387 Bene.
1159 4364 1193 4374 —
1226 4335 1243 4384 l.
1257 4332 1293 4386 16.
1310 4330 1368 4401 γὰρ,
1387 4344 1452 4386 ante

290 4424 402 4496 γραφήν,
420 4425 553 4477 delendum
569 4435 607 4476 ονε
623 4441 652 4474 ex
668 4421 818 4474 αυοεοτίιιιο
832 4422 928 4474 Veneti.
944 4451 979 4462 -
1015 4422 1083 4473 Idem
1099 4421 1159 4472 ibid.
1177 4419 1254 4473 εἰπεῖν
1269 4413 1351 4478 ούτως
1367 4416 1450 4482 ἐδοξε.

291 4511 369 4562 Panlo
385 4521 444 4579 pont
457 4511 482 4561 ἱα
497 4509 587 4562 eodem
601 4509 666 4560 libro
683 4507 838 4558 desiderunt
851 4505 892 4575 ἐν,
910 4519 969 4558 ante
986 4506 1162 4576 πρσςομελίαις.
1181 4535 1213 4544 -
1248 4505 1263 4554 1.
1280 4506 1316 4555 lii.
1332 4507 1384 4557 τῶν
1399 4499 1450 4557 ἅλ-

291 4598 341 4657 λων
354 4593 413 4665 παρ’
430 4590 507 4650 αύτού
528 4596 626 4661 είρηται
640 4594 704 4645 Ven.
741 4591 809 4645 idem
824 4592 842 4646 ί.
855 4593 892 4649 19.
910 4592 1031 4655 πολλάκις
1049 4592 1202 4663 χαριέστατα
1218 4594 1286 4656 διηγ.
1303 4616 1337 4629 -
1372 4589 1390 4640 1.
1403 4591 1449 4644 20.
