3096 5070
180 266 220 331 76
603 281 726 333 unm
743 281 914 333 οειεετενιι

179 393 268 461 πάλιν
285 396 472 480 ἐκβάλλοντες
486 394 540 480 τήν
554 398 584 475 ἐξ
600 395 743 474 άπαθυῦς
759 405 813 464 τοῦ
829 402 985 477 κτίζοντος,
1007 399 1059 464 καί
1073 401 1183 465 τελείου
1199 423 1229 465 τε
1247 400 1339 467 Ηκαλ

179 503 304 585 παγίυυ,
334 501 385 564 καῖ
404 495 470 565 οἷον
487 500 622 581 ἐβούλετο
639 497 713 566 είναι
731 498 763 565 τύ
781 506 905 583 κτίσμα,
936 499 1032 583 μόνην
1048 503 1273 585 λαμβανομένην
1292 504 1341 570 δν·

55 629 106 677 μς.
118 617 164 664 σιτ.
178 626 273 680 νοιαν,
296 598 467 669 άκύλουθόν
483 604 562 669 ἐστιν
580 602 641 669 άπύ
658 610 712 669 τοῦ
727 601 838 688 πατρδς
854 605 903 668 καί
919 611 973 668 τοῦ
991 607 1059 670 υίοῦ
1076 601 1242 686 άνομάτων,
1258 608 1340 672 ἐπει-

177 702 216 786 δὴ
234 703 357 786 μάλιστα
373 707 416 782 είς
434 707 546 787 πατέρα
563 706 612 770 καί
631 703 699 771 υίδν
711 704 859 771 πιστεύειν
873 704 1088 790 ἐδιδάχθημεν,
1120 711 1190 788 μίαν
1205 699 1260 773 σῦν
1271 733 1342 775 τινα

183 806 357 890 ηεύσεβῶς
376 807 538 891 λαμβάνειν
559 805 638 892 ἡμᾶς
658 811 775 875 ἐννοιαν
799 811 896 874 ι’δεῖ

49 1024 116 1095 Κεφ.
129 1025 162 1081 θ’.
264 1008 320 1078 Διδ
335 1014 385 1077 καί
402 1014 448 1079 ἐπί
472 1012 582 1101 1τούτου
600 1015 815 1097 ἐκβαλλομίνου
828 1020 883 1079 τοῦ
897 1011 972 1078 κατά
987 1011 1020 1079 τδ
1037 1012 1171 1096 πάθοςεῖ
1184 1012 1343 1101 άποββοάγν

176 1113 228 1181 τῦν
244 1116 357 1198 πατέρα
372 1117 485 1201 πατίρα
503 1125 637 1181 νοεῖσθαι
651 1124 704 1182 τοῦ
722 1120 806 1194 υίοῦ,
838 1118 890 1181 καί
910 1114 963 1182 τῦν
985 1115 1052 1182 υίδν
1076 1116 1117 1200 μή
1134 1122 1343 1202 σπερματικῶς

175 1219 430 1300 καταβεβλημένον
447 1228 625 1299 σωματικοῖς
647 1218 767 1301 φύσεως
783 1225 984 1296 τελειοῦσθαι,
1016 1220 1066 1284 καί
1085 1223 1271 1302 κινουμένοις
1287 1219 1342 1290 άελ

177 1318 253 1403 πρῦς
278 1318 370 1402 αῦξην
391 1323 442 1385 καλ
466 1320 606 1406 φθοράν,
637 1319 679 1398 ῶς
701 1321 737 1387 τά
762 1319 915 1402 σωματικαὶ
939 1324 1023 1405 ’ίγει
1045 1319 1117 1399 τοῦς
1140 1330 1341 1407 χαρακτῆρας,

178 1421 255 1507 μόνη
278 1422 545 1507 παραληφθήσεται
569 1427 668 1490 ίννοια
691 1431 745 1490 τοῦ
768 1420 884 1506 ύμυίου.
927 1420 979 1500 Ὡς
997 1422 1052 1510 γάρ
1069 1423 1132 1491 άπδ
1147 1434 1201 1491 τοῦ
1219 1431 1343 1511 κτίσμα-

178 1551 244 1603 τος,
267 1525 357 1592 πάλιν
372 1527 511 1612 ἐροῦμεν,
533 1525 653 1593 πάντων
673 1529 893 1610 ἐκβεβλημένων
912 1525 1091 1610 παρελήφθη
1108 1526 1129 1611 ἦ
1144 1526 1267 1612 άπαθὴς
1283 1531 1341 1614 μίν

177 1634 232 1692 τοῦ
251 1634 413 1708 κτίζοντος,
444 1634 549 1708 τελεία,
579 1632 630 1694 καλ
652 1632 721 1696 οἵαν
738 1629 898 1712 ἠβούλετο,
927 1632 977 1695 καλ
997 1627 1018 1711 οἱ
1036 1635 1129 1715 παγία
1147 1638 1200 1697 τοῦ
1217 1636 1339 1717 κτίσμα.

176 1756 242 1810 τος,
266 1729 345 1796 οῦτω
368 1733 419 1796 καί
441 1733 491 1798 ἐπί
509 1739 565 1797 τοῦ
582 1730 695 1818 πατρδς
715 1733 766 1797 καί
781 1735 867 1808 υίοῦ,
899 1734 1121 1815 ίκβεβλημένων
1135 1740 1193 1798 τῶν
1209 1756 1337 1817 σωματι·

177 1838 240 1899 κῶν
264 1832 399 1914 πάντων,
422 1835 687 1919 παραληφθήσεται
709 1833 787 1917 μόνη
813 1831 834 1918 ἦ
855 1831 962 1917 δμοίου
985 1838 1037 1900 καῖ
1055 1831 1118 1899 κατ’
1136 1835 1241 1902 οῦσίαν
1256 1834 1334 1916 ζῶον

175 1942 385 2023 γεντσιουργία.
427 1935 547 2020 Ἐπειδὴ
564 1945 624 2014 πᾶς
638 1936 735 2022 πατὴρ
752 1935 858 2020 δμοίας
875 1934 979 2013 ούσίας
993 1935 1087 2003 αῦτοῦ
1102 1948 1212 2004 νοεῖται
1228 1938 1336 2023 πατήρ.

177 2042 221 2104 Et
234 2041 267 2105 δὲ
282 2038 353 2122 μετά
368 2047 428 2105 τῶν
442 2047 555 2106 λοιπῶν
571 2038 711 2107 άπάντων
725 2044 759 2107 ἐκ
774 2066 804 2106 τε
818 2048 871 2107 τοῦ
883 2038 996 2125 πατρδς
1010 2042 1061 2105 καί
1077 2044 1147 2106 υίοῦ
1160 2047 1340 2122 σωματικῶν

154 2138 333 2229 Ιύνυμάτων
364 2144 582 2225 ἐκβαλλομένων
611 2145 734 2208 ἐννοιῶν
762 2141 987 2226 συνεκβάλλοιτο
1014 2144 1066 2208 καῖ
1087 2140 1108 2227 ἦ
1133 2140 1246 2224 ’ὁμοία
1274 2140 1342 2210 τεά

176 2242 280 2311 ούσίαν
302 2243 381 2324 ζῶον
402 2244 514 2329 πατρδς
532 2247 701 2329 παρέχουσα
724 2243 797 2328 ἡμῖν
820 2254 918 2323 νοεῖν,
948 2243 1047 2312 οῦκέτι
1064 2248 1144 2311 ἐσται
1170 2245 1267 2332 πατήρ
1284 2249 1343 2315 καλ

176 2345 244 2425 υίδς
261 2347 488 2431 πιστευόμενος,
516 2345 588 2414 άλλαί
611 2346 729 2431 κτιστής
750 2350 800 2413 καί
823 2353 942 2431 κτίσμα,
973 2349 1024 2413 καί
1050 2348 1169 2433 περιττά
1191 2347 1342 2431 ὀνόματα,

177 2451 270 2532 μηδέν
294 2449 364 2536 παρ’
390 2453 505 2518 ἐαυτῶν
528 2451 737 2534 είςφεράμενα,
768 2453 818 2515 καί
843 2453 923 2516 ἐσται
949 2450 1046 2526 οῦτως
1062 2450 1180 2534 κτιστιξς
1196 2452 1265 2534 μὲν,
1295 2450 1342 2532 ῶς

175 2550 260 2630 θεάς,
281 2551 345 2619 κατ’
364 2553 480 2619 4οῦδίν
497 2552 573 2628 ῦλως
586 2552 691 2636 πατήρ.
725 2550 795 2617 Ὅτι
812 2551 867 2638 γάρ
885 2550 940 2617 οῦκ
956 2554 1099 2639 ἐνεργείας
1112 2556 1223 2639 λέγεται
1239 2552 1340 2642 πατὴρ

175 2652 193 2721 o‘
215 2654 327 2740 πατὴρ,
355 2653 415 2723 α’λλ’
437 2653 542 2737 δμοίας
562 2656 657 2742 ἐαυτῷ
681 2652 785 2730 οὐσίας
807 2662 861 2738 τῆς
886 2654 960 2720 κατά
979 2654 1033 2738 τήν
1055 2656 1172 2721 τοιάνδε
1190 2659 1342 2743 ἐνέργειαν

173 2754 355 2840 ύποστάσηῖ,
387 2761 476 2839 δῆλον
500 2760 613 2823 ἐκτῶν
636 2763 798 2836 ίφυσικῶν
822 2759 988 2838 καθέστηκε
1008 2766 1166 2844 λογισμῶν.
1213 2758 1342 2839 Παλλάς

175 2859 230 2947 γάρ
247 2862 392 2945 ἐνεργείας
413 2862 487 2943 ἔχων
508 2857 630 2937 δθεῦς,
660 2857 731 2949 άλλη
749 2860 802 2942 μέυ
818 2862 948 2948 ἐνεργείᾳ
965 2860 1083 2942 κτιστής
1096 2871 1221 2940 νοεῖται,
1250 2862 1338 2930 καθδ

176 2960 323 3045 ούρανοῦ,
352 2965 404 3028 καί
420 2971 494 3049 γῆς,
522 2966 573 3028 καλ
593 2960 715 3028 πάντων
727 2969 787 3026 τῶν
804 2964 837 3027 ἐν
856 2960 988 3041 τούτοις,
1011 2961 1081 3028 άλλά
1100 2965 1150 3027 καί
1167 2971 1226 3029 τῶν
1242 2962 1341 3047 άορύ-

175 3090 235 3129 των
257 3064 374 3148 κτιστὴς
396 3068 472 3143 ἔστι,
502 3063 599 3148 πατὴρ
619 3065 652 3129 δέ
675 3071 851 3148 μονογενοῦς
866 3064 909 3129 ῶν
921 3062 975 3148 ούχ
993 3062 1035 3142 ῶς
1050 3063 1185 3148 κτιστίγς,
1218 3063 1277 3131 άλλ’
1293 3064 1340 3146 ούς

175 3165 273 3251 πατὴρ
289 3166 430 3253 γεννήσας
445 3176 561 3231 νοεῖται.
591 3169 633 3230 El
649 3166 681 3230 δέ
698 3164 748 3229 διά
764 3164 816 3248 τὴν
832 3163 981 3233 ύπύνοιαν
995 3167 1049 3250 τὴν
1066 3170 1133 3254 περί
1150 3167 1220 3245 τούς
1236 3191 1340 3251 σωμα-

174 3268 277 3345 τικοῦς
302 3270 430 3354 πατέρας
446 3291 476 3331 τε
492 3270 543 3332 καλ
560 3266 660 3346 νίοῦς,
690 3274 749 3332 τῶν
767 3275 877 3334 παθῶν
895 3268 1000 3347 δεδιῶς
1015 3270 1056 3353 μή
1074 3298 1103 3336 τι
1118 3270 1207 3361 πάθη
1225 3279 1340 3357 γεννῶν

177 3368 196 3437 δ
213 3370 386 3452 άσούματος,
415 3372 443 3435 εί
457 3368 499 3452 μὴ
516 3369 611 3447 άτελές
624 3375 669 3451 τίη
687 3367 718 3436 τῦ
732 3369 929 3456 γεννώμενον,
953 3376 1004 3438 καλ
1019 3373 1075 3439 ὅσα
1092 3378 1247 3456 συμβαίνει
1265 3379 1339 3462 περί

176 3471 228 3539 τάν
252 3471 419 3553 σωματικδν
442 3475 557 3555 πατέρα
572 3499 603 3538 τε
619 3474 670 3538 καί
693 3471 760 3538 υίῦν
775 3471 1006 3558 εύλαβούμευος,
1037 3473 1176 3553 άφέλοιτυ
1197 3475 1252 3561 τὴν
1267 3506 1339 3564 γνη-

175 3578 240 3640 σίαν
265 3577 314 3641 ἐπί
337 3573 449 3658 πατρδς
472 3578 523 3640 καῖ
545 3578 614 3641 υίοῦ
638 3578 770 3655 ίννοιαν,
803 3574 910 3644 δποῖον
933 3576 971 3644 άν
992 3579 1072 3662 λέγοι
1089 3580 1189 3663 ἕτερον
1209 3586 1336 3663 ποίημα,

47 3693 157 3750 μησεν.
174 3680 225 3743 καί
247 3674 388 3744 ούδὲποτε
413 3680 475 3763 ἐρεῖ
498 3677 550 3744 τάν
576 3675 645 3744 υίδν
677 3675 753 3744 υίάν.
805 3684 877 3746 Εἴτε
899 3679 955 3767 γάρ
977 3681 1094 3766 μεγέθει
1115 3676 1337 3766 ύπερβάλλοντα

210 3883 248 3936 11.
267 3884 311 3939 καί
332 3889 419 3939 excidit
434 3890 465 3937 σθ
487 3889 523 3939 ιδ.
541 3890 634 3938 Ριλανῖλ
658 3890 737 3939 Calon.
808 3886 866 3937 ίῖιε.
880 3888 921 3937 w.
941 3916 972 3927 -
1010 3888 1031 3938 1.
1051 3889 1204 3939 θοεὶδαυθυτκ
1219 3895 1276 3951 puto
1292 3886 1337 3945 ἐπὶ

174 3960 245 4017 repet.
772 3955 810 4025 τῷ
829 3950 902 4010 οῦτω.
938 3960 965 4009 λυ
987 3958 1038 4008 cod.
1063 3958 1162 4019 λινδερ.
1187 3963 1220 4008 εει
1245 3953 1335 4011 τοῦτον

211 4026 249 4073 λλ.
268 4021 404 4092 λαμβάνειν
423 4018 538 4093 εῦσεβῶς
552 4026 603 4075 cod.
625 4027 719 4087 θλιδῖρ.
771 4040 814 4086 ρτυ
831 4024 919 4093 τούτῳ.

212 4090 249 4142 ίὲί.
269 4094 374 4141 θεσστῖθυ
391 4095 451 4145 δεῖν.
488 4094 564 4154 Ouum
582 4099 738 4143 correcturum
806 4096 829 4141 'l-
849 4091 902 4159 ἐχει
923 4092 1021 4160 reposui
1038 4108 1067 4143 τα
1085 4094 1137 4144 cod.
1155 4094 1252 4156 ίλλισδῖρ.
1269 4090 1336 4162 ἐχειν

174 4160 291 4221 significat
301 4163 370 4209 etiam
383 4164 456 4211 υεττῖο
465 4165 575 4211 Commii
585 4178 676 4228 conseq
679 4179 724 4210 ιιιιι
727 4180 738 4211 ι
772 4162 854 4221 reliqui
869 4165 931 4210 λλονῖ.

175 4236 213 4276 est
229 4244 242 4274 α
261 4226 336 4292 putris
353 4237 379 4275 et
400 4227 442 4277 filii
465 4228 604 4279 nominibus
622 4228 739 4295 quando·
806 4228 830 4278 ὃ.
849 4230 1028 4279 &scribendum
1044 4236 1101 4291 μνία
1119 4223 1210 4296 ὅμοιον·

194 4292 275 4343 uidem
291 4294 395 4344 maxime
407 4296 432 4345 in
449 4308 546 4364 patrem
558 4309 583 4346 et
600 4296 675 4346 filiurn
686 4314 738 4347 cre·
807 4290 830 4342 4.
845 4298 1013 4355 δοττῖρτιιδαιτι
1026 4302 1132 4361 suspicor
1146 4290 1202 4351 κατ’
1217 4291 1289 4352 σύδῖν
1304 4296 1337 4354 δὶ

176 4311 237 4411 δετα
253 4362 335 4413 οδοςλί
352 4381 450 4416 sumus.
470 4382 543 4414 unam
559 4365 683 4432 quandum
701 4364 738 4413 in·
774 4356 842 4418 ὅλως
859 4359 950 4427 πατήρ.

177 4429 341 4498 telligentium
360 4449 406 4483 σοι
423 4432 465 4499 pie
483 4431 596 4500 accipere
612 4443 738 4500 oportere.
807 4430 832 4481 ὁ.
850 4431 955 4497 λογικῶν
973 4435 1024 4484 cod.
1044 4434 1141 4495 θλεείῖς.
