<?xml version="1.0" encoding="UTF-8"?>
<!DOCTYPE html PUBLIC "-//W3C//DTD XHTML 1.0 Transitional//EN"
    "http://www.w3.org/TR/xhtml1/DTD/xhtml1-transitional.dtd">
<html xmlns="http://www.w3.org/1999/xhtml" xml:lang="en" lang="en">
 <head>
  <title>
</title>
<meta http-equiv="Content-Type" content="text/html;charset=utf-8" />
  <meta name='ocr-system' content='tesseract 3.04.00' />
  <meta name='ocr-capabilities' content='ocr_page ocr_carea ocr_par ocr_line ocrx_word'/>
</head>
<body>
  <div class='ocr_page' id='page_1' title='image "./corporishaerese00unkngoog/corporishaerese00unkngoog_0501.png"; bbox 0 0 3096 5070; ppageno 0'>
   <div class='ocr_carea' id='block_1_1' title="bbox 290 282 1017 384">
    <p class='ocr_par' dir='ltr' id='par_1_1' title="bbox 290 282 1017 384">
     <span class='ocr_line' id='line_1_1' title="bbox 290 282 1017 384; baseline -0.003 -38"><span class='ocrx_word' id='word_1_1' title='bbox 290 282 353 346; x_wconf 79' lang='grc'><strong><em>494</em></strong></span> <span class='ocrx_word' id='word_1_2' title='bbox 708 292 829 346; x_wconf 70' lang='lat' dir='ltr'>amer!</span> <span class='ocrx_word' id='word_1_3' title='bbox 849 293 1017 384; x_wconf 71' lang='grc' dir='ltr'><strong><em>τοιοιιιειιι</em></strong></span> 
     </span>
    </p>
   </div>
   <div class='ocr_carea' id='block_1_2' title="bbox 154 407 1454 4182">
    <p class='ocr_par' dir='ltr' id='par_1_2' title="bbox 288 407 1452 1828">
     <span class='ocr_line' id='line_1_2' title="bbox 291 407 1450 496; baseline 0 -20"><span class='ocrx_word' id='word_1_4' title='bbox 291 409 419 492; x_wconf 87' lang='grc' dir='ltr'><strong><em>δόναμιν</em></strong></span> <span class='ocrx_word' id='word_1_5' title='bbox 433 414 475 487; x_wconf 84' lang='grc' dir='ltr'><strong><em>τίς</em></strong></span> <span class='ocrx_word' id='word_1_6' title='bbox 489 408 568 492; x_wconf 94' lang='grc' dir='ltr'><strong><em>δόμα</em></strong></span> <span class='ocrx_word' id='word_1_7' title='bbox 582 417 657 493; x_wconf 70' lang='grc' dir='ltr'><strong><em>ζωῆς</em></strong></span> <span class='ocrx_word' id='word_1_8' title='bbox 670 418 733 486; x_wconf 88' lang='grc' dir='ltr'><strong><em>τοῖς</em></strong></span> <span class='ocrx_word' id='word_1_9' title='bbox 749 409 885 487; x_wconf 89' lang='grc' dir='ltr'><strong><em>ἀπίστοις</em></strong></span> <span class='ocrx_word' id='word_1_10' title='bbox 902 407 1117 488; x_wconf 89' lang='grc' dir='ltr'><strong><em>ἀποδοθεῖσαν,</em></strong></span> <span class='ocrx_word' id='word_1_11' title='bbox 1138 412 1190 475; x_wconf 87' lang='grc' dir='ltr'><strong><em>καῖ</em></strong></span> <span class='ocrx_word' id='word_1_12' title='bbox 1209 412 1251 486; x_wconf 89' lang='grc' dir='ltr'><strong><em>είς</em></strong></span> <span class='ocrx_word' id='word_1_13' title='bbox 1266 409 1450 496; x_wconf 65' lang='grc' dir='ltr'><strong><em>ἐπιστροφὴν</em></strong></span> 
     </span>
     <span class='ocr_line' id='line_1_3' title="bbox 289 510 1452 598; baseline 0.003 -20"><span class='ocrx_word' id='word_1_14' title='bbox 289 510 410 578; x_wconf 85' lang='grc' dir='ltr'><strong><em>πόντων</em></strong></span> <span class='ocrx_word' id='word_1_15' title='bbox 430 520 490 578; x_wconf 82' lang='grc' dir='ltr'><strong><em>τοῖν</em></strong></span> <span class='ocrx_word' id='word_1_16' title='bbox 508 515 608 579; x_wconf 83' lang='grc' dir='ltr'><strong><em>δθνιῦν</em></strong></span> <span class='ocrx_word' id='word_1_17' title='bbox 625 510 702 598; x_wconf 86' lang='grc' dir='ltr'><strong><em>πρός</em></strong></span> <span class='ocrx_word' id='word_1_18' title='bbox 717 510 772 595; x_wconf 72' lang='grc' dir='ltr'><strong><em>την</em></strong></span> <span class='ocrx_word' id='word_1_19' title='bbox 789 514 946 598; x_wconf 83' lang='grc' dir='ltr'><strong><em>δπίγνωσιν</em></strong></span> <span class='ocrx_word' id='word_1_20' title='bbox 962 520 1015 594; x_wconf 81' lang='grc' dir='ltr'><strong><em>τῆς</em></strong></span> <span class='ocrx_word' id='word_1_21' title='bbox 1031 512 1181 594; x_wconf 89' lang='grc' dir='ltr'><strong><em>ἀληθείας.</em></strong></span> <span class='ocrx_word' id='word_1_22' title='bbox 1206 563 1212 571; x_wconf 94' lang='grc'><strong><em>.</em></strong></span> <span class='ocrx_word' id='word_1_23' title='bbox 1230 521 1300 590; x_wconf 84' lang='grc' dir='ltr'><strong><em>Τοῖς</em></strong></span> <span class='ocrx_word' id='word_1_24' title='bbox 1318 515 1352 581; x_wconf 73' lang='grc' dir='ltr'><strong><em>δὲ</em></strong></span> <span class='ocrx_word' id='word_1_25' title='bbox 1370 518 1452 591; x_wconf 81' lang='grc' dir='ltr'><strong><em>υἱοῖς</em></strong></span> 
     </span>
     <span class='ocr_line' id='line_1_4' title="bbox 293 607 1449 702; baseline 0.003 -22"><span class='ocrx_word' id='word_1_26' title='bbox 293 614 461 698; x_wconf 81' lang='grc' dir='ltr'><strong><em>Χεττοάρας</em></strong></span> <span class='ocrx_word' id='word_1_27' title='bbox 476 613 512 681; x_wconf 88' lang='grc' dir='ltr'><strong><em>τά</em></strong></span> <span class='ocrx_word' id='word_1_28' title='bbox 528 615 644 697; x_wconf 89' lang='grc' dir='ltr'><strong><em>δόματα</em></strong></span> <span class='ocrx_word' id='word_1_29' title='bbox 658 607 698 699; x_wconf 82' lang='grc' dir='ltr'><strong><em>ἦν</em></strong></span> <span class='ocrx_word' id='word_1_30' title='bbox 712 615 870 699; x_wconf 72' lang='grc' dir='ltr'><strong><em>χρημάτων</em></strong></span> <span class='ocrx_word' id='word_1_31' title='bbox 888 613 1031 701; x_wconf 81' lang='grc' dir='ltr'><strong><em>ῦπαρξις,</em></strong></span> <span class='ocrx_word' id='word_1_32' title='bbox 1054 614 1162 700; x_wconf 78' lang='grc' dir='ltr'><strong><em>χρυσός</em></strong></span> <span class='ocrx_word' id='word_1_33' title='bbox 1182 617 1233 681; x_wconf 87' lang='grc' dir='ltr'><strong><em>καί</em></strong></span> <span class='ocrx_word' id='word_1_34' title='bbox 1252 614 1382 702; x_wconf 83' lang='grc' dir='ltr'><strong><em>ἀργυρος</em></strong></span> <span class='ocrx_word' id='word_1_35' title='bbox 1397 619 1449 683; x_wconf 83' lang='grc' dir='ltr'><strong><em>καί</em></strong></span> 
     </span>
     <span class='ocr_line' id='line_1_5' title="bbox 290 714 1450 804; baseline 0.002 -22"><span class='ocrx_word' id='word_1_36' title='bbox 290 716 460 800; x_wconf 87' lang='grc' dir='ltr'><strong><em>ίματισμός,</em></strong></span> <span class='ocrx_word' id='word_1_37' title='bbox 482 720 534 783; x_wconf 83' lang='grc' dir='ltr'><strong><em>καί</em></strong></span> <span class='ocrx_word' id='word_1_38' title='bbox 548 717 634 783; x_wconf 86' lang='grc' dir='ltr'><strong><em>ἀτινα</em></strong></span> <span class='ocrx_word' id='word_1_39' title='bbox 650 719 682 782; x_wconf 84' lang='grc' dir='ltr'><strong><em>έν</em></strong></span> <span class='ocrx_word' id='word_1_40' title='bbox 699 722 848 804; x_wconf 78' lang='grc' dir='ltr'><strong><em>μυστηρίῳ</em></strong></span> <span class='ocrx_word' id='word_1_41' title='bbox 867 714 1001 802; x_wconf 79' lang='grc' dir='ltr'><strong><em>Ἅβραάμ</em></strong></span> <span class='ocrx_word' id='word_1_42' title='bbox 1017 717 1186 784; x_wconf 70' lang='grc' dir='ltr'><strong><em>ἀπέκλεισεν</em></strong></span> <span class='ocrx_word' id='word_1_43' title='bbox 1203 720 1235 783; x_wconf 84' lang='grc' dir='ltr'><strong><em>έν</em></strong></span> <span class='ocrx_word' id='word_1_44' title='bbox 1249 728 1313 795; x_wconf 92' lang='grc' dir='ltr'><strong><em>ταῖς</em></strong></span> <span class='ocrx_word' id='word_1_45' title='bbox 1328 717 1450 804; x_wconf 77' lang='grc' dir='ltr'><strong><em>πήραις,</em></strong></span> 
     </span>
     <span class='ocr_line' id='line_1_6' title="bbox 288 818 1452 906; baseline 0.002 -21"><span class='ocrx_word' id='word_1_46' title='bbox 288 823 408 902; x_wconf 89' lang='grc' dir='ltr'><strong><em>λίβανον</em></strong></span> <span class='ocrx_word' id='word_1_47' title='bbox 422 822 472 885; x_wconf 80' lang='grc' dir='ltr'><strong><em>καί</em></strong></span> <span class='ocrx_word' id='word_1_48' title='bbox 490 819 623 904; x_wconf 75' lang='grc' dir='ltr'><strong><em>σμύρναν</em></strong></span> <span class='ocrx_word' id='word_1_49' title='bbox 637 822 689 885; x_wconf 82' lang='grc' dir='ltr'><strong><em>καί</em></strong></span> <span class='ocrx_word' id='word_1_50' title='bbox 704 818 830 906; x_wconf 74' lang='grc' dir='ltr'><strong><em>χρυσόν,</em></strong></span> <span class='ocrx_word' id='word_1_51' title='bbox 860 828 919 885; x_wconf 89' lang='grc' dir='ltr'><strong><em>τοῖν</em></strong></span> <span class='ocrx_word' id='word_1_52' title='bbox 934 819 984 885; x_wconf 84' lang='grc' dir='ltr'><strong><em>διά</em></strong></span> <span class='ocrx_word' id='word_1_53' title='bbox 998 827 1058 885; x_wconf 81' lang='grc' dir='ltr'><strong><em>τοῖν</em></strong></span> <span class='ocrx_word' id='word_1_54' title='bbox 1072 821 1216 903; x_wconf 75' lang='grc' dir='ltr'><strong><em>βασιλέοιν</em></strong></span> <span class='ocrx_word' id='word_1_55' title='bbox 1233 821 1381 905; x_wconf 84' lang='grc' dir='ltr'><strong><em>Σοδόμων</em></strong></span> <span class='ocrx_word' id='word_1_56' title='bbox 1396 825 1452 888; x_wconf 84' lang='grc' dir='ltr'><strong><em>καλ</em></strong></span> 
     </span>
     <span class='ocr_line' id='line_1_7' title="bbox 290 920 1451 1008; baseline 0.002 -22"><span class='ocrx_word' id='word_1_57' title='bbox 290 920 462 1008; x_wconf 76' lang='grc' dir='ltr'><strong><em>Γομόρρας,</em></strong></span> <span class='ocrx_word' id='word_1_58' title='bbox 492 929 552 988; x_wconf 82' lang='grc' dir='ltr'><strong><em>τῶν</em></strong></span> <span class='ocrx_word' id='word_1_59' title='bbox 568 924 637 1007; x_wconf 84' lang='grc' dir='ltr'><strong><em>περί</em></strong></span> <span class='ocrx_word' id='word_1_60' title='bbox 654 921 882 1007; x_wconf 84' lang='grc' dir='ltr'><strong><em>Χοδολλογόμορ</em></strong></span> <span class='ocrx_word' id='word_1_61' title='bbox 906 925 958 988; x_wconf 85' lang='grc' dir='ltr'><strong><em>καί</em></strong></span> <span class='ocrx_word' id='word_1_62' title='bbox 973 921 1090 1007; x_wconf 89' lang='grc' dir='ltr'><strong><em>Βαρσά,</em></strong></span> <span class='ocrx_word' id='word_1_63' title='bbox 1120 925 1169 989; x_wconf 91' lang='grc' dir='ltr'><strong><em>καί</em></strong></span> <span class='ocrx_word' id='word_1_64' title='bbox 1191 929 1303 990; x_wconf 80' lang='grc' dir='ltr'><strong><em>λοιπῶν</em></strong></span> <span class='ocrx_word' id='word_1_65' title='bbox 1320 930 1379 990; x_wconf 80' lang='grc' dir='ltr'><strong><em>τοῖν</em></strong></span> <span class='ocrx_word' id='word_1_66' title='bbox 1394 923 1451 1006; x_wconf 74' lang='grc' dir='ltr'><strong><em>τὴν</em></strong></span> 
     </span>
     <span class='ocr_line' id='line_1_8' title="bbox 289 1021 1450 1109; baseline 0.004 -21"><span class='ocrx_word' id='word_1_67' title='bbox 289 1026 485 1107; x_wconf 80' lang='grc' dir='ltr'><strong><em>αἰχμαλωσίαν</em></strong></span> <span class='ocrx_word' id='word_1_68' title='bbox 502 1021 564 1091; x_wconf 84' lang='grc' dir='ltr'><strong><em>ἀπό</em></strong></span> <span class='ocrx_word' id='word_1_69' title='bbox 579 1024 728 1107; x_wconf 82' lang='grc' dir='ltr'><strong><em>Σοδόμων</em></strong></span> <span class='ocrx_word' id='word_1_70' title='bbox 749 1027 801 1090; x_wconf 87' lang='grc' dir='ltr'><strong><em>καλ</em></strong></span> <span class='ocrx_word' id='word_1_71' title='bbox 821 1023 983 1109; x_wconf 88' lang='grc' dir='ltr'><strong><em>Γομόρρων</em></strong></span> <span class='ocrx_word' id='word_1_72' title='bbox 1001 1028 1053 1091; x_wconf 87' lang='grc' dir='ltr'><strong><em>ιιαῖ</em></strong></span> <span class='ocrx_word' id='word_1_73' title='bbox 1068 1031 1180 1091; x_wconf 78' lang='grc' dir='ltr'><strong><em>λοιπῶν</em></strong></span> <span class='ocrx_word' id='word_1_74' title='bbox 1198 1025 1364 1108; x_wconf 80' lang='grc' dir='ltr'><strong><em>λαβόντων,</em></strong></span> <span class='ocrx_word' id='word_1_75' title='bbox 1395 1028 1450 1093; x_wconf 76' lang='grc' dir='ltr'><strong><em>καὶ</em></strong></span> 
     </span>
     <span class='ocr_line' id='line_1_9' title="bbox 288 1125 1451 1210; baseline 0.003 -18"><span class='ocrx_word' id='word_1_76' title='bbox 288 1125 508 1193; x_wconf 80' lang='grc' dir='ltr'><strong><em>σκυλιυσάντων</em></strong></span> <span class='ocrx_word' id='word_1_77' title='bbox 532 1126 587 1209; x_wconf 80' lang='grc' dir='ltr'><strong><em>τήν</em></strong></span> <span class='ocrx_word' id='word_1_78' title='bbox 609 1152 640 1192; x_wconf 88' lang='grc' dir='ltr'><strong><em>τε</em></strong></span> <span class='ocrx_word' id='word_1_79' title='bbox 663 1131 759 1192; x_wconf 77' lang='grc' dir='ltr'><strong><em>ἵππον</em></strong></span> <span class='ocrx_word' id='word_1_80' title='bbox 780 1129 831 1192; x_wconf 83' lang='grc' dir='ltr'><strong><em>καί</em></strong></span> <span class='ocrx_word' id='word_1_81' title='bbox 849 1127 1121 1210; x_wconf 80' lang='grc' dir='ltr'><strong><em>αίχμαλωτισάντων</em></strong></span> <span class='ocrx_word' id='word_1_82' title='bbox 1138 1127 1171 1191; x_wconf 87' lang='grc' dir='ltr'><strong><em>τό</em></strong></span> <span class='ocrx_word' id='word_1_83' title='bbox 1188 1135 1306 1210; x_wconf 79' lang='grc' dir='ltr'><strong><em>πλῆθος</em></strong></span> <span class='ocrx_word' id='word_1_84' title='bbox 1320 1136 1377 1193; x_wconf 84' lang='grc' dir='ltr'><strong><em>ταῖν</em></strong></span> <span class='ocrx_word' id='word_1_85' title='bbox 1397 1126 1451 1195; x_wconf 87' lang='grc' dir='ltr'><strong><em>ἀν-</em></strong></span> 
     </span>
     <span class='ocr_line' id='line_1_10' title="bbox 288 1227 1451 1316; baseline 0.002 -21"><span class='ocrx_word' id='word_1_86' title='bbox 288 1229 436 1314; x_wconf 84' lang='grc' dir='ltr'><strong><em>θρώπων,</em></strong></span> <span class='ocrx_word' id='word_1_87' title='bbox 465 1232 516 1295; x_wconf 88' lang='grc' dir='ltr'><strong><em>καί</em></strong></span> <span class='ocrx_word' id='word_1_88' title='bbox 533 1228 775 1313; x_wconf 83' lang='grc' dir='ltr'><strong><em>ἀφαρπαξάντων</em></strong></span> <span class='ocrx_word' id='word_1_89' title='bbox 789 1227 842 1306; x_wconf 86' lang='grc' dir='ltr'><strong><em>τάς</em></strong></span> <span class='ocrx_word' id='word_1_90' title='bbox 863 1227 924 1295; x_wconf 89' lang='grc' dir='ltr'><strong><em>ἀπό</em></strong></span> <span class='ocrx_word' id='word_1_91' title='bbox 941 1229 1066 1295; x_wconf 82' lang='grc' dir='ltr'><strong><em>ἓκάστου</em></strong></span> <span class='ocrx_word' id='word_1_92' title='bbox 1083 1235 1254 1315; x_wconf 81' lang='grc' dir='ltr'><strong><em>περιουσίας</em></strong></span> <span class='ocrx_word' id='word_1_93' title='bbox 1269 1256 1298 1296; x_wconf 91' lang='grc' dir='ltr'><strong><em>τε</em></strong></span> <span class='ocrx_word' id='word_1_94' title='bbox 1313 1234 1365 1296; x_wconf 86' lang='grc' dir='ltr'><strong><em>καῖ</em></strong></span> <span class='ocrx_word' id='word_1_95' title='bbox 1378 1258 1451 1316; x_wconf 82' lang='grc' dir='ltr'><strong><em>γρη-</em></strong></span> 
     </span>
     <span class='ocr_line' id='line_1_11' title="bbox 289 1329 1452 1418; baseline 0.004 -23"><span class='ocrx_word' id='word_1_96' title='bbox 289 1329 390 1416; x_wconf 85' lang='grc' dir='ltr'><strong><em>μάτων</em></strong></span> <span class='ocrx_word' id='word_1_97' title='bbox 404 1334 455 1397; x_wconf 79' lang='grc' dir='ltr'><strong><em>καὶ</em></strong></span> <span class='ocrx_word' id='word_1_98' title='bbox 469 1338 529 1397; x_wconf 87' lang='grc' dir='ltr'><strong><em>τοῖν</em></strong></span> <span class='ocrx_word' id='word_1_99' title='bbox 544 1329 640 1396; x_wconf 89' lang='grc' dir='ltr'><strong><em>ἀλλων</em></strong></span> <span class='ocrx_word' id='word_1_100' title='bbox 656 1339 785 1415; x_wconf 84' lang='grc' dir='ltr'><strong><em>πλῆθος,</em></strong></span> <span class='ocrx_word' id='word_1_101' title='bbox 809 1330 852 1398; x_wconf 72' lang='lat'><strong><em>⁴3</em></strong></span> <span class='ocrx_word' id='word_1_102' title='bbox 869 1330 958 1408; x_wconf 84' lang='grc' dir='ltr'><strong><em>αῦτός</em></strong></span> <span class='ocrx_word' id='word_1_103' title='bbox 979 1333 1188 1418; x_wconf 53' lang='grc' dir='ltr'><strong><em>ῡάπέστρεψιν</em></strong></span> <span class='ocrx_word' id='word_1_104' title='bbox 1206 1331 1266 1398; x_wconf 88' lang='grc' dir='ltr'><strong><em>ἀπό</em></strong></span> <span class='ocrx_word' id='word_1_105' title='bbox 1284 1341 1336 1416; x_wconf 79' lang='grc' dir='ltr'><strong><em>τῆς</em></strong></span> <span class='ocrx_word' id='word_1_106' title='bbox 1350 1342 1452 1416; x_wconf 79' lang='grc' dir='ltr'><strong><em>κοπῆς</em></strong></span> 
     </span>
     <span class='ocr_line' id='line_1_12' title="bbox 288 1432 1451 1525; baseline 0.003 -26"><span class='ocrx_word' id='word_1_107' title='bbox 288 1440 348 1500; x_wconf 87' lang='grc' dir='ltr'><strong><em>τοῖν</em></strong></span> <span class='ocrx_word' id='word_1_108' title='bbox 370 1437 512 1518; x_wconf 87' lang='grc' dir='ltr'><strong><em>βασιλέων</em></strong></span> <span class='ocrx_word' id='word_1_109' title='bbox 537 1434 616 1511; x_wconf 86' lang='grc' dir='ltr'><strong><em>τότε,</em></strong></span> <span class='ocrx_word' id='word_1_110' title='bbox 649 1437 700 1500; x_wconf 84' lang='grc' dir='ltr'><strong><em>καὶ</em></strong></span> <span class='ocrx_word' id='word_1_111' title='bbox 726 1433 793 1500; x_wconf 83' lang='grc' dir='ltr'><strong><em>οῦτε</em></strong></span> <span class='ocrx_word' id='word_1_112' title='bbox 817 1432 1004 1521; x_wconf 71' lang='grc' dir='ltr'><strong><em>ἀποστρέψαι</em></strong></span> <span class='ocrx_word' id='word_1_113' title='bbox 1026 1433 1063 1499; x_wconf 88' lang='grc' dir='ltr'><strong><em>τά</em></strong></span> <span class='ocrx_word' id='word_1_114' title='bbox 1088 1433 1146 1518; x_wconf 75' lang='grc' dir='ltr'><strong><em>ἤδη</em></strong></span> <span class='ocrx_word' id='word_1_115' title='bbox 1168 1441 1262 1525; x_wconf 80' lang='grc' dir='ltr'><strong><em>κυρίφ</em></strong></span> <span class='ocrx_word' id='word_1_116' title='bbox 1282 1442 1347 1524; x_wconf 78' lang='grc' dir='ltr'><strong><em>θεῷ</em></strong></span> <span class='ocrx_word' id='word_1_117' title='bbox 1369 1433 1451 1502; x_wconf 89' lang='grc' dir='ltr'><strong><em>ἀπο-</em></strong></span> 
     </span>
     <span class='ocr_line' id='line_1_13' title="bbox 289 1534 1450 1621; baseline 0.003 -19"><span class='ocrx_word' id='word_1_118' title='bbox 289 1539 435 1621; x_wconf 80' lang='grc' dir='ltr'><strong><em>ταγθέντα</em></strong></span> <span class='ocrx_word' id='word_1_119' title='bbox 453 1535 654 1619; x_wconf 77' lang='grc' dir='ltr'><strong><em>τολμήσαντος</em></strong></span> <span class='ocrx_word' id='word_1_120' title='bbox 677 1534 787 1617; x_wconf 87' lang='grc' dir='ltr'><strong><em>αάτοῦ,</em></strong></span> <span class='ocrx_word' id='word_1_121' title='bbox 820 1534 916 1604; x_wconf 64' lang='grc' dir='ltr'><strong><em>θάλλά</em></strong></span> <span class='ocrx_word' id='word_1_122' title='bbox 938 1536 1102 1612; x_wconf 86' lang='grc' dir='ltr'><strong><em>δεδωκότος</em></strong></span> <span class='ocrx_word' id='word_1_123' title='bbox 1121 1535 1223 1603; x_wconf 77' lang='grc' dir='ltr'><strong><em>ἀῦτά</em></strong></span> <span class='ocrx_word' id='word_1_124' title='bbox 1240 1537 1355 1620; x_wconf 89' lang='grc' dir='ltr'><strong><em>δόματα</em></strong></span> <span class='ocrx_word' id='word_1_125' title='bbox 1375 1537 1450 1621; x_wconf 85' lang='grc' dir='ltr'><strong><em>μετά</em></strong></span> 
     </span>
     <span class='ocr_line' id='line_1_14' title="bbox 288 1637 1451 1727; baseline 0.001 -21"><span class='ocrx_word' id='word_1_126' title='bbox 288 1646 349 1707; x_wconf 85' lang='grc' dir='ltr'><strong><em>τοῖν</em></strong></span> <span class='ocrx_word' id='word_1_127' title='bbox 364 1637 459 1705; x_wconf 81' lang='grc' dir='ltr'><strong><em>ἀλλων</em></strong></span> <span class='ocrx_word' id='word_1_128' title='bbox 475 1648 537 1716; x_wconf 91' lang='grc' dir='ltr'><strong><em>τοῖς</em></strong></span> <span class='ocrx_word' id='word_1_129' title='bbox 552 1642 631 1715; x_wconf 85' lang='grc' dir='ltr'><strong><em>υίοῖς</em></strong></span> <span class='ocrx_word' id='word_1_130' title='bbox 648 1637 741 1704; x_wconf 87' lang='grc' dir='ltr'><strong><em>αῦτοῦ</em></strong></span> <span class='ocrx_word' id='word_1_131' title='bbox 757 1649 820 1716; x_wconf 94' lang='grc' dir='ltr'><strong><em>τοῖς</em></strong></span> <span class='ocrx_word' id='word_1_132' title='bbox 841 1640 902 1707; x_wconf 86' lang='grc' dir='ltr'><strong><em>ἀπό</em></strong></span> <span class='ocrx_word' id='word_1_133' title='bbox 923 1638 1106 1724; x_wconf 85' lang='grc' dir='ltr'><strong><em>Χεττοόρας,</em></strong></span> <span class='ocrx_word' id='word_1_134' title='bbox 1139 1637 1181 1716; x_wconf 89' lang='grc' dir='ltr'><strong><em>ώς</em></strong></span> <span class='ocrx_word' id='word_1_135' title='bbox 1197 1639 1321 1727; x_wconf 83' lang='grc' dir='ltr'><strong><em>εῦρομευ</em></strong></span> <span class='ocrx_word' id='word_1_136' title='bbox 1335 1645 1368 1707; x_wconf 84' lang='grc' dir='ltr'><strong><em>έν</em></strong></span> <span class='ocrx_word' id='word_1_137' title='bbox 1383 1650 1451 1719; x_wconf 88' lang='grc' dir='ltr'><strong><em>ταῖς</em></strong></span> 
     </span>
     <span class='ocr_line' id='line_1_15' title="bbox 289 1739 720 1828; baseline -0.005 -20"><span class='ocrx_word' id='word_1_138' title='bbox 289 1740 467 1828; x_wconf 86' lang='grc' dir='ltr'><strong><em>παραδόσεσι</em></strong></span> <span class='ocrx_word' id='word_1_139' title='bbox 490 1749 548 1808; x_wconf 85' lang='grc' dir='ltr'><strong><em>τοῖν</em></strong></span> <span class='ocrx_word' id='word_1_140' title='bbox 565 1739 720 1826; x_wconf 81' lang='grc' dir='ltr'><strong><em>Ἑβραίων.</em></strong></span> 
     </span>
    </p>

    <p class='ocr_par' dir='ltr' id='par_1_3' title="bbox 154 1841 1450 3467">
     <span class='ocr_line' id='line_1_16' title="bbox 154 1841 1449 1934; baseline 0.003 -26"><span class='ocrx_word' id='word_1_141' title='bbox 154 1863 223 1932; x_wconf 64' lang='lat'><strong><em>1⁸9·</em></strong></span> <span class='ocrx_word' id='word_1_142' title='bbox 238 1857 273 1929; x_wconf 75' lang='grc' dir='ltr'><strong><em>η’.</em></strong></span> <span class='ocrx_word' id='word_1_143' title='bbox 372 1841 424 1910; x_wconf 86' lang='grc' dir='ltr'><strong><em>Ἐν</em></strong></span> <span class='ocrx_word' id='word_1_144' title='bbox 438 1845 470 1909; x_wconf 78' lang='grc' dir='ltr'><strong><em>δὲ</em></strong></span> <span class='ocrx_word' id='word_1_145' title='bbox 484 1852 520 1934; x_wconf 70' lang='grc' dir='ltr'><strong><em>τῇ</em></strong></span> <span class='ocrx_word' id='word_1_146' title='bbox 534 1851 588 1909; x_wconf 89' lang='grc' dir='ltr'><strong><em>τοῦ</em></strong></span> <span class='ocrx_word' id='word_1_147' title='bbox 604 1850 735 1930; x_wconf 79' lang='grc' dir='ltr'><strong><em>Χριστοῦ</em></strong></span> <span class='ocrx_word' id='word_1_148' title='bbox 754 1846 903 1933; x_wconf 73' lang='grc' dir='ltr'><strong><em>παρουσία</em></strong></span> <span class='ocrx_word' id='word_1_149' title='bbox 925 1853 985 1910; x_wconf 83' lang='grc' dir='ltr'><strong><em>τῶν</em></strong></span> <span class='ocrx_word' id='word_1_150' title='bbox 999 1842 1097 1911; x_wconf 80' lang='grc' dir='ltr'><strong><em>αῦτοῦν</em></strong></span> <span class='ocrx_word' id='word_1_151' title='bbox 1117 1847 1227 1913; x_wconf 86' lang='grc' dir='ltr'><strong><em>τέκνων</em></strong></span> <span class='ocrx_word' id='word_1_152' title='bbox 1242 1855 1296 1912; x_wconf 90' lang='grc' dir='ltr'><strong><em>τοῦ</em></strong></span> <span class='ocrx_word' id='word_1_153' title='bbox 1311 1843 1449 1932; x_wconf 78' lang='grc' dir='ltr'><strong><em>Ἀβραάμ</em></strong></span> 
     </span>
     <span class='ocr_line' id='line_1_17' title="bbox 290 1944 1447 2032; baseline 0.001 -19"><span class='ocrx_word' id='word_1_154' title='bbox 290 1954 349 2013; x_wconf 87' lang='grc' dir='ltr'><strong><em>τοῖν</em></strong></span> <span class='ocrx_word' id='word_1_155' title='bbox 365 1944 426 2014; x_wconf 87' lang='grc' dir='ltr'><strong><em>ἀπό</em></strong></span> <span class='ocrx_word' id='word_1_156' title='bbox 446 1945 614 2031; x_wconf 86' lang='grc' dir='ltr'><strong><em>Χεττοόρας</em></strong></span> <span class='ocrx_word' id='word_1_157' title='bbox 635 1948 840 2030; x_wconf 74' lang='grc' dir='ltr'><strong><em>ἐκβληθέντων</em></strong></span> <span class='ocrx_word' id='word_1_158' title='bbox 857 1945 917 2013; x_wconf 87' lang='grc' dir='ltr'><strong><em>ἀπό</em></strong></span> <span class='ocrx_word' id='word_1_159' title='bbox 934 1955 988 2014; x_wconf 86' lang='grc' dir='ltr'><strong><em>τοῦ</em></strong></span> <span class='ocrx_word' id='word_1_160' title='bbox 1004 1945 1152 2032; x_wconf 76' lang='grc' dir='ltr'><strong><em>Ἀβραάμ,</em></strong></span> <span class='ocrx_word' id='word_1_161' title='bbox 1181 1950 1233 2014; x_wconf 84' lang='grc' dir='ltr'><strong><em>καί</em></strong></span> <span class='ocrx_word' id='word_1_162' title='bbox 1252 1947 1447 2015; x_wconf 75' lang='grc' dir='ltr'><strong><em>ἀπελθόντων</em></strong></span> 
     </span>
     <span class='ocr_line' id='line_1_18' title="bbox 291 2047 1445 2136; baseline 0.001 -21"><span class='ocrx_word' id='word_1_163' title='bbox 291 2052 343 2116; x_wconf 84' lang='grc' dir='ltr'><strong><em>καί</em></strong></span> <span class='ocrx_word' id='word_1_164' title='bbox 369 2047 607 2132; x_wconf 75' lang='grc' dir='ltr'><strong><em>κατοικησάντων</em></strong></span> <span class='ocrx_word' id='word_1_165' title='bbox 629 2052 672 2124; x_wconf 85' lang='grc' dir='ltr'><strong><em>είς</em></strong></span> <span class='ocrx_word' id='word_1_166' title='bbox 691 2048 727 2114; x_wconf 90' lang='grc' dir='ltr'><strong><em>τά</em></strong></span> <span class='ocrx_word' id='word_1_167' title='bbox 750 2051 824 2133; x_wconf 88' lang='grc' dir='ltr'><strong><em>μέρη</em></strong></span> <span class='ocrx_word' id='word_1_168' title='bbox 849 2048 885 2114; x_wconf 88' lang='grc' dir='ltr'><strong><em>τά</em></strong></span> <span class='ocrx_word' id='word_1_169' title='bbox 904 2047 1052 2134; x_wconf 87' lang='grc' dir='ltr'><strong><em>Ἀραβικά</em></strong></span> <span class='ocrx_word' id='word_1_170' title='bbox 1076 2058 1128 2133; x_wconf 84' lang='grc' dir='ltr'><strong><em>τῆς</em></strong></span> <span class='ocrx_word' id='word_1_171' title='bbox 1150 2055 1319 2136; x_wconf 84' lang='grc' dir='ltr'><strong><em>Μαγωδῖας</em></strong></span> <span class='ocrx_word' id='word_1_172' title='bbox 1340 2049 1445 2135; x_wconf 79' lang='grc' dir='ltr'><strong><em>χώρας,</em></strong></span> 
     </span>
     <span class='ocr_line' id='line_1_19' title="bbox 290 2148 1441 2238; baseline 0 -20"><span class='ocrx_word' id='word_1_173' title='bbox 290 2159 350 2218; x_wconf 82' lang='grc' dir='ltr'><strong><em>τοῖν</em></strong></span> <span class='ocrx_word' id='word_1_174' title='bbox 364 2150 514 2217; x_wconf 73' lang='grc' dir='ltr'><strong><em>ἐλθόντων</em></strong></span> <span class='ocrx_word' id='word_1_175' title='bbox 527 2153 645 2237; x_wconf 89' lang='grc' dir='ltr'><strong><em>Μάγων</em></strong></span> <span class='ocrx_word' id='word_1_176' title='bbox 660 2148 719 2218; x_wconf 89' lang='grc' dir='ltr'><strong><em>ἀπό</em></strong></span> <span class='ocrx_word' id='word_1_177' title='bbox 734 2158 787 2234; x_wconf 83' lang='grc' dir='ltr'><strong><em>τῆς</em></strong></span> <span class='ocrx_word' id='word_1_178' title='bbox 799 2155 938 2235; x_wconf 75' lang='grc' dir='ltr'><strong><em>διαδοχῆς</em></strong></span> <span class='ocrx_word' id='word_1_179' title='bbox 950 2160 1009 2219; x_wconf 82' lang='grc' dir='ltr'><strong><em>τοῖν</em></strong></span> <span class='ocrx_word' id='word_1_180' title='bbox 1021 2151 1196 2238; x_wconf 76' lang='grc' dir='ltr'><strong><em>σπερμάτων</em></strong></span> <span class='ocrx_word' id='word_1_181' title='bbox 1209 2155 1338 2231; x_wconf 66' lang='grc' dir='ltr'><strong><em>ἐκείνων,</em></strong></span> <span class='ocrx_word' id='word_1_182' title='bbox 1357 2179 1441 2236; x_wconf 86' lang='grc' dir='ltr'><strong><em>προς-</em></strong></span> 
     </span>
     <span class='ocr_line' id='line_1_20' title="bbox 291 2252 1441 2340; baseline -0.003 -20"><span class='ocrx_word' id='word_1_183' title='bbox 291 2256 466 2340; x_wconf 87' lang='grc' dir='ltr'><strong><em>ενηνεγμένα</em></strong></span> <span class='ocrx_word' id='word_1_184' title='bbox 480 2252 594 2337; x_wconf 89' lang='grc' dir='ltr'><strong><em>δόματά</em></strong></span> <span class='ocrx_word' id='word_1_185' title='bbox 618 2280 647 2318; x_wconf 93' lang='grc' dir='ltr'><strong><em>τε</em></strong></span> <span class='ocrx_word' id='word_1_186' title='bbox 664 2255 713 2318; x_wconf 81' lang='grc' dir='ltr'><strong><em>καί</em></strong></span> <span class='ocrx_word' id='word_1_187' title='bbox 732 2257 814 2338; x_wconf 76' lang='grc' dir='ltr'><strong><em>δοῦρα</em></strong></span> <span class='ocrx_word' id='word_1_188' title='bbox 830 2256 872 2330; x_wconf 89' lang='grc' dir='ltr'><strong><em>είς</em></strong></span> <span class='ocrx_word' id='word_1_189' title='bbox 890 2253 1073 2338; x_wconf 72' lang='grc' dir='ltr'><strong><em>συμμετοχήν</em></strong></span> <span class='ocrx_word' id='word_1_190' title='bbox 1088 2261 1141 2337; x_wconf 80' lang='grc' dir='ltr'><strong><em>τῆς</em></strong></span> <span class='ocrx_word' id='word_1_191' title='bbox 1158 2255 1252 2338; x_wconf 83' lang='grc' dir='ltr'><strong><em>αῦτῆς</em></strong></span> <span class='ocrx_word' id='word_1_192' title='bbox 1270 2257 1384 2328; x_wconf 77' lang='grc' dir='ltr'><strong><em>ἐλπίδος</em></strong></span> <span class='ocrx_word' id='word_1_193' title='bbox 1400 2258 1441 2339; x_wconf 80' lang='grc' dir='ltr'><strong><em>τγῖ</em></strong></span> 
     </span>
     <span class='ocr_line' id='line_1_21' title="bbox 294 2347 1436 2445; baseline -0.005 -23"><span class='ocrx_word' id='word_1_194' title='bbox 294 2363 413 2445; x_wconf 76' lang='grc' dir='ltr'><strong><em>Χριστῷ</em></strong></span> <span class='ocrx_word' id='word_1_195' title='bbox 428 2359 460 2422; x_wconf 78' lang='grc' dir='ltr'><strong><em>ἐν</em></strong></span> <span class='ocrx_word' id='word_1_196' title='bbox 474 2357 608 2439; x_wconf 74' lang='grc' dir='ltr'><strong><em>Βηθλεὲμ</em></strong></span> <span class='ocrx_word' id='word_1_197' title='bbox 624 2354 660 2421; x_wconf 87' lang='grc' dir='ltr'><strong><em>τά</em></strong></span> <span class='ocrx_word' id='word_1_198' title='bbox 676 2354 752 2421; x_wconf 83' lang='grc' dir='ltr'><strong><em>αάτά</em></strong></span> <span class='ocrx_word' id='word_1_199' title='bbox 766 2360 860 2440; x_wconf 84' lang='grc' dir='ltr'><strong><em>δοῦρα,</em></strong></span> <span class='ocrx_word' id='word_1_200' title='bbox 882 2356 930 2423; x_wconf 86' lang='grc' dir='ltr'><strong><em>ῦτε</em></strong></span> <span class='ocrx_word' id='word_1_201' title='bbox 946 2356 999 2423; x_wconf 90' lang='grc' dir='ltr'><strong><em>τόν</em></strong></span> <span class='ocrx_word' id='word_1_202' title='bbox 1015 2357 1124 2442; x_wconf 90' lang='grc' dir='ltr'><strong><em>ἀστέρα</em></strong></span> <span class='ocrx_word' id='word_1_203' title='bbox 1141 2349 1313 2439; x_wconf 81' lang='grc' dir='ltr'><strong><em>θεαδάμινοι</em></strong></span> <span class='ocrx_word' id='word_1_204' title='bbox 1329 2347 1436 2436; x_wconf 78' lang='grc' dir='ltr'><strong><em>ἦλθον·</em></strong></span> 
     </span>
     <span class='ocr_line' id='line_1_22' title="bbox 293 2451 1439 2545; baseline -0.004 -20"><span class='ocrx_word' id='word_1_205' title='bbox 293 2451 336 2525; x_wconf 80' lang='grc' dir='ltr'><strong><em>ἀν</em></strong></span> <span class='ocrx_word' id='word_1_206' title='bbox 355 2457 461 2540; x_wconf 89' lang='grc' dir='ltr'><strong><em>δώρων</em></strong></span> <span class='ocrx_word' id='word_1_207' title='bbox 486 2456 539 2540; x_wconf 73' lang='grc' dir='ltr'><strong><em>τήν</em></strong></span> <span class='ocrx_word' id='word_1_208' title='bbox 561 2465 643 2541; x_wconf 82' lang='grc' dir='ltr'><strong><em>σαφῖγ</em></strong></span> <span class='ocrx_word' id='word_1_209' title='bbox 665 2458 849 2544; x_wconf 88' lang='grc' dir='ltr'><strong><em>παρόστασιν</em></strong></span> <span class='ocrx_word' id='word_1_210' title='bbox 872 2457 890 2526; x_wconf 90' lang='grc' dir='ltr'><strong><em>ό</em></strong></span> <span class='ocrx_word' id='word_1_211' title='bbox 911 2459 1068 2545; x_wconf 79' lang='grc' dir='ltr'><strong><em>προφήτης</em></strong></span> <span class='ocrx_word' id='word_1_212' title='bbox 1093 2463 1244 2545; x_wconf 88' lang='grc' dir='ltr'><strong><em>παρίστησι</em></strong></span> <span class='ocrx_word' id='word_1_213' title='bbox 1264 2458 1356 2543; x_wconf 87' lang='grc' dir='ltr'><strong><em>λέγων</em></strong></span> <span class='ocrx_word' id='word_1_214' title='bbox 1382 2454 1439 2535; x_wconf 81' lang='grc' dir='ltr'><strong><em>ότι,</em></strong></span> 
     </span>
     <span class='ocr_line' id='line_1_23' title="bbox 293 2557 1442 2648; baseline -0.003 -23"><span class='ocrx_word' id='word_1_215' title='bbox 293 2562 374 2647; x_wconf 84' lang='grc' dir='ltr'><strong><em>Πρλν</em></strong></span> <span class='ocrx_word' id='word_1_216' title='bbox 389 2559 410 2644; x_wconf 76' lang='grc' dir='ltr'><em>ἢ</em></span> <span class='ocrx_word' id='word_1_217' title='bbox 423 2568 533 2647; x_wconf 81' lang='grc' dir='ltr'><strong><em>γνῶναι</em></strong></span> <span class='ocrx_word' id='word_1_218' title='bbox 558 2558 591 2627; x_wconf 88' lang='grc' dir='ltr'><strong><em>τό</em></strong></span> <span class='ocrx_word' id='word_1_219' title='bbox 609 2565 728 2628; x_wconf 85' lang='grc' dir='ltr'><strong><em>παιδίον</em></strong></span> <span class='ocrx_word' id='word_1_220' title='bbox 744 2571 841 2628; x_wconf 83' lang='grc' dir='ltr'><strong><em>καλεῖν</em></strong></span> <span class='ocrx_word' id='word_1_221' title='bbox 857 2565 969 2647; x_wconf 89' lang='grc' dir='ltr'><strong><em>πατέρα</em></strong></span> <span class='ocrx_word' id='word_1_222' title='bbox 985 2561 1005 2645; x_wconf 74' lang='grc' dir='ltr'><em>ἢ</em></span> <span class='ocrx_word' id='word_1_223' title='bbox 1022 2564 1149 2648; x_wconf 88' lang='grc' dir='ltr'><strong><em>μητέρα,</em></strong></span> <span class='ocrx_word' id='word_1_224' title='bbox 1176 2558 1300 2644; x_wconf 73' lang='grc' dir='ltr'><strong><em>λήψεται</em></strong></span> <span class='ocrx_word' id='word_1_225' title='bbox 1314 2557 1442 2640; x_wconf 77' lang='grc' dir='ltr'><strong><em>δύναμιν</em></strong></span> 
     </span>
     <span class='ocr_line' id='line_1_24' title="bbox 293 2662 1446 2751; baseline -0.002 -23"><span class='ocrx_word' id='word_1_226' title='bbox 293 2670 467 2746; x_wconf 82' lang='grc' dir='ltr'><strong><em>Δαμασκοῦ,</em></strong></span> <span class='ocrx_word' id='word_1_227' title='bbox 480 2665 530 2729; x_wconf 85' lang='grc' dir='ltr'><strong><em>καλ</em></strong></span> <span class='ocrx_word' id='word_1_228' title='bbox 545 2662 581 2728; x_wconf 87' lang='grc' dir='ltr'><strong><em>τά</em></strong></span> <span class='ocrx_word' id='word_1_229' title='bbox 595 2663 687 2729; x_wconf 84' lang='grc' dir='ltr'><strong><em>σκόλα</em></strong></span> <span class='ocrx_word' id='word_1_230' title='bbox 700 2669 870 2751; x_wconf 87' lang='grc' dir='ltr'><strong><em>Σαμαρείας</em></strong></span> <span class='ocrx_word' id='word_1_231' title='bbox 882 2667 980 2730; x_wconf 79' lang='grc' dir='ltr'><strong><em>ἔναντι</em></strong></span> <span class='ocrx_word' id='word_1_232' title='bbox 993 2667 1135 2748; x_wconf 83' lang='grc' dir='ltr'><strong><em>βασιλέως</em></strong></span> <span class='ocrx_word' id='word_1_233' title='bbox 1143 2663 1314 2746; x_wconf 86' lang='grc' dir='ltr'><strong><em>Ἀσσυρίων.</em></strong></span> <span class='ocrx_word' id='word_1_234' title='bbox 1346 2667 1446 2726; x_wconf 86' lang='grc' dir='ltr'><strong><em>Ταῦτα</em></strong></span> 
     </span>
     <span class='ocr_line' id='line_1_25' title="bbox 291 2761 1448 2853; baseline -0.005 -21"><span class='ocrx_word' id='word_1_235' title='bbox 291 2765 348 2853; x_wconf 85' lang='grc' dir='ltr'><strong><em>γάρ</em></strong></span> <span class='ocrx_word' id='word_1_236' title='bbox 365 2764 424 2832; x_wconf 89' lang='grc' dir='ltr'><strong><em>ἀπό</em></strong></span> <span class='ocrx_word' id='word_1_237' title='bbox 443 2774 606 2848; x_wconf 84' lang='grc' dir='ltr'><strong><em>Δαμασκοῦ</em></strong></span> <span class='ocrx_word' id='word_1_238' title='bbox 625 2769 657 2832; x_wconf 84' lang='grc' dir='ltr'><strong><em>έν</em></strong></span> <span class='ocrx_word' id='word_1_239' title='bbox 670 2766 786 2851; x_wconf 83' lang='grc' dir='ltr'><strong><em>χρόνοις</em></strong></span> <span class='ocrx_word' id='word_1_240' title='bbox 802 2764 949 2852; x_wconf 79' lang='grc' dir='ltr'><strong><em>Ἀβραάμ,</em></strong></span> <span class='ocrx_word' id='word_1_241' title='bbox 973 2764 1013 2843; x_wconf 88' lang='grc' dir='ltr'><strong><em>ώς</em></strong></span> <span class='ocrx_word' id='word_1_242' title='bbox 1032 2776 1191 2853; x_wconf 87' lang='grc' dir='ltr'><strong><em>προεῖπον,</em></strong></span> <span class='ocrx_word' id='word_1_243' title='bbox 1212 2761 1273 2831; x_wconf 86' lang='grc' dir='ltr'><strong><em>ῦπδ</em></strong></span> <span class='ocrx_word' id='word_1_244' title='bbox 1289 2771 1350 2831; x_wconf 86' lang='grc' dir='ltr'><strong><em>τοῖν</em></strong></span> <span class='ocrx_word' id='word_1_245' title='bbox 1364 2767 1448 2846; x_wconf 70' lang='grc' dir='ltr'><strong><em>βασυ</em></strong></span> 
     </span>
     <span class='ocr_line' id='line_1_26' title="bbox 289 2859 1449 2953; baseline -0.005 -18"><span class='ocrx_word' id='word_1_246' title='bbox 289 2871 365 2935; x_wconf 84' lang='grc' dir='ltr'><strong><em>λέων</em></strong></span> <span class='ocrx_word' id='word_1_247' title='bbox 380 2875 440 2934; x_wconf 86' lang='grc' dir='ltr'><strong><em>τοῖν</em></strong></span> <span class='ocrx_word' id='word_1_248' title='bbox 459 2868 608 2935; x_wconf 72' lang='grc' dir='ltr'><strong><em>ἐλθόντων</em></strong></span> <span class='ocrx_word' id='word_1_249' title='bbox 624 2872 772 2953; x_wconf 86' lang='grc' dir='ltr'><strong><em>εῖληπται,</em></strong></span> <span class='ocrx_word' id='word_1_250' title='bbox 802 2872 853 2935; x_wconf 85' lang='grc' dir='ltr'><strong><em>καί</em></strong></span> <span class='ocrx_word' id='word_1_251' title='bbox 875 2868 936 2936; x_wconf 89' lang='grc' dir='ltr'><strong><em>ἀπό</em></strong></span> <span class='ocrx_word' id='word_1_252' title='bbox 953 2874 1130 2953; x_wconf 90' lang='grc' dir='ltr'><strong><em>Σαμαρείας.</em></strong></span> <span class='ocrx_word' id='word_1_253' title='bbox 1177 2865 1259 2933; x_wconf 87' lang='grc' dir='ltr'><strong><em>Πότε</em></strong></span> <span class='ocrx_word' id='word_1_254' title='bbox 1276 2859 1332 2933; x_wconf 86' lang='grc' dir='ltr'><strong><em>οῦν</em></strong></span> <span class='ocrx_word' id='word_1_255' title='bbox 1345 2868 1449 2947; x_wconf 72' lang='grc' dir='ltr'><strong><em>ἔλαβεν</em></strong></span> 
     </span>
     <span class='ocr_line' id='line_1_27' title="bbox 291 2962 1449 3058; baseline -0.003 -21"><span class='ocrx_word' id='word_1_256' title='bbox 291 2969 384 3050; x_wconf 84' lang='grc' dir='ltr'><strong><em>αάτά,</em></strong></span> <span class='ocrx_word' id='word_1_257' title='bbox 406 2973 477 3056; x_wconf 78' lang='grc' dir='ltr'><strong><em>πρὶν</em></strong></span> <span class='ocrx_word' id='word_1_258' title='bbox 492 2970 636 3058; x_wconf 75' lang='grc' dir='ltr'><strong><em>ἢγνῦναι</em></strong></span> <span class='ocrx_word' id='word_1_259' title='bbox 651 2979 750 3037; x_wconf 87' lang='grc' dir='ltr'><strong><em>καλεῖν</em></strong></span> <span class='ocrx_word' id='word_1_260' title='bbox 766 2973 878 3058; x_wconf 89' lang='grc' dir='ltr'><strong><em>πατέρα</em></strong></span> <span class='ocrx_word' id='word_1_261' title='bbox 894 2971 915 3055; x_wconf 78' lang='grc' dir='ltr'><em>ἢ</em></span> <span class='ocrx_word' id='word_1_262' title='bbox 931 2976 1056 3057; x_wconf 84' lang='grc' dir='ltr'><strong><em>μητέρα,</em></strong></span> <span class='ocrx_word' id='word_1_263' title='bbox 1079 2969 1138 3037; x_wconf 84' lang='grc' dir='ltr'><strong><em>ἀλλ’</em></strong></span> <span class='ocrx_word' id='word_1_264' title='bbox 1153 2969 1203 3036; x_wconf 81' lang='grc' dir='ltr'><strong><em>δτι</em></strong></span> <span class='ocrx_word' id='word_1_265' title='bbox 1218 2962 1317 3053; x_wconf 79' lang='grc' dir='ltr'><strong><em>ἦλθον</em></strong></span> <span class='ocrx_word' id='word_1_266' title='bbox 1332 2971 1363 3034; x_wconf 86' lang='grc' dir='ltr'><strong><em>οί</em></strong></span> <span class='ocrx_word' id='word_1_267' title='bbox 1377 2965 1449 3034; x_wconf 82' lang='grc' dir='ltr'><strong><em>Μώ-</em></strong></span> 
     </span>
     <span class='ocr_line' id='line_1_28' title="bbox 291 3069 1449 3160; baseline -0.004 -21"><span class='ocrx_word' id='word_1_268' title='bbox 291 3100 354 3160; x_wconf 90' lang='grc' dir='ltr'><strong><em>γοι,</em></strong></span> <span class='ocrx_word' id='word_1_269' title='bbox 376 3075 427 3138; x_wconf 81' lang='grc' dir='ltr'><strong><em>καί</em></strong></span> <span class='ocrx_word' id='word_1_270' title='bbox 442 3071 563 3155; x_wconf 80' lang='grc' dir='ltr'><strong><em>ἤνοιξαν</em></strong></span> <span class='ocrx_word' id='word_1_271' title='bbox 577 3071 630 3150; x_wconf 83' lang='grc' dir='ltr'><strong><em>ταῖς</em></strong></span> <span class='ocrx_word' id='word_1_272' title='bbox 645 3072 745 3158; x_wconf 79' lang='grc' dir='ltr'><strong><em>πήρας</em></strong></span> <span class='ocrx_word' id='word_1_273' title='bbox 759 3075 887 3153; x_wconf 85' lang='grc' dir='ltr'><strong><em>έαυτοῖν,</em></strong></span> <span class='ocrx_word' id='word_1_274' title='bbox 916 3071 1223 3159; x_wconf 80' lang='grc' dir='ltr'><strong><em>ἢτοῦςθησαυροῦς,</em></strong></span> <span class='ocrx_word' id='word_1_275' title='bbox 1252 3069 1294 3148; x_wconf 88' lang='grc' dir='ltr'><strong><em>ώς</em></strong></span> <span class='ocrx_word' id='word_1_276' title='bbox 1311 3074 1369 3153; x_wconf 77' lang='grc' dir='ltr'><strong><em>ἔχει</em></strong></span> <span class='ocrx_word' id='word_1_277' title='bbox 1384 3073 1449 3135; x_wconf 76' lang='grc' dir='ltr'><strong><em>ἔνια</em></strong></span> 
     </span>
     <span class='ocr_line' id='line_1_29' title="bbox 291 3169 1448 3262; baseline -0.005 -20"><span class='ocrx_word' id='word_1_278' title='bbox 291 3182 351 3242; x_wconf 81' lang='grc' dir='ltr'><strong><em>τοῖν</em></strong></span> <span class='ocrx_word' id='word_1_279' title='bbox 367 3174 574 3261; x_wconf 73' lang='grc' dir='ltr'><strong><em>ἀντιγράφων,</em></strong></span> <span class='ocrx_word' id='word_1_280' title='bbox 603 3179 654 3242; x_wconf 88' lang='grc' dir='ltr'><strong><em>καλ</em></strong></span> <span class='ocrx_word' id='word_1_281' title='bbox 677 3176 879 3262; x_wconf 73' lang='grc' dir='ltr'><strong><em>προςήνεγκαν</em></strong></span> <span class='ocrx_word' id='word_1_282' title='bbox 899 3175 1034 3262; x_wconf 86' lang='grc' dir='ltr'><strong><em>σμάρναν</em></strong></span> <span class='ocrx_word' id='word_1_283' title='bbox 1050 3178 1101 3242; x_wconf 88' lang='grc' dir='ltr'><strong><em>καλ</em></strong></span> <span class='ocrx_word' id='word_1_284' title='bbox 1121 3180 1243 3258; x_wconf 88' lang='grc' dir='ltr'><strong><em>λίβανον</em></strong></span> <span class='ocrx_word' id='word_1_285' title='bbox 1257 3176 1308 3239; x_wconf 86' lang='grc' dir='ltr'><strong><em>καῖ</em></strong></span> <span class='ocrx_word' id='word_1_286' title='bbox 1323 3169 1448 3257; x_wconf 77' lang='grc' dir='ltr'><strong><em>γρυσόυς</em></strong></span> 
     </span>
     <span class='ocr_line' id='line_1_30' title="bbox 294 3275 1448 3367; baseline -0.006 -22"><span class='ocrx_word' id='word_1_287' title='bbox 294 3281 354 3345; x_wconf 79' lang='grc' dir='ltr'><strong><em>Καί</em></strong></span> <span class='ocrx_word' id='word_1_288' title='bbox 378 3275 454 3367; x_wconf 80' lang='grc' dir='ltr'><strong><em>όρρῖς</em></strong></span> <span class='ocrx_word' id='word_1_289' title='bbox 474 3286 539 3355; x_wconf 81' lang='grc' dir='ltr'><strong><em>πῶς</em></strong></span> <span class='ocrx_word' id='word_1_290' title='bbox 568 3282 686 3362; x_wconf 78' lang='grc' dir='ltr'><strong><em>ιῖγουσι</em></strong></span> <span class='ocrx_word' id='word_1_291' title='bbox 711 3282 745 3345; x_wconf 89' lang='grc' dir='ltr'><strong><em>αῖ</em></strong></span> <span class='ocrx_word' id='word_1_292' title='bbox 768 3286 821 3361; x_wconf 79' lang='grc' dir='ltr'><strong><em>τῆς</em></strong></span> <span class='ocrx_word' id='word_1_293' title='bbox 844 3277 985 3362; x_wconf 89' lang='grc' dir='ltr'><strong><em>ἀληθείας</em></strong></span> <span class='ocrx_word' id='word_1_294' title='bbox 1007 3278 1144 3360; x_wconf 68' lang='grc' dir='ltr'><strong><em>φράσεις,</em></strong></span> <span class='ocrx_word' id='word_1_295' title='bbox 1174 3280 1225 3343; x_wconf 85' lang='grc' dir='ltr'><strong><em>καί</em></strong></span> <span class='ocrx_word' id='word_1_296' title='bbox 1250 3277 1448 3351; x_wconf 82' lang='grc' dir='ltr'><strong><em>ἀκολουθίαις</em></strong></span> 
     </span>
     <span class='ocr_line' id='line_1_31' title="bbox 290 3372 1450 3467; baseline -0.005 -20"><span class='ocrx_word' id='word_1_297' title='bbox 290 3376 344 3456; x_wconf 82' lang='grc' dir='ltr'><strong><em>Ὡς</em></strong></span> <span class='ocrx_word' id='word_1_298' title='bbox 360 3382 412 3447; x_wconf 85' lang='grc' dir='ltr'><strong><em>καῖ</em></strong></span> <span class='ocrx_word' id='word_1_299' title='bbox 428 3372 514 3447; x_wconf 85' lang='grc' dir='ltr'><strong><em>αόται</em></strong></span> <span class='ocrx_word' id='word_1_300' title='bbox 536 3384 570 3446; x_wconf 87' lang='grc' dir='ltr'><strong><em>αί</em></strong></span> <span class='ocrx_word' id='word_1_301' title='bbox 584 3383 707 3466; x_wconf 87' lang='grc' dir='ltr'><strong><em>αίρέσεις</em></strong></span> <span class='ocrx_word' id='word_1_302' title='bbox 729 3385 903 3457; x_wconf 85' lang='grc' dir='ltr'><strong><em>παλλακίδες</em></strong></span> <span class='ocrx_word' id='word_1_303' title='bbox 920 3379 1101 3467; x_wconf 82' lang='grc' dir='ltr'><strong><em>όπάρχουσι,</em></strong></span> <span class='ocrx_word' id='word_1_304' title='bbox 1129 3382 1181 3446; x_wconf 86' lang='grc' dir='ltr'><strong><em>καῖ</em></strong></span> <span class='ocrx_word' id='word_1_305' title='bbox 1195 3377 1232 3445; x_wconf 89' lang='grc' dir='ltr'><strong><em>τά</em></strong></span> <span class='ocrx_word' id='word_1_306' title='bbox 1249 3376 1348 3445; x_wconf 84' lang='grc' dir='ltr'><strong><em>αάτοῖν</em></strong></span> <span class='ocrx_word' id='word_1_307' title='bbox 1362 3377 1450 3442; x_wconf 87' lang='grc' dir='ltr'><strong><em>τέκνα</em></strong></span> 
     </span>
    </p>

    <p class='ocr_par' dir='ltr' id='par_1_4' title="bbox 156 3480 1453 3977">
     <span class='ocr_line' id='line_1_32' title="bbox 156 3480 1450 3567; baseline 0.001 -24"><span class='ocrx_word' id='word_1_308' title='bbox 156 3510 211 3557; x_wconf 69' lang='grc' dir='ltr'><strong><em>μς.</em></strong></span> <span class='ocrx_word' id='word_1_309' title='bbox 222 3499 280 3543; x_wconf 64' lang='lat' dir='ltr'><strong><em>lm</em></strong></span> <span class='ocrx_word' id='word_1_310' title='bbox 293 3483 378 3566; x_wconf 78' lang='grc' dir='ltr'><strong><em>έλαβε</em></strong></span> <span class='ocrx_word' id='word_1_311' title='bbox 393 3481 517 3566; x_wconf 92' lang='grc' dir='ltr'><strong><em>δόματα,</em></strong></span> <span class='ocrx_word' id='word_1_312' title='bbox 540 3483 573 3549; x_wconf 87' lang='grc' dir='ltr'><strong><em>τό</em></strong></span> <span class='ocrx_word' id='word_1_313' title='bbox 589 3480 685 3567; x_wconf 77' lang='grc' dir='ltr'><strong><em>ὄνομα</em></strong></span> <span class='ocrx_word' id='word_1_314' title='bbox 700 3482 792 3566; x_wconf 92' lang='grc' dir='ltr'><strong><em>μόνον</em></strong></span> <span class='ocrx_word' id='word_1_315' title='bbox 805 3489 960 3567; x_wconf 83' lang='grc' dir='ltr'><strong><em>λαβοῦσαι,</em></strong></span> <span class='ocrx_word' id='word_1_316' title='bbox 983 3483 1106 3567; x_wconf 82' lang='grc' dir='ltr'><strong><em>ὀνόματι</em></strong></span> <span class='ocrx_word' id='word_1_317' title='bbox 1124 3483 1216 3565; x_wconf 85' lang='grc' dir='ltr'><strong><em>μόνον</em></strong></span> <span class='ocrx_word' id='word_1_318' title='bbox 1232 3487 1364 3567; x_wconf 85' lang='grc' dir='ltr'><strong><em>Χριστοῦ</em></strong></span> <span class='ocrx_word' id='word_1_319' title='bbox 1380 3487 1450 3562; x_wconf 84' lang='grc' dir='ltr'><strong><em>κλη-</em></strong></span> 
     </span>
     <span class='ocr_line' id='line_1_33' title="bbox 292 3581 1449 3673; baseline -0.005 -21"><span class='ocrx_word' id='word_1_320' title='bbox 292 3594 406 3663; x_wconf 86' lang='grc' dir='ltr'><strong><em>θεῖσαι,</em></strong></span> <span class='ocrx_word' id='word_1_321' title='bbox 430 3588 481 3650; x_wconf 88' lang='grc' dir='ltr'><strong><em>καλ</em></strong></span> <span class='ocrx_word' id='word_1_322' title='bbox 496 3584 565 3662; x_wconf 84' lang='grc' dir='ltr'><strong><em>τοῦς</em></strong></span> <span class='ocrx_word' id='word_1_323' title='bbox 581 3583 699 3673; x_wconf 88' lang='grc' dir='ltr'><strong><em>όλίγους</em></strong></span> <span class='ocrx_word' id='word_1_324' title='bbox 716 3583 775 3652; x_wconf 87' lang='grc' dir='ltr'><strong><em>ἀπό</em></strong></span> <span class='ocrx_word' id='word_1_325' title='bbox 793 3594 845 3670; x_wconf 82' lang='grc' dir='ltr'><strong><em>τῆς</em></strong></span> <span class='ocrx_word' id='word_1_326' title='bbox 860 3592 947 3663; x_wconf 87' lang='grc' dir='ltr'><strong><em>θείας</em></strong></span> <span class='ocrx_word' id='word_1_327' title='bbox 961 3593 1080 3671; x_wconf 80' lang='grc' dir='ltr'><strong><em>γραφῆς</em></strong></span> <span class='ocrx_word' id='word_1_328' title='bbox 1093 3585 1200 3671; x_wconf 88' lang='grc' dir='ltr'><strong><em>λόγους</em></strong></span> <span class='ocrx_word' id='word_1_329' title='bbox 1218 3581 1449 3664; x_wconf 82' lang='grc' dir='ltr'><strong><em>ἀποδεξόμεναι,</em></strong></span> 
     </span>
     <span class='ocr_line' id='line_1_34' title="bbox 292 3685 1450 3772; baseline -0.003 -19"><span class='ocrx_word' id='word_1_330' title='bbox 292 3691 342 3754; x_wconf 76' lang='grc' dir='ltr'><strong><em>ἵνα</em></strong></span> <span class='ocrx_word' id='word_1_331' title='bbox 363 3686 401 3752; x_wconf 82' lang='grc' dir='ltr'><strong><em>δι’</em></strong></span> <span class='ocrx_word' id='word_1_332' title='bbox 422 3685 520 3754; x_wconf 85' lang='grc' dir='ltr'><strong><em>αῦτοῖν</em></strong></span> <span class='ocrx_word' id='word_1_333' title='bbox 539 3696 650 3755; x_wconf 79' lang='grc' dir='ltr'><strong><em>συνοῦσι</em></strong></span> <span class='ocrx_word' id='word_1_334' title='bbox 670 3686 726 3772; x_wconf 71' lang='grc' dir='ltr'><strong><em>τὴν</em></strong></span> <span class='ocrx_word' id='word_1_335' title='bbox 746 3687 905 3772; x_wconf 80' lang='grc' dir='ltr'><strong><em>ἀλήθειαν,</em></strong></span> <span class='ocrx_word' id='word_1_336' title='bbox 936 3687 990 3756; x_wconf 84' lang='grc' dir='ltr'><strong><em>έάν</em></strong></span> <span class='ocrx_word' id='word_1_337' title='bbox 1004 3691 1142 3755; x_wconf 90' lang='grc' dir='ltr'><strong><em>θέλωσιν·</em></strong></span> <span class='ocrx_word' id='word_1_338' title='bbox 1172 3690 1201 3752; x_wconf 88' lang='grc' dir='ltr'><strong><em>εί</em></strong></span> <span class='ocrx_word' id='word_1_339' title='bbox 1212 3688 1245 3752; x_wconf 85' lang='grc' dir='ltr'><strong><em>δέ</em></strong></span> <span class='ocrx_word' id='word_1_340' title='bbox 1262 3685 1303 3769; x_wconf 80' lang='grc' dir='ltr'><em>μή</em></span> <span class='ocrx_word' id='word_1_341' title='bbox 1321 3687 1450 3764; x_wconf 81' lang='grc' dir='ltr'><strong><em>θέλοιεν,</em></strong></span> 
     </span>
     <span class='ocr_line' id='line_1_35' title="bbox 291 3785 1450 3878; baseline -0.002 -24"><span class='ocrx_word' id='word_1_342' title='bbox 291 3788 365 3855; x_wconf 86' lang='grc' dir='ltr'><strong><em>ἀλλά</em></strong></span> <span class='ocrx_word' id='word_1_343' title='bbox 388 3786 589 3872; x_wconf 87' lang='grc' dir='ltr'><strong><em>ἀνακάμψωσι</em></strong></span> <span class='ocrx_word' id='word_1_344' title='bbox 614 3789 690 3875; x_wconf 88' lang='grc' dir='ltr'><strong><em>πρδς</em></strong></span> <span class='ocrx_word' id='word_1_345' title='bbox 712 3790 765 3856; x_wconf 87' lang='grc' dir='ltr'><strong><em>τόν</em></strong></span> <span class='ocrx_word' id='word_1_346' title='bbox 786 3789 922 3877; x_wconf 83' lang='grc' dir='ltr'><strong><em>Ἡρώδην</em></strong></span> <span class='ocrx_word' id='word_1_347' title='bbox 945 3793 1201 3878; x_wconf 86' lang='grc' dir='ltr'><strong><em>(παραγγέλλονται</em></strong></span> <span class='ocrx_word' id='word_1_348' title='bbox 1228 3787 1285 3874; x_wconf 89' lang='grc' dir='ltr'><strong><em>γάρ</em></strong></span> <span class='ocrx_word' id='word_1_349' title='bbox 1313 3785 1354 3871; x_wconf 72' lang='grc' dir='ltr'><strong><em>μὴ</em></strong></span> <span class='ocrx_word' id='word_1_350' title='bbox 1376 3786 1450 3852; x_wconf 77' lang='grc' dir='ltr'><strong><em>ἀνα·</em></strong></span> 
     </span>
     <span class='ocr_line' id='line_1_36' title="bbox 292 3889 1453 3977; baseline 0 -21"><span class='ocrx_word' id='word_1_351' title='bbox 292 3894 437 3974; x_wconf 75' lang='grc' dir='ltr'><strong><em>κάμπτειν</em></strong></span> <span class='ocrx_word' id='word_1_352' title='bbox 451 3890 528 3976; x_wconf 88' lang='grc' dir='ltr'><strong><em>πρός</em></strong></span> <span class='ocrx_word' id='word_1_353' title='bbox 543 3889 689 3977; x_wconf 85' lang='grc' dir='ltr'><strong><em>Ἡρώδην,</em></strong></span> <span class='ocrx_word' id='word_1_354' title='bbox 712 3891 783 3959; x_wconf 88' lang='grc' dir='ltr'><strong><em>ἀλλά</em></strong></span> <span class='ocrx_word' id='word_1_355' title='bbox 797 3893 835 3960; x_wconf 88' lang='grc' dir='ltr'><strong><em>δι’</em></strong></span> <span class='ocrx_word' id='word_1_356' title='bbox 850 3893 938 3975; x_wconf 84' lang='grc' dir='ltr'><strong><em>ἀλλης</em></strong></span> <span class='ocrx_word' id='word_1_357' title='bbox 952 3891 1026 3961; x_wconf 87' lang='grc' dir='ltr'><strong><em>όδοῦ</em></strong></span> <span class='ocrx_word' id='word_1_358' title='bbox 1041 3891 1233 3974; x_wconf 85' lang='grc' dir='ltr'><strong><em>ἀφικνεῖσθαι</em></strong></span> <span class='ocrx_word' id='word_1_359' title='bbox 1250 3894 1292 3966; x_wconf 78' lang='grc' dir='ltr'><strong><em>εἰς</em></strong></span> <span class='ocrx_word' id='word_1_360' title='bbox 1307 3889 1362 3973; x_wconf 75' lang='grc' dir='ltr'><strong><em>τήν</em></strong></span> <span class='ocrx_word' id='word_1_361' title='bbox 1381 3890 1453 3956; x_wconf 84' lang='grc' dir='ltr'><strong><em>έαυ-</em></strong></span> 
     </span>
    </p>

    <p class='ocr_par' dir='ltr' id='par_1_5' title="bbox 169 3992 1454 4182">
     <span class='ocr_line' id='line_1_37' title="bbox 169 3992 1454 4083; baseline -0.001 -23"><span class='ocrx_word' id='word_1_362' title='bbox 169 4005 176 4011; x_wconf 78' lang='grc'><strong>”</strong></span> <span class='ocrx_word' id='word_1_363' title='bbox 292 4000 353 4060; x_wconf 83' lang='grc' dir='ltr'><strong><em>τοῖν</em></strong></span> <span class='ocrx_word' id='word_1_364' title='bbox 373 3998 526 4079; x_wconf 86' lang='grc' dir='ltr'><strong><em>πατρίδα)·</em></strong></span> <span class='ocrx_word' id='word_1_365' title='bbox 557 3995 609 4060; x_wconf 84' lang='grc' dir='ltr'><strong><em>έάν</em></strong></span> <span class='ocrx_word' id='word_1_366' title='bbox 623 3996 654 4061; x_wconf 84' lang='grc' dir='ltr'><strong><em>δέ</em></strong></span> <span class='ocrx_word' id='word_1_367' title='bbox 669 3994 710 4079; x_wconf 76' lang='grc' dir='ltr'><em>μή</em></span> <span class='ocrx_word' id='word_1_368' title='bbox 727 3996 872 4080; x_wconf 77' lang='grc' dir='ltr'><strong><em>ποιήσωσι</em></strong></span> <span class='ocrx_word' id='word_1_369' title='bbox 890 3995 925 4062; x_wconf 84' lang='grc' dir='ltr'><strong><em>τά</em></strong></span> <span class='ocrx_word' id='word_1_370' title='bbox 941 3997 1190 4083; x_wconf 86' lang='grc' dir='ltr'><strong><em>προςτεταγμένα,</em></strong></span> <span class='ocrx_word' id='word_1_371' title='bbox 1221 3992 1316 4077; x_wconf 88' lang='grc' dir='ltr'><strong><em>μάτην</em></strong></span> <span class='ocrx_word' id='word_1_372' title='bbox 1331 3994 1454 4070; x_wconf 87' lang='grc' dir='ltr'><strong><em>έαυτοῖς</em></strong></span> 
     </span>
     <span class='ocr_line' id='line_1_38' title="bbox 292 4093 1452 4182; baseline -0.002 -21"><span class='ocrx_word' id='word_1_373' title='bbox 292 4094 329 4162; x_wconf 86' lang='grc' dir='ltr'><strong><em>τά</em></strong></span> <span class='ocrx_word' id='word_1_374' title='bbox 344 4095 474 4180; x_wconf 90' lang='grc' dir='ltr'><strong><em>δόματα,</em></strong></span> <span class='ocrx_word' id='word_1_375' title='bbox 504 4095 544 4173; x_wconf 90' lang='grc' dir='ltr'><strong><em>ώς</em></strong></span> <span class='ocrx_word' id='word_1_376' title='bbox 561 4100 683 4173; x_wconf 80' lang='grc' dir='ltr'><strong><em>ἐκείνοις</em></strong></span> <span class='ocrx_word' id='word_1_377' title='bbox 705 4096 727 4181; x_wconf 77' lang='grc' dir='ltr'><em>ἦ</em></span> <span class='ocrx_word' id='word_1_378' title='bbox 743 4102 869 4178; x_wconf 85' lang='grc' dir='ltr'><strong><em>έλιυσις,</em></strong></span> <span class='ocrx_word' id='word_1_379' title='bbox 898 4102 926 4165; x_wconf 91' lang='grc' dir='ltr'><strong><em>εί</em></strong></span> <span class='ocrx_word' id='word_1_380' title='bbox 946 4097 1125 4181; x_wconf 85' lang='grc' dir='ltr'><strong><em>ἀνέκαμψαν</em></strong></span> <span class='ocrx_word' id='word_1_381' title='bbox 1142 4095 1220 4182; x_wconf 87' lang='grc' dir='ltr'><strong><em>πρός</em></strong></span> <span class='ocrx_word' id='word_1_382' title='bbox 1235 4095 1287 4162; x_wconf 85' lang='grc' dir='ltr'><strong><em>τόν</em></strong></span> <span class='ocrx_word' id='word_1_383' title='bbox 1302 4093 1452 4179; x_wconf 84' lang='grc' dir='ltr'><strong><em>Ἡρώδην,</em></strong></span> 
     </span>
    </p>
   </div>
   <div class='ocr_carea' id='block_1_3' title="bbox 293 4195 1454 4387">
    <p class='ocr_par' dir='ltr' id='par_1_6' title="bbox 293 4195 1454 4387">
     <span class='ocr_line' id='line_1_39' title="bbox 293 4195 1454 4289; baseline 0.001 -24"><span class='ocrx_word' id='word_1_384' title='bbox 293 4196 344 4265; x_wconf 88' lang='grc' dir='ltr'><strong><em>διά</em></strong></span> <span class='ocrx_word' id='word_1_385' title='bbox 362 4197 395 4264; x_wconf 86' lang='grc' dir='ltr'><strong><em>τό</em></strong></span> <span class='ocrx_word' id='word_1_386' title='bbox 416 4196 528 4281; x_wconf 85' lang='grc' dir='ltr'><strong><em>δμοίως</em></strong></span> <span class='ocrx_word' id='word_1_387' title='bbox 544 4198 597 4277; x_wconf 88' lang='grc' dir='ltr'><strong><em>τάς</em></strong></span> <span class='ocrx_word' id='word_1_388' title='bbox 611 4198 703 4278; x_wconf 85' lang='grc' dir='ltr'><strong><em>αάτοῖς</em></strong></span> <span class='ocrx_word' id='word_1_389' title='bbox 719 4204 846 4289; x_wconf 81' lang='grc' dir='ltr'><strong><em>αἱρέσεις</em></strong></span> <span class='ocrx_word' id='word_1_390' title='bbox 861 4199 1099 4287; x_wconf 78' lang='grc' dir='ltr'><strong><em>παραγαράσσειν</em></strong></span> <span class='ocrx_word' id='word_1_391' title='bbox 1114 4207 1173 4266; x_wconf 85' lang='grc' dir='ltr'><strong><em>τοῖν</em></strong></span> <span class='ocrx_word' id='word_1_392' title='bbox 1191 4203 1282 4265; x_wconf 86' lang='grc' dir='ltr'><strong><em>θείων</em></strong></span> <span class='ocrx_word' id='word_1_393' title='bbox 1298 4195 1396 4284; x_wconf 83' lang='grc' dir='ltr'><strong><em>λόγων</em></strong></span> <span class='ocrx_word' id='word_1_394' title='bbox 1414 4197 1454 4266; x_wconf 86' lang='grc' dir='ltr'><strong><em>τά</em></strong></span> 
     </span>
     <span class='ocr_line' id='line_1_40' title="bbox 293 4299 1033 4387; baseline 0.003 -22"><span class='ocrx_word' id='word_1_395' title='bbox 293 4299 467 4387; x_wconf 84' lang='grc' dir='ltr'><strong><em>διδόγματιι.</em></strong></span> <span class='ocrx_word' id='word_1_396' title='bbox 1032 4321 1033 4324; x_wconf 76' lang='grc'>’</span> 
     </span>
    </p>
   </div>
   <div class='ocr_carea' id='block_1_4' title="bbox 295 4467 1455 4608">
    <p class='ocr_par' dir='ltr' id='par_1_7' title="bbox 295 4467 1455 4608">
     <span class='ocr_line' id='line_1_41' title="bbox 295 4467 1455 4608; baseline 0.001 -80"><span class='ocrx_word' id='word_1_397' title='bbox 295 4467 392 4608; x_wconf 37' lang='grc' dir='ltr'><strong><em>’ἐγώ</em></strong></span> <span class='ocrx_word' id='word_1_398' title='bbox 413 4477 525 4528; x_wconf 77' lang='lat' dir='ltr'>mendum</span> <span class='ocrx_word' id='word_1_399' title='bbox 545 4481 578 4527; x_wconf 78' lang='grc' dir='ltr'><strong><em>ιιι</em></strong></span> <span class='ocrx_word' id='word_1_400' title='bbox 601 4479 656 4528; x_wconf 69' lang='lat' dir='ltr'><strong><em>edu.</em></strong></span> <span class='ocrx_word' id='word_1_401' title='bbox 675 4479 757 4531; x_wconf 76' lang='grc' dir='ltr'><strong><em>Ριιου.</em></strong></span> <span class='ocrx_word' id='word_1_402' title='bbox 776 4479 855 4529; x_wconf 72' lang='lat' dir='ltr'><strong><em>colon.</em></strong></span> <span class='ocrx_word' id='word_1_403' title='bbox 924 4477 947 4528; x_wconf 71' lang='grc' dir='ltr'><strong><em>εἰ.</em></strong></span> <span class='ocrx_word' id='word_1_404' title='bbox 965 4470 1123 4545; x_wconf 75' lang='grc' dir='ltr'><strong><em>ἀπέστρεψεν</em></strong></span> <span class='ocrx_word' id='word_1_405' title='bbox 1137 4480 1189 4530; x_wconf 74' lang='lat' dir='ltr'><strong>cod.</strong></span> <span class='ocrx_word' id='word_1_406' title='bbox 1206 4480 1251 4530; x_wconf 81' lang='grc' dir='ltr'><strong><em>λιιι.</em></strong></span> <span class='ocrx_word' id='word_1_407' title='bbox 1271 4476 1336 4544; x_wconf 83' lang='grc' dir='ltr'><strong><em>(τινα</em></strong></span> <span class='ocrx_word' id='word_1_408' title='bbox 1351 4491 1455 4529; x_wconf 74' lang='lat' dir='ltr'><strong><em>rasurae</em></strong></span> 
     </span>
    </p>
   </div>
   <div class='ocr_carea' id='block_1_5' title="bbox 0 0 1552 5070">
    <p class='ocr_par' dir='ltr' id='par_1_8' title="bbox 0 0 1552 5070">
     <span class='ocr_line' id='line_1_42' title="bbox 0 0 1552 5070; baseline 0 0"><span class='ocrx_word' id='word_1_409' title='bbox 0 0 1552 5070; x_wconf 95' lang='lat' dir='ltr'><strong><em> </em></strong></span> 
     </span>
    </p>
   </div>
  </div>
 </body>
</html>
