3096 5070
208 304 249 369 52
640 313 763 365 εευοτι
780 311 951 364 mmm!

208 432 247 499 οῦ
260 433 406 510 κτισθελς,
435 428 472 497 οῦ
495 433 650 510 ποιηθεὶς,
678 423 750 493 οἷλλό
770 429 817 493 τἰελ
839 426 897 507 οῦν,
928 430 974 494 ιἰελ
998 430 1219 512 συμβασιλεόον
1241 439 1282 519 τῷ
1299 440 1366 522 θεᾷ

206 538 257 602 καλ
277 537 380 618 πατρλ,
412 524 450 598 οῦ
471 539 524 617 τῆς
538 535 685 614 βασιλείας
706 529 782 596 κατὰ
804 529 858 612 τῆν
876 537 930 595 τοῦ
946 528 1112 598 ἀποστόλου
1128 538 1292 620 μαρτυρίαν
1307 531 1366 600 οῦκ

207 641 288 704 ἔσται
303 640 392 711 τέλος.
439 628 536 710 Οὗτος
554 633 638 713 υλός,
669 625 757 710 οὗτος
776 632 917 715 δύναμις,
947 626 1035 712 οὗτος
1051 639 1160 716 σοφία,
1183 628 1272 713 οὗτος
1289 640 1367 713 λ’ῦιος

205 742 258 805 καλ
277 737 394 822 όληθῆς
410 745 464 804 τοῦ
479 743 556 802 θεοῦ
573 736 661 822 λόγος
681 733 699 803 ό
717 735 820 820 κόριος
834 733 921 819 ῆμοῦν
934 734 1047 819 Ἰησοῦς
1066 737 1208 824 Χριστός,
1237 739 1365 824 ἇῦιαλρε-

86 864 257 923 mmm
279 842 407 923 όόναμις
429 847 483 906 τοῦ
500 846 589 918 θεοῦ,
621 837 657 904 δι’
674 831 713 905 οῦ
727 838 765 904 τό
780 838 878 905 πάντα
893 837 929 904 τό
946 838 1090 924 γενόμενα
1110 841 1229 926 γέγονε,
1259 839 1368 918 καθός

204 944 238 1010 τό
255 942 424 1029 εῦαγγέλιον
445 951 602 1027 μαρτυρεῖ,
636 943 759 1026 ολέγον,
788 938 845 1006 Ἐν
864 939 942 1031 όρχῆ
958 933 997 1024 ῆν
1012 938 1031 1008 ό
1046 941 1149 1028 λόγος,
1177 944 1228 1017 κολ
1243 939 1262 1009 ό
1278 941 1369 1030 λόγος

203 1040 242 1131 ῆν
256 1044 334 1130 πρός
348 1043 399 1110 τόν
411 1043 502 1123 θεόν,
523 1048 574 1110 καλ
587 1042 660 1120 θεός
674 1037 713 1126 ῆν
729 1042 747 1111 ό
759 1045 859 1131 λόγος·
881 1043 979 1111 πάντα
994 1041 1031 1110 δι’
1046 1043 1141 1112 αῦτοῦ
1157 1047 1289 1130 ἐγένετο,
1313 1047 1368 1112 καλ

203 1151 293 1234 γωρλς
308 1146 403 1213 αῦτοῦ
420 1149 530 1232 ἐγένετο
548 1146 619 1212 οῦδὲ
635 1149 674 1212 έν.
721 1132 911 1224 Οῦτόςέστιν
927 1144 945 1212 ό
963 1145 1050 1231 λόγος
1070 1150 1139 1228 περὶ
1156 1140 1194 1214 οῦ
1214 1150 1263 1213 καλ
1282 1155 1367 1214 Λου-

203 1259 260 1328 κᾶς
284 1247 302 1316 ό
330 1247 531 1336 εῦαγγελιστῆς
557 1258 712 1335 μαρτυρεῖ,
745 1251 852 1335 λέγων,
890 1247 1005 1326 Καθολς
1029 1253 1207 1334 παρέδωκαν
1234 1247 1307 1332 ἡμῖν
1333 1253 1370 1317 οἱ

204 1353 340 1438 εἰπαρχῆς
364 1350 508 1417 αῦτόπεαι
530 1354 580 1417 καλ
604 1348 750 1439 όπηρέται
771 1351 923 1439 γενόμενοι
947 1359 1001 1418 τοῦ
1016 1350 1115 1437 λόγου.
1162 1356 1239 1439 Περλ
1255 1353 1367 1421 τοῦτον

204 1459 255 1523 καὶ
270 1457 370 1538 Δαβλδ
385 1457 460 1536 ἔφη,
481 1451 671 1539 Ἐξηρεόξατο
690 1452 712 1539 ῆ
727 1459 834 1541 καρῦλα
850 1481 909 1538 μου
924 1453 1014 1541 λόγον
1031 1452 1157 1540 όγαθόν.
1204 1454 1293 1522 Οῦττο
1309 1458 1364 1523 καλ

204 1556 346 1643 όκόριος
367 1553 453 1640 ῆμοῦν
471 1556 588 1639 Ἰησοῦς
613 1556 742 1643 Χριστός
770 1554 850 1642 ῆμᾶς
875 1555 1009 1623 διδάσκει
1031 1555 1081 1622 διό
1105 1565 1161 1623 τοῦ
1183 1554 1364 1643 εῦαγγελλου,

205 1663 333 1747 7λέγοιν,
360 1659 438 1745 Ἐγοῦ
457 1661 491 1724 έκ
507 1666 561 1724 τοῦ
579 1657 690 1745 πατρός
705 1662 846 1743 ἐξῆλθον,
877 1661 928 1725 καλ
942 1658 1017 1742 ῆκοο.
1064 1652 1159 1736 Οῦτος
1175 1658 1219 1726 λα’
1236 1658 1366 1744 έσχότυε

204 1770 265 1829 τοῖν
279 1760 399 1845 ῆμερῦν
411 1759 563 1827 κστελθόν
577 1759 628 1827 ῦιό
643 1761 698 1845 τῆν
715 1759 859 1848 ἡμετέραν
873 1766 1035 1848 σοιτηρλαν,
1058 1765 1108 1828 καλ
1126 1764 1159 1829 έκ
1174 1770 1228 1846 τῆς
1243 1763 1359 1850 παρθό·

204 1892 260 1932 νου
281 1868 406 1950 Μαρίας
426 1865 594 1949 γεννηθεὶς,
616 1861 669 1929 τόν
690 1861 854 1951 ἄνθρωπον
877 1867 970 1947 ἔλαβε.

74 1974 142 2044 Κιφ.
154 1971 189 2044 γ’.
289 1964 426 2031 Πιστεόω
442 1957 497 2031 οῦν
523 1967 586 2041 ιελς
602 1965 678 2032 θεόν
698 1965 938 2052 παντοκρότορα,
969 1969 1020 2033 καλ
1042 1970 1084 2045 εἰς
1102 1967 1232 2054 Χριστόν
1246 1967 1360 2051 Ἰησοῦν

201 2068 254 2136 τόν
271 2067 340 2134 υλόν
360 2064 454 2133 αότοῦ
474 2065 525 2133 τόν
549 2077 709 2155 μονογενῆ,
738 2067 790 2136 τόν
813 2068 917 2154 κόριον
931 2066 1031 2153 ἡμῶν,
1061 2069 1114 2136 τόν
1131 2072 1308 2156 γεννηθέντα
1325 2071 1361 2138 λι

203 2171 370 2254 πνεόματος
391 2165 477 2255 όγέου
498 2171 549 2234 ιιαλ
566 2175 689 2255 Μαρίας
708 2179 762 2255 τῆς
779 2174 951 2257 παρθένου,
983 2172 1034 2239 τόν
1047 2175 1097 2239 έκλ
1114 2179 1247 2240 Ποντίου
1265 2169 1363 2240 Πελό-

202 2302 256 2342 του
279 2274 505 2359 σταυρωθέντα,
534 2275 584 2339 καλ
607 2275 753 2354 ταφέντα,
782 2277 834 2341 καὶ
854 2282 891 2366 τῆ
913 2280 995 2366 τρίτῃ
1019 2272 1115 2361 ῆμέρςι
1142 2272 1307 2340 όναστόντα
1324 2276 1362 2343 ln

201 2385 261 2444 τόν
280 2382 406 2462 νεκρόν,
436 2371 590 2462 ῦναβόντα
613 2379 655 2451 εἰς
679 2375 751 2453 τοῦς
772 2375 933 2461 οόρανοῦς,
964 2381 1015 2444 καλ
1037 2377 1207 2460 καθῆμενον
1229 2380 1262 2444 έν
1279 2382 1364 2469 ῦιξιᾷ

203 2487 258 2546 τοῦ
281 2476 408 2561 πατρός,
441 2475 517 2543 ὅθεν
547 2479 657 2560 έργεται
682 2483 793 2564 κρένειν
818 2487 927 2558 ζῶντας
949 2482 999 2546 καλ
1022 2479 1157 2566 νειροός·
1189 2484 1241 2546 καλ
1263 2483 1305 2557 ιλς
1325 2478 1361 2549 τό

203 2582 289 2669 ἅγιον
304 2587 437 2662 πνεῦμα,
459 2576 547 2663 όγέαν
565 2581 730 2662 έκιιλησέαν,
752 2578 859 2661 ἄφεσιν
876 2579 1038 2668 όμαρτιῦν,
1061 2581 1171 2666 σαρκός
1187 2579 1361 2661 όνόστασιν,

202 2684 281 2767 ζαῆν
296 2681 425 2748 αλόνιον.
464 2680 648 2779 Ἀῦιαλρετον
662 2678 738 2748 εἶναι
750 2681 804 2766 τῆν
819 2682 949 2767 θεότητα
962 2691 1015 2750 τοῦ
1030 2682 1141 2769 πατρός
1158 2686 1209 2749 καλ
1223 2690 1276 2749 τοῦ
1292 2682 1366 2749 υέοῦ

200 2783 283 2872 παρὰ
300 2791 360 2851 τῶν
378 2788 471 2849 θελων
489 2782 703 2867 μεμαθήκαμεν
723 2793 855 2872 γραφῶν.
901 2789 944 2850 Εἰ
954 2785 1010 2873 γόρ
1027 2813 1071 2862 τις
1086 2789 1197 2870 χωρλςει
1211 2782 1264 2851 τόν
1281 2780 1364 2864 υλόν,

200 2889 331 2955 τουτέστι
358 2885 411 2952 τόν
435 2884 526 2973 λόγον
547 2893 600 2952 τοῦ
625 2887 862 2974 παντοκράτορος
886 2896 978 2967 θεοῦ,
1011 2886 1123 2972 όνόγκη
1150 2884 1242 2953 αότόν
1263 2884 1283 2968 ῆ
1303 2883 1363 2954 θόο

201 2988 296 3066 θεοῦς
307 2985 383 3054 εἶναι
398 2993 535 3071 νομέςειν,
558 2987 630 3074 ὅπερ
646 2987 796 3074 όλλότριον
813 2998 867 3073 τῆς
881 2996 968 3067 θείας
982 2993 1171 3066 ῦιῦασκολέας
1185 2985 1261 3055 εἶναι
1276 2985 1363 3057 νενό·

202 3114 310 3176 μισται,
326 3088 346 3172 ῆ
361 3088 414 3155 τόν
425 3089 513 3176 λόγον
528 3090 569 3174 μῆ
582 3088 657 3158 ελναι
674 3091 749 3159 θεόν
764 3088 928 3179 ὁμολογεῖν,
951 3091 1025 3176 ὅπερ
1044 3094 1095 3158 καλ
1113 3090 1187 3157 αὐτό
1203 3089 1365 3176 ιἰλλότριον

199 3201 253 3277 τῆς
269 3189 367 3278 ὀρθῆς
385 3197 508 3270 πίστεως
531 3190 605 3260 εἶναι
623 3200 776 3274 φαίνεται,
809 3201 862 3260 τοῦ
880 3191 1106 3280 ἐῦαγγελιστοῦ
1123 3196 1272 3279 λέγοντος,
1297 3194 1364 3260 Kal

201 3294 275 3372 θεός
289 3286 327 3379 ῆν
343 3290 360 3359 ό
377 3292 472 3381 λόγος.
511 3295 589 3381 Ἐγοῦ
606 3298 638 3361 δέ
655 3294 787 3382 όιριβιός
801 3296 962 3379 μεμάθηκα
976 3296 1021 3361 ὅτι
1038 3294 1202 3377 όῦιαέρετος
1216 3297 1267 3362 καὶ
1283 3292 1364 3378 626-

202 3397 301 3485 ριστός
327 3399 405 3462 ἐστιν
428 3394 590 3480 ῆῦόναμις
612 3406 665 3464 τοῦ
690 3396 803 3485 πατρός
823 3396 842 3463 ό
859 3396 933 3474 υἱός.
984 3395 1085 3474 Αόεός
1109 3396 1166 3484 γόρ
1191 3394 1364 3483 όσιοτῆρό

200 3501 306 3587 κόριος
330 3496 417 3581 ῆμῦν
435 3497 546 3582 Ἰησοῦς
572 3500 700 3584 Χριστός
719 3522 808 3584 φησι,
838 3497 888 3565 Ἐν
905 3502 971 3582 έμολ
985 3497 1005 3566 ό
1021 3498 1134 3583 πατῆρ,
1166 3497 1248 3585 κόγιό
1266 3502 1299 3566 έν
1315 3511 1363 3589 τῷ

201 3607 303 3689 πατρλ·
325 3603 395 3680 ιιαλ,
417 3598 491 3687 Ἐγοῦ
508 3605 560 3667 καὶ
574 3599 593 3668 ό
606 3601 702 3686 πατῆρ
720 3605 751 3668 έν
766 3605 866 3684 έσμεν·
889 3605 955 3682 καλ,
977 3599 1010 3667 ‘0
1027 3603 1076 3685 έμέ
1092 3600 1231 3685 ἓωρακολς
1246 3600 1363 3688 έιόραειε

200 3705 253 3772 τόν
270 3706 390 3789 πατέρα.
439 3702 556 3788 Ταῦτην
577 3706 627 3770 καλ
651 3703 731 3786 παρολ
755 3710 814 3769 τῶν
833 3709 925 3770 θεέοον
946 3712 1070 3790 γραφῶν
1093 3703 1223 3787 εἰληφός
1239 3704 1292 3786 τῆν
1308 3709 1362 3771 ut·

201 3829 281 3886 στιν,
302 3808 352 3872 καλ
367 3805 449 3893 παρόι
464 3814 522 3873 τοῖν
535 3804 609 3872 κατό
624 3804 698 3872 θεόν
708 3805 863 3892 προγόνων
877 3808 1042 3890 διδαχθεὶς,
1064 3809 1097 3872 έν
1112 3833 1142 3872 τε
1157 3814 1194 3896 τῆ
1207 3814 1262 3872 τοῦ
1276 3815 1361 3874 θεοῦ

201 3914 339 3999 έκκλησέγ
356 3907 507 3992 κηρόττοι,
538 3910 588 3973 καλ
606 3905 685 3992 πρός
703 3910 735 3974 σέ
752 3917 808 3975 νῦν
823 3912 972 3996 γέγραφα,
994 3908 1027 3974 τό
1045 3908 1229 3995 ἀντίγραφον
1244 3906 1358 3975 τοῦτον

201 4010 269 4094 παρ’
286 4015 402 4099 ἐμαυτῷ
418 4008 578 4094 κατασχόν.
624 4014 685 4077 Καὶ
706 4010 778 4090 α’ξιῦ
799 4011 831 4078 τό
852 4009 1011 4078 όντέτυπόν
1035 4034 1066 4077 σε
1087 4010 1195 4077 τοῦτου
1216 4018 1252 4101 τῆ
1275 4007 1355 4095 πρός

198 4112 271 4191 τοῦς
285 4111 467 4189 ἐπισκόπους
484 4114 620 4203 έπιστολῆ
637 4113 801 4199 ἐγγράψαι,
821 4117 871 4179 ἰ’να
886 4112 928 4196 μῆ
943 4138 1018 4189 τινες
1035 4121 1094 4179 τῶν
1109 4113 1241 4199 σἰκριβοῦς
1256 4109 1298 4196 μῆ
1317 4116 1359 4180 εἰ·

200 4216 297 4284 δότιον
311 4213 391 4298 ἡμᾶς
406 4211 554 4291 κόκεένοις
572 4225 635 4291 τοῖς
648 4212 699 4281 ὑπ’
717 4214 815 4281 αῦτοῑν
830 4224 966 4302 γραφεῖσι
985 4217 1173 4301 προςέγοντες
1191 4214 1358 4298 όπατηθτῦ·

200 4341 255 4386 σιν.
290 4316 459 4401 Ἔρρωσθε.

286 4418 489 4504 Πεπλῆρωται.
