3096 5070
342 276 479 330 ransart
496 276 561 328 urs.
575 278 618 329 tn.
632 277 714 330 ron.
728 279 750 328 r.
767 277 869 330 assu.
884 279 1004 330 nxxvv.
1182 269 1245 335 att

94 400 229 479 trinitas,
252 418 327 483 quae
343 397 493 481 dignitatis
508 417 579 462 suae
597 396 784 482 appellationi
800 397 905 480 unique
921 408 1120 463 consentanee
1135 419 1253 485 semper

94 503 207 567 existit.
250 499 330 566 Nam
346 499 525 585 peripsam,
549 509 580 562 et
597 520 655 562 nou
675 509 781 580 extra,
794 519 879 584 guae
899 499 976 562 lanta
994 511 1080 578 suut,
1110 521 1175 564 eum
1192 523 1251 564 non

94 616 213 682 essem,
249 604 388 687 prodnota
415 611 497 665 sunt.
544 601 610 664 ldeo
642 621 736 684 neque
763 599 856 668 sotus,
899 620 1014 689 psese
1039 613 1123 686 pater
1146 623 1251 667 caussa

91 717 138 772 eet
159 703 342 770 eruditarum
366 725 484 781 rernm,
518 703 569 766 sed
589 712 673 788 pater
691 713 721 766 et
750 694 869 766 tilius-'⁰
886 698 1018 791 ⁴§iritus
1039 715 1159 768 sanctus
1185 726 1251 788 pro-

91 809 205 873 erravit
229 807 339 873 omnia.
384 802 471 888 Quod
494 805 519 868 si
536 805 650 868 alienus
675 815 755 868 esset
771 804 865 891 lilius,
878 804 881 809 ’
896 812 985 888 atque
1004 827 1021 869 a
1036 804 1179 891 principio
1197 827 1252 870 suo

91 912 222 975 noudum
248 909 384 973 existens
407 906 551 991 originem
576 906 744 984 habuisset,
778 928 843 970 curn
870 907 978 970 oeteris
1002 907 1137 971 omnibus
1159 907 1196 971 ah
1216 928 1252 973 eo

91 1014 242 1099 protentus
259 1009 391 1093 aequalis
409 1019 490 1072 esset
507 1008 659 1088 omuibus3
684 1009 760 1072 unde
775 1019 805 1071 et
821 1008 893 1072 deus
912 1030 970 1072 noo
987 1011 1176 1093 generando,
1199 1011 1253 1073 sed

92 1114 276 1200 proereando
292 1110 464 1196 principium
479 1111 649 1190 haberetur,
672 1112 795 1194 fierique
809 1131 868 1174 uon
884 1122 984 1194 posset
997 1112 1164 1196 ampliusut
1176 1132 1252 1175 unus

93 1216 212 1299 genitus
227 1236 262 1278 ao
280 1213 374 1291 lilius,
405 1226 504 1277 eetera
528 1234 602 1277 vero
620 1223 774 1277 creaturae
796 1212 984 1291 dicerentur,
1016 1216 1068 1277 sed
1092 1214 1140 1280 vel
1155 1214 1253 1277 omnia

92 1316 184 1401 geniti
201 1317 319 1380 nomine
335 1314 575 1393 continerentur,
605 1316 653 1379 vel
676 1315 755 1379 lilius
778 1315 840 1400 ipse
859 1317 980 1400 perinde
998 1337 1033 1381 ao
1051 1326 1149 1380 uetera
1168 1336 1253 1380 erea-

95 1428 160 1482 tura
180 1417 344 1496 diceretur,
366 1438 471 1502 neque
490 1418 643 1502 quiequam
659 1417 688 1480 in
708 1437 744 1480 eo
763 1428 846 1481 esset
863 1418 1027 1497 eximiump
1055 1439 1120 1482 eunt
1139 1418 1194 1481 hao
1211 1438 1253 1482 ax

94 1533 194 1607 parte,
225 1523 301 1605 quod
319 1541 358 1586 ert
374 1519 465 1584 nihilo
481 1522 641 1605 produntus
658 1521 753 1600 leret,
786 1541 862 1583 unus
884 1520 936 1585 ille
952 1543 1018 1584 oum
1036 1520 1145 1584 ceteris
1164 1521 1252 1584 adas·

94 1633 234 1706 quaretur
249 1623 400 1702 omnibnsp
424 1622 499 1686 adeo
515 1632 548 1685 ut
566 1643 624 1685 non
640 1622 727 1685 modo
744 1622 842 1705 rugeli
860 1643 924 1685 oum
943 1623 1096 1687 conditore
1113 1644 1150 1686 ao
1168 1643 1251 1686 eroa-

93 1735 158 1788 tore
174 1746 229 1788 suo
244 1725 333 1789 unioo
350 1723 397 1788 dei
412 1724 494 1802 lulio,
517 1723 570 1787 sed
589 1733 621 1787 et
638 1723 771 1789 homiues
789 1734 819 1786 et
833 1725 959 1808 penades
976 1727 1192 1808 adaequentur,
1216 1746 1251 1788 ae

92 1836 193 1890 eetera
214 1847 289 1911 quae
311 1826 348 1891 ab
369 1826 446 1889 illius
468 1836 572 1889 natura
595 1845 630 1889 ao
650 1825 792 1908 dignitate
815 1825 932 1889 infinito
954 1826 1111 1892 intervallo
1128 1827 1249 1890 distant.

92 1925 188 2013 Igitur
204 1930 281 1992 tilius
296 1928 430 1991 existens
445 1948 509 1991 oum
525 1926 674 1991 existente
688 1937 771 2012 patre
786 1939 926 1990 aeternus
940 1938 998 2007 est,
1022 1928 1058 1992 ah
1077 1949 1170 2013 eoque
1186 1929 1252 1993 sine

93 2041 243 2116 tempore,
268 2051 327 2094 non
344 2050 361 2093 e
378 2029 489 2107 nihilo,
513 2030 564 2092 sed
580 2050 620 2092 ex
636 2029 701 2115 ipso
717 2050 750 2093 re
764 2050 836 2092 vera
852 2030 987 2113 genitus,
1011 2040 1114 2115 estque
1130 2030 1251 2116 spiritus

93 2133 157 2196 eins
173 2144 293 2197 sanstus
310 2132 346 2196 ab
362 2130 440 2195 illius
454 2142 559 2224 natura
575 2152 633 2195 non
649 2131 775 2210 alienus,
801 2152 895 2216 usque
914 2131 993 2194 velut
1008 2131 1166 2196 adiumenti
1183 2153 1251 2217 gra·

91 2235 150 2315 tia,
175 2246 207 2299 nt
229 2235 335 2299 Aetius
358 2232 526 2311 existimat,
550 2254 569 2295 a
590 2233 645 2295 deo
668 2244 865 2318 comparatus.
978 2269 980 2273 ·

176 2337 259 2401 Astii
279 2333 376 2421 Caput
390 2333 515 2398 XXIV.
561 2332 595 2400 si
614 2334 776 2419 ingenitum
801 2337 927 2420 privatio
944 2337 1085 2419 quaeda·
1110 2346 1173 2412 est,
1205 2347 1252 2399 est
1348 2342 1353 2353 ‘

91 2449 188 2504 autem
213 2439 338 2524 privatio
363 2437 528 2502 offertionis
552 2437 692 2516 amissio,
721 2438 953 2523 amissioporro
976 2439 1092 2524 penitus
1115 2439 1250 2501 emedio

93 2541 220 2620 tollitur,
251 2551 302 2604 aut
328 2540 357 2603 in
382 2540 506 2603 alterum
529 2548 743 2618 commutatur,
775 2562 900 2624 quonam
923 2553 1008 2626 pasto
1029 2540 1185 2604 affectione
1203 2541 1252 2603 illa

93 2652 264 2716 transeunte
280 2653 331 2706 aut
346 2653 502 2727 pereunte,
526 2642 581 2705 hoo
596 2652 643 2705 est
656 2640 781 2726 ingeniti
793 2642 999 2728 appellatione,
1024 2643 1071 2707 dei
1088 2643 1252 2708 substantia

94 2745 370 2827 ooguorninabiturl

180 2841 301 2910 Conlut.
320 2842 442 2910 xxiv.
489 2843 524 2912 Si
540 2868 618 2912 nuno
634 2847 756 2931 primum
774 2868 792 2910 a
808 2858 836 2911 te
853 2858 883 2911 et
900 2869 918 2911 a
936 2849 1007 2926 tuis,
1031 2848 1114 2929 A's'ti,
1140 2859 1252 2934 tompo-

94 2946 177 3012 rihus
194 2958 275 3012 serta
296 2947 332 3012 de
352 2949 407 3013 deo
422 2949 522 3034 opinio
539 2949 598 3014 tuis
614 2969 653 3013 ex
671 2949 849 3035 syllogismis
867 2951 966 3014 estad
983 2951 1113 3015 eiusdem
1127 2952 1251 3035 gloriam

95 3051 294 3135 honoremque
306 3049 485 3136 deprompta,
503 3052 744 3137 quemadmodum
759 3061 847 3115 antea
861 3054 1014 3136 protessus
1028 3073 1073 3131 es,
1093 3075 1150 3138 ego
1165 3076 1249 3134 vero,

94 3153 143 3238 qui
160 3154 302 3217 adversas
319 3162 367 3231 te,
390 3154 445 3221 deo
461 3156 642 3241 opitulante,
666 3154 794 3239 disputo,
819 3155 920 3218 eadem
938 3174 1014 3239 quae
1028 3165 1058 3218 tu
1075 3155 1148 3221 diois
1165 3177 1253 3221 usur·

95 3276 167 3343 pare
187 3263 309 3338 potero,
340 3273 404 3321 oum
430 3258 614 3342 antiquorum
642 3278 730 3322 nemo
753 3267 811 3319 tam
837 3257 865 3320 iu
885 3267 987 3321 vetere
1011 3278 1097 3341 quam
1121 3258 1251 3323 innovo
1374 3265 1378 3274 '

95 3367 288 3435 testamento,
320 3355 386 3420 sive
402 3377 442 3425 es
456 3361 615 3443 apostolis,
646 3361 712 3423 sive
737 3380 777 3423 ex
796 3359 944 3445 prophetis
967 3359 1007 3422 ito
1024 3360 1168 3438 senserit,
1201 3371 1252 3424 tuo

95 3472 125 3525 te
148 3458 257 3523 indioio
284 3458 332 3523 vel
358 3457 423 3542 ipso
449 3459 504 3526 deo
526 3462 770 3546 praestantiorem
795 3482 883 3540 esse,
923 3471 952 3525 et
981 3460 1018 3524 ab
1043 3481 1147 3526 errore
1173 3461 1253 3524 omui

95 3573 251 3627 remmom.
296 3558 415 3625 Etenim
440 3561 493 3625 abs
518 3573 546 3626 te
570 3563 711 3646 primum,
742 3575 770 3626 et
798 3585 838 3627 ex
866 3562 921 3627 hoo
941 3565 1189 3648 temporedens,
1212 3574 1255 3626 ut

94 3683 232 3731 maerere
251 3662 381 3741 videris,
407 3673 486 3729 tuum
503 3662 571 3728 illud
588 3663 757 3729 dialcetioae
781 3666 949 3730 subtilitatis
970 3664 1141 3743 artificium,
1172 3665 1255 3730 velut

95 3766 239 3855 quandam
265 3765 330 3828 lidei
348 3784 420 3828 suas
438 3764 640 3827 assessionem
656 3765 781 3846 adiecit,
812 3777 928 3852 utputa
949 3778 1040 3832 totam
1058 3768 1136 3831 illam
1156 3767 1253 3854 dispu-

94 3867 234 3936 tationem
251 3868 288 3931 de
304 3864 427 3951 ingeniti
443 3863 625 3951 privatione,
649 3866 743 3951 deque
760 3870 861 3953 genito
877 3890 912 3933 ao
928 3871 963 3934 de
983 3869 1151 3936 allectionis
1165 3872 1255 3934 anis·

94 3973 179 4037 sione
205 3971 356 4056 perlaeta,
387 3969 452 4033 sivo
476 3967 720 4048 commutatione,
751 3990 787 4034 ao
809 3971 844 4033 de
869 3973 1061 4056 appellatione
1078 3973 1145 4053 dei,
1180 3992 1254 4058 qnae

95 4070 278 4140 snbstantias
293 4072 385 4158 ipsius
400 4069 549 4134 tribuitur.
583 4066 701 4133 Etenim
719 4093 778 4135 non
795 4071 917 4152 ideireo,
941 4076 1018 4157 qnod
1036 4077 1108 4139 deus
1126 4074 1254 4139 omnium

94 4188 162 4261 post
175 4178 293 4242 usionm
318 4177 407 4240 hlium
425 4196 460 4238 ao
478 4172 611 4259 spiritum
634 4184 768 4239 sanetum
789 4185 961 4260 prooreator
980 4176 1036 4254 sit,
1067 4198 1108 4241 ex
1126 4178 1255 4240 conditr-

95 4292 159 4342 tum
176 4295 275 4344 serum
292 4279 514 4358 constitutione,
539 4287 590 4341 aut
603 4295 705 4342 eorum
725 4297 800 4362 quae
815 4277 922 4342 absunt
936 4298 954 4341 a
970 4278 1025 4343 deo
1041 4277 1178 4364 privatio,
1203 4292 1255 4345 snt

128 4443 153 4500 4.
171 4421 280 4504 snum
296 4450 429 4517 sublme-
724 4446 749 4501 6.
775 4448 881 4517 κτίστην
898 4407 967 4502 codd.
983 4464 1039 4503 mer.
1063 4455 1085 4500 rt
1107 4452 1161 4502 edit
1178 4454 1254 4514 prior.

129 4517 153 4569 5.
170 4510 331 4588 α’λογιστικήν
347 4521 398 4572 eod
412 4520 510 4582 llhedr'a.
691 4515 796 4587 κτιστὴν
814 4520 869 4570 edd.
887 4521 971 4572 Petnu.

974 4606 1050 4672 19*
