3096 5070
436 285 574 340 rtuaun
592 285 711 337 utsttt.
729 284 1096 337 neminemnam.
1279 271 1340 334 475

273 401 334 470 Sed
352 404 482 468 deterius
499 405 633 489 quiddam
653 426 689 468 ac
705 405 884 468 contrariom
902 405 938 468 ab
959 406 1015 468 illis
1034 405 1165 487 geritur,
1197 403 1340 488 siquidem
1361 408 1421 477 Cap.
1440 408 1496 459 vlt.

188 507 237 572 isti
256 507 394 586 barbam,
419 508 474 569 bne
490 517 537 570 est
553 507 698 593 propriam
715 507 772 570 riri
791 508 932 584 formam,
956 517 1111 584 resecant,
1135 506 1256 592 capillos
1269 525 1344 570 vcro

187 621 220 675 ut
237 610 392 695 plurimum
407 609 585 693 prolixiores
606 609 724 672 babent.
770 609 861 693 Atqui
877 610 953 693 quod
972 611 1007 672 ad
1026 609 1146 672 barbam
1165 608 1288 685 attinet,
1311 605 1341 671 in

188 712 399 798 Apostolorum
426 707 694 774 Constitutiooibus
716 711 814 775 diuino
838 732 975 775 sermone
995 732 1029 775 ae
1048 713 1181 796 dogmate
1198 709 1343 795 praescri-

186 814 284 892 bitur,
316 833 354 876 ne
371 833 406 876 ea
426 825 648 899 corrumpatur,
681 813 735 875 boc
759 824 861 876 estne
880 813 969 876 barba
990 825 1130 898 ponatur,
1163 832 1238 875 neve
1256 812 1344 874 meri-
1476 845 1482 859 ·

188 917 291 980 tricius
305 916 400 979 cultus
419 926 448 978 et
464 926 587 979 ornatus
605 926 781 1000 usurpetur,
805 937 840 979 ac
856 937 894 979 oe
910 937 969 1018 per¹
979 916 1178 1001 arrogantiam
1195 926 1224 977 et
1238 915 1342 987 iustum

189 1019 326 1082 affectata
352 1017 494 1100 quaedam
523 1017 651 1082 iustitiae
682 1018 799 1101 speeies
828 1018 858 1080 iu
884 1039 1047 1102 congressu
1077 1039 1111 1081 ac
1133 1015 1345 1080 consuetudine

190 1121 385 1205 praeferatur.
432 1115 504 1182 lllud
528 1119 604 1182 enim
629 1117 799 1183 Nazaraeis
822 1121 967 1183 duntaxat
991 1120 1028 1183 ob
1054 1121 1173 1204 liguram
1200 1137 1345 1202 congrue·

190 1222 248 1285 bat.
295 1217 409 1306 Quippe
426 1233 545 1285 ueteres
561 1209 614 1306 per
631 1223 791 1284 futurarum
807 1242 905 1285 rernm
921 1223 1108 1286 adumbratas
1124 1222 1268 1303 imagines
1284 1232 1344 1284 tra-

190 1323 268 1387 ducti
286 1333 373 1401 suot3
397 1324 478 1387 velut
494 1344 559 1388 cum
579 1344 692 1386 comam
709 1343 749 1386 ex
768 1334 837 1386 voto
857 1324 1076 1409 promissiorem
1095 1323 1269 1400 babuerunt,
1293 1323 1345 1386 dn·

190 1446 245 1489 uec
263 1424 360 1488 muudi
386 1437 486 1488 votum
511 1425 631 1489 advenit
648 1435 678 1488 et
693 1425 843 1511 impletum
867 1437 931 1505 est,
964 1426 1019 1489 boc
1045 1438 1091 1490 est
1108 1426 1241 1512 apparuit
1258 1421 1346 1490 Cbri·

190 1518 401 1592 stusdomiuus
418 1527 523 1591 uniens
539 1527 585 1591 dei
608 1526 703 1605 lilius,
726 1538 758 1590 et
773 1527 960 1592 innotescere
984 1529 1092 1593 mundo
1108 1529 1205 1614 coepit
1218 1528 1266 1592 ille
1281 1527 1345 1612 ipse

191 1629 387 1716 sempiternus
404 1630 537 1713 quidem,
561 1631 614 1692 sed
630 1629 666 1692 ab
682 1629 760 1692 omui
776 1651 886 1712 genere
903 1631 1049 1695 bominum
1067 1652 1248 1716 nequaquam
1262 1630 1346 1714 agui·
1470 1681 1473 1687 .

191 1745 255 1811 tus,
288 1751 390 1795 verum
414 1731 620 1816 aquibusdem
645 1732 807 1809 duntaxat,
839 1733 939 1816 quiin
964 1733 1057 1819 ipsum
1079 1734 1283 1812 crediderant3
1313 1741 1346 1794 ut

191 1833 309 1918 cognito
333 1833 429 1919 capite
450 1833 557 1896 nullam
578 1833 645 1897 buic
664 1833 851 1918 ignominiam
873 1834 1066 1920 imponamus.
1111 1833 1189 1899 Nam
1211 1856 1269 1900 uon
1286 1845 1344 1898 mm

191 1939 227 2001 de
244 1936 362 2023 proprio
378 1935 520 2018 cuiusque
539 1935 635 2020 capite
657 1936 785 2020 loquitur
802 1935 971 2022 apostolus,
1004 1959 1088 2021 quam
1104 1937 1141 2000 ab
1158 1959 1194 2000 eo
1210 1936 1239 2001 iu
1259 1934 1346 2003 Cbri·
1472 2012 1474 2017 Ι

191 2049 268 2103 stum
285 2038 378 2122 ipsum
396 2036 549 2100 ludibrium
566 2039 829 2122 contumeliamque
847 2038 973 2102 tenco.
1018 2043 1136 2114 Nonne,
1161 2040 1271 2124 ioqnit,
1294 2061 1346 2103 no·

192 2152 258 2202 ture
273 2145 334 2220 apsa
346 2162 398 2201 aes
412 2143 494 2200 docet
508 2143 577 2220 quid
591 2144 636 2201 eei
649 2161 754 2201 morum
769 2145 799 2201 si
811 2146 923 2202 nument
935 2145 1088 2221 r‘goomriu'u
1105 2155 1148 2204 ert
1162 2146 1228 2204 illi?
1258 2139 1344 2225 Quod

191 2242 306 2326 quidem
324 2240 501 2325 ignominiae
514 2261 608 2325 genus
624 2241 768 2304 laudabile
785 2264 843 2305 troo
859 2254 922 2320 est,
949 2255 979 2305 ut
996 2243 1044 2305 illo
1060 2265 1134 2327 quae
1150 2244 1235 2322 dicit,
1259 2249 1345 2325 Igno·

190 2348 303 2405 mmmm
319 2346 519 2424 contemperib'.
565 2339 672 2426 Neque
689 2344 767 2406 enim
793 2345 877 2428 quasi
903 2346 1045 2428 quoddam
1067 2345 1182 2409 uirtutis
1207 2346 1344 2424 officium,

191 2446 237 2509 dei
254 2446 322 2509 illud
338 2466 443 2509 caussa
459 2444 634 2529 suscipitur,
659 2443 775 2509 tametsi
791 2447 827 2508 ad
847 2447 933 2509 deum
951 2447 1099 2532 pertinere
1118 2447 1269 2527 videatur,
1294 2449 1345 2511 sed

192 2547 416 2614 aeootcotioue
439 2568 474 2610 ae
500 2546 668 2631 pertinacia*
686 2548 847 2632 proiectum
873 2560 936 2628 est,
968 2571 1033 2612 cum
1060 2549 1117 2612 iam
1142 2549 1250 2635 pridem
1273 2549 1347 2634 legis

192 2650 294 2713 umbra
320 2651 471 2734 figuraque
490 2659 710 2734 praetergressa
735 2650 845 2712 veritas
869 2652 931 2736 ipsa
948 2651 1137 2715 successerit.
1183 2648 1285 2733 Quaere
1305 2650 1348 2714 sic

192 2751 344 2836 apostolus
362 2751 512 2815 decernit:
544 2754 582 2812 Sr'
595 2755 659 2832 puis
676 2755 787 2812 erdetm
802 2759 1081 2827 eontentrbsusesse,
1113 2775 1165 2816 nos
1180 2756 1262 2814 colem
1279 2775 1345 2815 eeu·
1398 2787 1403 2800 ·
1440 2768 1473 2800 θ’·

191 2858 365 2914 suetudinem
389 2854 612 2927 condedemus,
644 2875 696 2914 aee
712 2856 847 2915 ecclessiae
868 2859 923 2916 dei.
971 2851 1086 2937 Quibus
1111 2855 1208 2918 verbis
1226 2876 1278 2918 eos
1296 2852 1345 2939 qui
1411 2839 1418 2863 ’
1453 2837 1459 2850 ’

192 2954 251 3017 tale
265 2954 373 3038 aliquid
391 2955 517 3033 iaciunt,
541 2964 571 3017 et
589 2955 774 3018 contentiose
793 2958 995 3040 refragantur,
1026 2957 1062 3019 ab
1083 2957 1281 3041 apostolorum
1299 2977 1347 3019 re·

192 3056 259 3142 gnla
279 3078 314 3120 ae
331 3057 376 3119 dei
400 3055 524 3120 ecclesia
548 3058 777 3120 summovendos
800 3070 892 3142 potat.
937 3058 1021 3123 llaec
1041 3059 1130 3143 igitur
1146 3061 1242 3124 omnia
1261 3079 1346 3122 acce-
1463 3090 1470 3099 ·

193 3170 241 3244 pta
258 3156 479 3223 aldassaliaois
500 3159 656 3223 occasione
681 3160 780 3223 dicere
798 3161 997 3224 necessarium
1017 3161 1189 3240 habuimus,
1222 3162 1298 3245 quod
1316 3170 1346 3225 et

192 3260 247 3346 ipsi
270 3260 396 3323 indidem
418 3272 571 3325 contracto
593 3261 741 3346 opinionis
763 3261 840 3325 illios
865 3263 967 3326 morbo
985 3265 1140 3348 animoque
1163 3263 1348 3349 depravatis

193 3362 319 3427 veritate
337 3362 525 3441 deciderunt,
549 3365 625 3427 unde
646 3385 722 3427 nova
741 3374 787 3428 est
805 3363 936 3429 haeresis
953 3387 994 3429 ex
1013 3367 1073 3429 otio
1090 3377 1119 3430 et
1134 3367 1252 3450 ignavia
1269 3376 1348 3430 cete·

192 3465 292 3548 risque
316 3462 446 3548 pestibus
468 3464 605 3528 coollata.

278 3563 361 3628 flacc
377 3575 446 3628 sunt
463 3585 537 3649 qnae
552 3566 588 3628 dc
605 3566 769 3629 istiusmodi
786 3567 949 3633 bominibus
969 3570 1148 3656 accepimus,
1173 3570 1220 3654 qui
1237 3569 1344 3633 muodo
1362 3573 1500 3642 Cap-Vll!-

193 3668 229 3731 ad
245 3666 400 3731 ludibrium
420 3666 547 3750 expositi
569 3667 723 3743 uidentur,
757 3669 863 3752 quique
888 3671 999 3753 plebeia
1020 3672 1129 3757 ingenii
1151 3672 1197 3735 sni
1212 3693 1300 3735 sensa
1318 3684 1348 3736 et

192 3791 347 3834 sermones
363 3779 520 3846 evomunt,
553 3788 587 3831 ae
606 3788 661 3830 nec
677 3768 733 3831 ulla
754 3769 888 3834 firmitate
906 3773 1084 3852 cobserent,
1116 3786 1145 3836 et
1162 3775 1280 3837 omuino
1297 3776 1347 3840 de·

192 3872 300 3957 sperati
316 3883 384 3936 suttt
401 3884 487 3955 atque
503 3880 589 3935 extra
608 3869 653 3931 dei
672 3868 903 3937 aedilicetiouem
920 3876 1082 3939 constituti.
1129 3872 1231 3958 Quore
1248 3877 1346 3962 paucis

191 3975 250 4039 illis
271 3975 414 4038 aduersus
445 3995 497 4038 eos
524 3970 675 4057 disputatis
702 3972 737 4034 ad
764 3975 883 4038 eosdem
911 3977 1104 4040 conlutaodos
1128 3979 1343 4062 aggrediemur.

191 4075 341 4163 Principio
358 4075 495 4140 mulieres
511 4096 576 4139 cum
595 4074 667 4138 viris
683 4073 849 4158 promiscue
866 4078 998 4157 uersari,
1031 4079 1108 4143 nulla
1127 4101 1166 4143 ex
1185 4081 1278 4144 veteri
1296 4101 1346 4146 eo-

193 4249 289 4298 coosttt.
307 4249 426 4311 Apostl,
443 4244 468 4298 3.
824 4243 848 4297 4.
877 4241 967 4315 ἤγοντο
989 4253 1108 4313 msertpsit
1125 4254 1252 4315 Puteolos,
1276 4266 1347 4316 pree·

226 4313 249 4366 d.
280 4315 468 4381 ameaeuiebet
495 4313 552 4380 (stc)
579 4313 631 4363 ced.
656 4313 754 4375 llbedlq.
789 4320 854 4365 eunte
871 4319 1001 4381 Omoerlo,
1018 4323 1059 4382 qut
1075 4317 1228 4370 ducebantur
1243 4324 1318 4370 oerttt.

194 4384 413 4448 ameaecpstebm
437 4386 532 4435 conbctt
558 4385 637 4433 Peteu.
663 4385 754 4431 cnme-
823 4383 883 4433 cnr.
902 4386 967 4436 vot.
987 4415 1018 4428 -
1057 4388 1077 4438 l.
1098 4390 1247 4452 Libriuulqe
1263 4393 1347 4456 γυναῖ-

192 4451 243 4498 rtus
260 4451 462 4515 κατακομᾶσθαι,
499 4455 570 4502 Verttt
590 4453 652 4502 eas'm
674 4467 753 4518 neque
788 4469 840 4516 κες.

192 4516 335 4568 meretricio
352 4535 422 4570 more
438 4519 472 4571 ob
491 4535 585 4570 comam
604 4517 723 4572 efferaris.
