3096 5070
287 254 349 321 528
708 269 831 322 σιαοτι
848 270 1020 322 τειειιιιιιι

285 391 385 474 ρεσίαν
410 392 559 472 γυναικῶν
584 384 725 468 ἐμύνων,
755 386 806 452 διά
832 385 886 470 τὴν
904 386 1082 471 σεμνότητα,
1111 385 1151 454 άν
1171 392 1251 473 χρεία
1271 392 1449 472 κατασταίη,

285 495 413 574 λουτροῦ
425 490 518 568 ἕνεκα,
540 487 561 570 ἦ
575 489 759 570 ἐπισκέψεως
770 488 924 572 σωμάτων,
947 492 998 555 καί
1015 483 1102 556 αύται
1116 492 1149 556 δέ
1162 491 1327 577 μονύγαμοι
1342 495 1450 578 ἐγκρα·

182 610 184 614 “
286 590 473 674 τευσάμεναι,
500 588 739 676 ῇθχηρεύσασαι
764 589 824 659 άπδ
851 597 1048 677 μσνογαμίας,
1077 592 1315 679 ῇάειπάρθενοι
1344 588 1446 662 οὖσαι.

287 691 361 759 Εἴθ’
386 696 453 778 ἐξῆς
471 692 599 772 τούτων,
630 696 816 778 ἐπορκισταλ,
838 697 888 760 καί
907 697 1079 779 ἐρμηνευταλ
1096 695 1227 783 γλύσσης
1246 700 1287 774 είς
1304 704 1449 783 γλῶσσαν,

286 795 309 880 ἢ
324 799 356 863 ἐν
371 807 435 874 ταῖς
451 793 661 881 άναγνάσεσιν,
682 795 703 880 ἢ
715 800 748 863 ἐν
762 806 828 874 ταῖς
841 803 1053 884 προςομιλίαις.
1097 798 1215 865 Λοιπδν
1229 801 1261 866 δέ
1275 802 1326 865 καλ
1340 826 1449 866 κοπια-

285 901 352 979 ταί,
375 902 407 964 σί
419 896 454 963 τά
469 898 589 982 σοι’ματα
604 901 832 984 περιστέλλοντες
845 907 905 966 τοῖν
919 901 1126 983 κοιμωμένων,
1148 904 1197 968 καί
1213 905 1370 990 θυρωροί,
1394 905 1449 969 καλ

287 999 307 1085 ἦ
327 999 408 1067 πάσα
430 998 555 1079 εύταξία.

151 1223 277 1297 mad.
374 1206 520 1286 Συνάξεις
535 1208 567 1273 δέ
583 1205 803 1290 ἐπιτελούμεναι
818 1212 971 1290 ταχθεῖσαί
986 1211 1060 1273 εἰσιν
1077 1207 1138 1274 άπύ
1160 1215 1220 1274 τῶν
1241 1208 1448 1290 1άποστύλων,

287 1310 412 1397 τετράδι,
434 1312 485 1376 καί
500 1309 717 1398 προσαββάτφ,
739 1312 791 1375 καί
806 1318 948 1400 κυριακῇ·
971 1311 1089 1396 τετράδι
1104 1311 1137 1376 δέ
1151 1312 1203 1375 καί
1222 1313 1254 1377 ἐν
1273 1312 1449 1397 προσαββά·

286 1440 327 1504 τρο
344 1417 375 1480 ἐν
396 1417 513 1502 νηστείᾳ
531 1415 586 1489 έως
601 1414 683 1497 δέρας
699 1411 813 1495 ἐνάτης,
837 1413 994 1498 ἐπειδήπερ
1012 1412 1224 1503 ἐπιφωσκούσῃ
1244 1413 1359 1499 τετράδι
1375 1437 1446 1481 συν.

288 1514 405 1599 ελῇφθη
425 1512 443 1581 δ
460 1515 579 1601 κύριος,
610 1517 720 1603 καὶτῷ
747 1513 947 1604 προσσββάιφ
969 1516 1162 1601 ἐσταυρώθη,
1190 1519 1242 1582 καλ
1267 1518 1449 1603 παρέδωκαν

176 1604 181 1610 ’
288 1621 320 1685 οί
333 1616 489 1684 άπόστσλοι
505 1620 538 1684 ἐν
555 1616 676 1693 ταύταις
690 1622 824 1700 νηστείας
839 1619 1043 1697 ἐπιτελεῖσθαι,
1061 1621 1267 1705 πληρουμένου
1280 1627 1335 1686 τοῦ
1351 1622 1449 1704 ῥητοῦ

287 1719 344 1802 δτι,
356 1719 452 1786 Ὅταν
467 1721 591 1810 ἐπαρθῇ
609 1715 660 1785 άπ’
678 1716 777 1785 αύτοίν
792 1717 809 1785 δ
823 1725 968 1804 νυμφίος,
990 1721 1055 1787 τότε
1071 1720 1303 1806 ’νηστεύσουσιν
1322 1726 1354 1789 ἐν
1371 1726 1445 1790 ἐκεί

287 1849 354 1900 ναις
370 1832 434 1900 ταῖς
454 1821 585 1910 ἤμίραις.
630 1825 690 1887 Καί
713 1819 766 1906 ούχ
782 1826 833 1888 ἵνα
850 1822 935 1910 χάριν
951 1824 1126 1907 ποιήσωμεν,
1141 1831 1184 1915 τῷ
1200 1823 1276 1912 ύπέρ
1295 1823 1380 1909 ἡμῶν
1394 1851 1445 1892 πε-

288 1925 438 2005 πονθότι,
468 1923 488 2009 ἡ
504 1929 621 2010 νηστεία
635 1922 707 2008 ἡμῖν
724 1928 948 2012 προςτέτακται,
979 1923 1038 1991 άλλ’
1059 1927 1143 2003 ὅπως
1158 1924 1387 2015 ὁμολογήσωμεν
1404 1932 1447 2005 εές

288 2025 374 2113 ἡμῶν
389 2032 536 2113 σωτηρίαν
551 2027 584 2094 τά
600 2035 656 2093 τοῦ
671 2034 777 2114 κυρίου
794 2027 910 2108 πάθος,
940 2029 958 2094 ὃ
975 2026 1049 2116 ύπέρ
1067 2027 1152 2113 ἡμῶν
1174 2029 1266 2107 αύτδς
1280 2028 1443 2109 άυεδέξατο,

288 2135 339 2197 καί
359 2131 442 2209 ὅπως
455 2129 530 2216 ύπέρ
545 2137 605 2197 τῶν
621 2129 706 2214 ἡμῶν
728 2127 880 2216 άμαρτιοῑν
897 2135 931 2196 αλ
950 2141 1079 2214 νηστεῖαι
1098 2129 1171 2216 ἡμῖν
1196 2130 1356 2220 εύλύγιστοι
1376 2138 1443 2219 θεῷ

288 2237 436 2322 γένωνται.
481 2234 542 2299 Καὶ
565 2230 603 2299 δι’
622 2234 694 2299 ὅλου
720 2235 773 2317 μέν
795 2241 849 2300 τοῦ
870 2237 955 2310 ἐτους
975 2232 997 2317 ἦ
1018 2239 1136 2318 νηστεία
1161 2233 1329 2317 φυλάττεται
1351 2235 1383 2297 ἐν
1401 2237 1439 2320 τῇ

148 2362 200 2410 m·
212 2348 269 2397 ¹¹⁸&
290 2337 367 2428 αδτῇ
382 2334 451 2426 άγίφ
468 2343 614 2426 καθολικῇ
632 2339 784 2425 ἐκκλησίᾳ,
807 2340 886 2421 φημί
901 2338 934 2402 δέ
950 2336 1075 2423 τετριάδι
1092 2340 1144 2403 καλ
1159 2335 1359 2423 προσαββάτφ,
1381 2335 1438 2409 ἕως

290 2440 370 2527 ὅρος
386 2439 505 2522 ἐνάτης,
534 2442 599 2522 δίχα
617 2439 712 2522 μάνης
728 2446 781 2522 τῆς
801 2447 1007 2523 Πεντηκοστῆς
1022 2439 1092 2522 ὅλης
1105 2447 1164 2506 τῶν
1176 2438 1352 2520 πεντήκοντα
1367 2432 1438 2519 ἦρε·

289 2550 365 2631 ρῶν,
396 2545 428 2634 ἐν
448 2538 496 2619 αίς
520 2540 587 2607 ούτε
610 2546 791 2628 γονυκλισίαι
811 2548 960 2629 γίνονται,
994 2541 1062 2608 ούτε
1084 2545 1199 2626 νηστεία
1220 2540 1442 2626 προςιέτακται.

288 2643 365 2712 Ἀντλ
385 2645 417 2710 δέ
437 2652 497 2710 τῶν
514 2641 591 2730 πρδς
608 2643 663 2726 τῇν
684 2644 790 2728 ἐνάτην
805 2645 954 2723 συνάξεων
977 2644 1126 2730 τετράδων
1150 2645 1199 2711 καλ
1213 2641 1444 2728 προσαββάτων,

290 2747 331 2826 ὥς
347 2751 379 2814 ἐν
394 2744 488 2835 ἡμέρα
504 2754 644 2837 κυριακῇ,
666 2746 741 2812 κατά
756 2733 810 2824 τάς
827 2746 960 2833 πρωϊνάς
975 2751 1008 2812 αί
1021 2746 1155 2826 συνάξεις
1169 2749 1378 2823 ἐπιτελοῦνται,
1401 2745 1446 2808 ἐτι

288 2852 322 2918 δέ
336 2854 369 2916 ἐν
384 2858 449 2927 ταῖς
471 2849 495 2915 ν’
512 2846 635 2934 ἡμέραις
656 2846 705 2926 αἷς
725 2859 871 2934 προεῖπον
887 2859 940 2934 τῆς
965 2857 1174 2933 Πεντηκοστῇς
1196 2848 1252 2915 ούκ
1273 2849 1352 2914 ἐστιν
1375 2843 1446 2912 οὔτε

289 2957 420 3037 νηστεία,
450 2950 518 3018 οὔτε
533 2954 565 3018 ἐν
579 2959 616 3042 τῇ
633 2949 729 3041 ῇμέρρι
747 2960 806 3019 τῶν
821 2951 1019 3036 Ἐπιφανίων,
1049 2952 1098 3019 ὅτε
1116 2952 1260 3040 ἐγεννήθη
1277 2954 1309 3017 ἐν
1322 2945 1447 3036 σαρκλδ

289 3053 410 3141 κύριος,
441 3057 531 3133 ἐξεστι
551 3062 721 3138 νηστεῦσαι,
749 3053 806 3120 κάν
830 3082 861 3121 τε
883 3055 1024 3146 περιτύχῃ
1045 3054 1162 3142 τετράς,
1191 3053 1445 3141 ῇπρσσάββατον.

293 3160 470 3244 Προαιρέσει
484 3158 516 3223 δέ
529 3154 631 3248 άγαθῇ
647 3160 678 3223 οί
689 3155 780 3242 αύτῆς
795 3159 919 3241 άσκηταλ
936 3157 1109 3236 διαπαντδς,
1130 3159 1220 3243 χωρίς
1234 3162 1378 3242 κυριακῆς
1392 3155 1444 3219 καλ

292 3264 512 3344 Πεντηκοστῇς,
535 3257 724 3344 νηστεύουσι,
747 3263 797 3326 καί
813 3257 978 3347 άγρυπνίας
995 3258 1155 3338 διαπαντδς
1169 3263 1338 3327 ἐπιτελοῦσι.
1385 3253 1447 3333 Τάς

290 3364 324 3430 δέ
339 3363 483 3449 κυριακάς
499 3360 617 3439 άπάσαις
630 3361 782 3449 τρυφεράς
797 3361 942 3450 ἡγεῖταιῇ
957 3362 1026 3451 άγίσ
1042 3364 1118 3446 αύτη
1135 3359 1281 3444 καθολικῇ
1296 3361 1445 3440 ἐκκλησία,

289 3468 341 3532 καί
356 3466 487 3544 συνάξεις
502 3464 555 3546 άφ’
567 3469 664 3532 ἕωθεν
680 3468 812 3546 ἐπιτελεῖ,
827 3467 864 3533 ού
882 3467 1021 3550 νηστεύει.
1063 3463 1284 3531 Ἀνακύλσυθον
1297 3461 1352 3549 γάρ
1367 3464 1448 3527 ἐστιν

291 3571 325 3636 ἐν
341 3577 468 3658 κυριακῇ
483 3567 641 3652 νηστεύειν.
690 3567 751 3652 Τῇν
767 3570 800 3635 δέ
814 3568 1047 3655 τεσσαρακοστὴν
1063 3567 1117 3652 τῇν
1133 3567 1192 3654 πρά
1209 3574 1270 3633 τῶν
1288 3563 1361 3631 έπτά
1375 3561 1448 3647 ἦμε-

292 3678 354 3758 ρῶν
371 3679 424 3737 τοῦ
439 3668 526 3757 άγίου
545 3669 652 3755 Πάσχα
668 3668 807 3749 οἷςαύτως
822 3671 977 3754 φυλάττειν
993 3676 1099 3738 εἴωθεν
1115 3668 1135 3754 ἡ
1151 3667 1228 3762 αὐτῇ
1244 3672 1389 3750 ἐκκλησία,
1415 3669 1448 3733 ἐν

290 3777 437 3858 νηστείαις
451 3778 640 3854 διατελούσα,
675 3774 728 3851 τάς
753 3777 786 3841 δέ
809 3774 954 3861 κυριακάς
978 3772 1040 3841 οὔδ’
1057 3773 1149 3852 ὅλως,
1180 3770 1248 3838 οὔτε
1265 3774 1297 3838 ἐν
1314 3770 1390 3859 αὐτῇ
1410 3776 1449 3859 τῇ

291 3884 515 3968 τεσσαρακοστῇ.
564 3875 624 3953 Τάς
639 3879 672 3943 δέ
682 3881 716 3956 ἐξ
734 3875 845 3963 ἡμίρας
859 3885 913 3944 τού
931 3881 1036 3960 Πάσχα
1053 3879 1083 3943 ἐν
1099 3878 1266 3963 ξηροφαγίρι
1283 3878 1450 3939 διατελοῦσι

291 3979 399 4056 πάντες
415 3984 446 4045 σί
459 3981 540 4059 λαοί,
571 3982 672 4063 ’φημί
689 3980 721 4045 δέ
737 3978 815 4070 άρτφ
833 3983 887 4047 καί
902 3978 946 4046 άλλ
963 3982 1014 4045 καί
1029 3979 1115 4045 ύδατι
1127 3978 1192 4045 τότε
1207 3975 1351 4064 χρώμενοι
1368 3973 1451 4061 πρδς

292 4083 426 4167 ἐσπέραν.
468 4079 552 4148 Ἀλλά
572 4083 623 4147 καὶ
646 4085 678 4147 οί
694 4088 854 4150 σπουδαῖοι
871 4088 1016 4163 4διπλοῖς,
1046 4085 1098 4148 καί
1113 4086 1251 4168 τριπλᾶς,
1278 4080 1330 4145 καί
1347 4103 1450 4164 τετρα·

291 4192 367 4263 πλᾶς
391 4182 613 4272 ύπερτίθενται,
643 4187 694 4250 καλ
716 4184 789 4269 ὅλην
811 4183 865 4269 τὴν
886 4186 1036 4269 ἑβδομάδα
1059 4185 1136 4259 τινές
1160 4181 1227 4269 άχρι
1243 4177 1452 4268 άλεκτρυύνων

292 4326 349 4445 odi}
364 4321 452 4445 ἐδάλων
474 4326 543 4375 cm
563 4339 618 4376 m
642 4330 743 4389 mm
779 4310 852 4393 μόνον
880 4325 1120 4459 &affigam
1136 4394 1181 4444 οσδ
1204 4393 1293 4455 Rhodia

326 4459 350 4513 6.
368 4459 556 4530 χηρενσάμεναι
572 4462 624 4513 ωδ.
640 4462 738 4524 mdia.
918 4461 942 4513 3.
961 4455 1037 4529 φημῇ
1052 4464 1136 4512 vitium
1150 4466 1182 4512 ιιι
1198 4462 1252 4511 edit.
1267 4461 1349 4512 Ριίσυ.
1365 4462 1450 4512 colon.

328 4526 386 4580 (λιν.
399 4528 470 4580 XXI.
489 4557 520 4568 -
558 4529 851 4594 1.6ί.(ἐσοδε8ρέσίλερ.
883 4535 953 4594 repet.
