3096 5070
171 254 234 317 584
575 348 578 352 Δ
596 262 717 316 emen
734 264 905 317 τεινοιιιιι

172 380 213 467 μὴ
226 382 392 467 χρανθίντα
408 381 439 445 ἐν
455 376 598 468 άμαρτίρτ,
621 378 715 462 στόμα
729 380 772 464 μη
786 378 991 464 ψευσάμενον,
1014 387 1091 466 χείλη
1106 383 1148 467 μη
1165 383 1340 467 λαλήσαντα

174 483 278 562 δόλον,
301 486 425 568 καρδίαν
441 481 483 565 μὴ
499 485 673 548 ἐκκλίνασαν
691 485 733 560 είς
748 481 922 568 ἐρεθισμόν,
944 492 1019 551 νοῦν
1035 485 1075 569 μὴ
1094 488 1274 571 ἐκτραπέντα
1291 490 1341 563 είς

173 585 194 654 δι’
213 584 254 670 μή
269 583 338 670 χρὴ,
360 582 455 668 σάρκα
470 583 511 667 μὴ
528 584 581 668 την
596 584 708 672 σαρκός
724 582 837 670 ἡδονὴν
855 589 1069 672 ἐργασαμένην·
1092 591 1199 665 τίλεως
1213 587 1341 655 άνωθεν

173 687 257 767 θεός,
276 685 332 754 οῦκ
347 685 445 753 ἐλθόν
458 695 632 771 κατοικῆσαι
647 690 679 753 ἐν
691 685 855 779 άνθριόπμ,
879 687 937 754 ἀλλ’
952 689 1044 767 αῦτός
1058 699 1092 737 ³³
1102 692 1170 767 ὅλος
1182 694 1342 778 ἐνανθροο-

174 791 283 876 πήσας,
306 787 342 855 οῦ
359 792 481 875 τραπεὶς
495 789 549 873 τήν
570 788 673 872 φύσιν,
695 792 951 876 συμπεριειληφοίς
966 794 999 859 δέ
1016 791 1079 876 άμα
1092 801 1129 885 τῇ
1145 794 1266 877 θεότητι
1278 792 1341 877 τὴν

175 897 255 960 ίδίαν
273 892 513 978 ἐνανθριόπησιν·
536 895 567 958 ἐν
582 892 680 982 μήτρᾳ
694 896 849 979 παρθίνοο
867 894 995 981 γεμονάς
1009 899 1041 963 ἐν
1057 896 1201 986 άληθείηι,
1221 923 1342 978 κυοφο-

175 998 280 1084 ρηθεὶς
303 993 356 1061 τόν
371 994 494 1080 χρόνον,
521 998 679 1080 γεννηθεὶς
696 995 747 1063 διά
769 1005 945 1082 γεννητικῶν
965 1000 1068 1084 πόρων
1085 998 1340 1083 τἰνεπαισχύντως,

174 1097 342 1184 ύχράντως,
373 1095 557 1180 άμολύντως·
585 1095 766 1183 ἀνατραφεὶς
783 1103 835 1165 καί
856 1103 1123 1187 Μἐναγκαλισθελς
1139 1100 1199 1168 ύπό
1226 1109 1341 1168 ΜΣυ·

176 1209 293 1287 μεοῖνος
308 1202 357 1265 καί
372 1198 494 1282 Ἀννης,
516 1202 693 1283 βασταχθελς
707 1198 767 1268 ύπό
784 1207 924 1288 Μαρίας,
946 1202 1100 1284 πεζεύσας,
1122 1202 1341 1290 όδοιπορήσας,

175 1307 297 1371 παιδίον
317 1302 503 1388 80γεγονοίς,
534 1300 702 1388 άνδρωθείς
717 1311 753 1393 τῇ
771 1301 885 1393 ἡλικία,
915 1301 951 1371 τά
966 1305 1063 1372 πάντα
1088 1308 1163 1390 ίχων
1186 1309 1217 1372 ἐν
1239 1308 1342 1396 ἐαυτῷ

179 1410 212 1474 ἐν
230 1405 396 1489 τελειότητι,
419 1408 453 1472 ἐν
469 1403 591 1494 α’ριθμῷ
604 1408 679 1471 ἐτῶν
693 1408 851 1491 λογιοθείς,
874 1410 905 1474 ἐν
921 1407 1043 1498 άριθμρῑ
1059 1416 1171 1491 μηνοῖν,
1195 1410 1226 1474 ἐν
1239 1414 1343 1500 κοιλίᾳ
1395 1460 1400 1467 .

176 1513 401 1595 κυοφορηθελς,
431 1508 589 1594 γενόμενος
612 1510 644 1574 ἐκ
669 1508 824 1594 γυναικός,
853 1509 1010 1595 γενόμενος
1031 1508 1090 1577 ύπδ
1108 1509 1215 1593 νόμον,
1238 1512 1342 1578 ίλθτδν

176 1614 226 1677 ἐπί
244 1611 296 1678 τόν
312 1609 484 1695 Ἰορδάνην,
516 1612 692 1695 βαπτισθεὶς
715 1609 776 1678 ύπό
796 1610 957 1692 Ἰωάννου,
986 1613 1045 1679 οῦκ
1063 1612 1253 1696 ἐπιδεύμενος
1269 1623 1339 1680 λου·

176 1719 264 1800 τροῦ·
288 1710 338 1779 διά
357 1714 390 1778 δέ
404 1712 437 1779 τό
457 1711 629 1779 άκόλουθον
645 1721 697 1796 τῆς
714 1722 749 1760 ⁸⁷
759 1714 887 1798 ἐννόμου
903 1714 1160 1802 ἐνανθροπησεως
1174 1716 1216 1800 μὴ
1228 1717 1341 1802 ταράσ-

178 1836 238 1882 σων
255 1814 289 1882 τό
305 1820 435 1893 δίκαων,
469 1814 552 1892 ὅπως
573 1825 736 1907 πληρωθῇ,
771 1815 812 1893 οῦς
833 1816 924 1894 αύτός
941 1821 1016 1901 ἔφη,
1045 1825 1127 1883 πάσα
1151 1819 1340 1903 δικαιοσύνη,

176 1921 228 1984 ἵνα
250 1922 330 2007 δείξη
355 1919 401 1984 ὅτι
418 1917 568 2002 άληθινην
592 1919 687 2005 σάρκα
711 1920 884 1999 ἐνεδύσατο,
916 1919 1066 2004 άληθινὴν
1093 1922 1339 2008 ἐνανθροίπησιν·

177 2019 388 2106 κατερχόμενος
404 2024 446 2096 είς
461 2019 497 2086 τά
514 2021 624 2100 ῦδατα,
647 2021 751 2098 διδούς
766 2020 841 2107 ἥπερ
857 2021 1025 2105 λαμβάνων,
1047 2023 1249 2108 παρεχόμενος
1265 2024 1338 2109 ἤπερ

178 2121 384 2207 ἐπιδεόμενος,
407 2128 542 2204 φωτίζων
563 2121 655 2200 αύτά,
688 2127 861 2208 ίνδυναμοῦν
882 2123 960 2190 αύτά
975 2127 1017 2201 είς
1032 2124 1128 2192 τύπον
1145 2135 1206 2193 τῶν
1222 2127 1335 2211 μελλύν·

177 2251 238 2291 ταν
255 2229 286 2291 ἐν
301 2223 381 2314 αύτῷ
404 2234 602 2292 τελειοῦσθαι·
633 2226 717 2302 ὅπως
740 2230 773 2292 οί
792 2226 875 2315 αύτῷ
897 2216 1121 2304 πεπιστευκότες
1141 2232 1173 2296 ἐν
1197 2227 1329 2315 άληθείηι,

178 2330 231 2394 καλ
247 2330 362 2412 ἔχοντες
376 2326 429 2411 τὴν
444 2334 541 2394 πίστιν
554 2338 608 2413 τῆς
622 2331 780 2413 άληθείας,
803 2327 943 2411 μάθωσιν
958 2328 1004 2395 ῦτι
1023 2328 1171 2413 άληθινῦς
1181 2327 1327 2413 ίεητθροί·

179 2454 282 2514 πηοεν,
305 2429 456 2515 άληθινῦς
472 2434 649 2516 ἐβαπτίσθη,
672 2433 722 2498 καλ
740 2430 836 2508 οῦτως
852 2431 903 2498 διά
920 2440 973 2514 τῆς
989 2430 1083 2497 αύτοῦ
1096 2432 1329 2517 σνγιιαταθέσεως

179 2536 229 2600 καλ
251 2541 285 2580 ³⁸
295 2530 382 2599 αῦτολ
399 2531 551 2619 ἐρχόμενοι
567 2533 679 2618 λάβωσι
693 2541 746 2617 τῆς
761 2533 854 2601 αὐτοῦ
874 2532 1157 2621 80συγκαταβύσεοις
1170 2532 1223 2616 τὴν
1242 2531 1332 2597 δῦνα-

57 2685 108 2731 Μ,
122 2673 166 2719 m
181 2665 246 2720 μιν,
268 2641 319 2702 καλ
335 2644 530 2719 φωτισθιῦσιν
545 2634 652 2702 40ύπό
677 2644 730 2719 τῆς
745 2636 839 2703 αῦτοῦ
859 2643 894 2682 ⁴¹
906 2642 1117 2724 φωταγωγίας,
1138 2642 1338 2718 *ἳπληροφο-

180 2739 322 2826 ρούμενοι
334 2748 376 2829 τῷ
395 2743 428 2807 ἐν
442 2747 483 2828 τῷ
500 2738 642 2828 προφήτη
657 2743 748 2828 ῥητῷ,
771 2743 829 2816 Ele
843 2738 1023 2826 μεταλλαγὴν
1038 2739 1202 2823 δυνάμεως,
1224 2740 1265 2813 είς
1282 2764 1341 2802 πα-

181 2841 272 2927 ροχύν
300 2848 447 2927 σωτηρίας
474 2849 527 2925 τῆς
556 2840 712 2924 δυνάμεως
742 2849 797 2907 τοῦ
829 2840 936 2927 ῦρτου,
974 2840 1034 2908 άπδ
1065 2850 1119 2925 τῆς
1145 2839 1343 2926 Ἰερουσαλὴμ

183 2947 476 3029 ηλαμβανομένης,
506 2946 556 3009 καί
579 2951 632 3028 τῆς
652 2943 753 3027 ίσχύος
766 2952 819 3010 τοῦ
834 2944 952 3021 ῦδατος.
993 2942 1144 3010 Ἐνταῦθα
1167 2945 1199 3008 δέ
1219 2945 1344 3024 “bxv-

181 3049 406 3133 ροποιουμένων
424 3049 456 3111 ἐν
475 3053 593 3135 Χριστῷ
610 3054 663 3129 τῆς
678 3046 833 3130 δυνάμεως
846 3055 902 3113 τοῦ
918 3047 1008 3133 άρτου
1026 3048 1076 3112 καλ
1094 3050 1145 3127 τῆς
1161 3054 1216 3111 τοῦ
1232 3045 1345 3119 ῦδατος

182 3150 294 3234 ἰσχύος·
321 3153 371 3214 ἵνα
395 3156 432 3196 ⁴⁶
443 3147 484 3231 μὴ
509 3148 597 3233 άρτος
610 3146 682 3232 ἡμῖν
702 3151 820 3235 γίνηται
835 3148 975 3233 δύναμις,
1007 3146 1077 3213 άλλά
1097 3145 1225 3229 δύναμις
1240 3146 1344 3233 άρτου.

183 3254 245 3317 Καὶ
261 3255 371 3336 βρῶσις
388 3252 440 3333 μὲν
455 3248 473 3316 ό
488 3248 591 3335 άρτος,
613 3249 634 3334 ἡ
650 3252 682 3316 δέ
699 3250 824 3335 δύναμις
843 3255 874 3318 ἐν
891 3249 972 3340 αύτῷ
988 3254 1030 3326 είς
1045 3247 1234 3335 ζωογόνησιν.
1280 3251 1346 3312 Καὶ

182 3355 238 3439 οὐχ
250 3358 301 3420 ἵνα
315 3353 349 3420 τό
365 3353 446 3439 ῦδωρ
463 3349 541 3436 ἡμᾶς
555 3359 706 3444 καθαρίσῃ
723 3353 819 3434 μόνον
825 3406 834 3435 ,
857 3352 915 3419 άλλ’
933 3358 983 3419 ἵνα
1001 3356 1033 3420 ἐν
1047 3360 1084 3443 τῇ
1102 3351 1182 3435 ίσχύϊ
1200 3358 1254 3417 τοῦ
1268 3351 1346 3417 ῦδα-

181 3484 233 3534 τος
250 3457 301 3523 διά
316 3465 369 3541 τῆς
393 3460 517 3532 πίστεως
535 3458 587 3521 καλ
605 3458 747 3541 ἐνεργείας
764 3458 814 3522 καὶ
838 3460 955 3533 ἐλπίδος
972 3459 1023 3521 καλ
1041 3459 1211 3540 μυστηρίων
1228 3451 1346 3519 τελετά-

183 3582 257 3638 σεως
269 3562 320 3625 καλ
334 3559 495 3641 ὀνομασίας
508 3562 561 3641 τῆς
575 3552 741 3644 άγιαστείας
754 3560 872 3645 γίνηται
885 3557 957 3642 ἡμῖν
971 3563 1013 3635 είς
1028 3563 1172 3623 τελείωσιν
1185 3561 1345 3639 σωτηρίας.

178 3660 331 3728 Ἀνελθοίν
355 3659 415 3728 άπό
441 3668 495 3727 τοῦ
517 3658 689 3747 Ἰορδάνου,
721 3659 840 3727 ἀκούων
858 3659 964 3744 φωνην
979 3659 1092 3745 πατρός
1112 3663 1154 3735 είς
1171 3656 1265 3740 ύκοην
1285 3685 1345 3722 πα·

183 3764 297 3852 ρόντων
319 3771 379 3830 τῶν
401 3771 563 3847 μαθητῶν,
597 3766 639 3840 είς
663 3762 695 3830 τό
718 3761 872 3842 ύποδεῖξαι
898 3769 942 3840 τίς
966 3760 984 3829 ύ
1005 3760 1259 3848 μαρτυρούμενος,
1290 3762 1344 3825 καλ

216 3974 258 4028 33.
277 3968 291 4028 ό
307 3969 382 4040 λόγος
394 3988 437 4036 pro
452 3967 511 4031 ῦλος
525 3974 610 4036 lenitur
622 3975 647 4022 ιιι
662 3975 742 4023 Ροοο-
776 3990 815 4026 νον
837 3973 936 4042 λάβωσι
951 3969 1076 4041 (λάβωαοι
1094 3973 1150 4021 edit.
1171 3973 1261 4032 princ„
1285 3971 1347 4019 vitio

181 4047 217 4094 n'o
233 4047 249 4093 Ι.
260 4045 286 4105 λ,
303 4047 324 4091 τί
340 4045 365 4092 in
382 4044 433 4092 τοδ.
451 4043 547 4103 Βλιδλρ.
776 4045 905 4103 λςροίλειοτ
922 4046 964 4091 οιιί
978 4039 1124 4103 correctoris)
1142 4041 1191 4088 cod.
1210 4038 1308 4098 θλεσίς.
1320 4043 1346 4086 τί

216 4108 257 4163 34.
274 4106 441 4177 α’γκαλισΰελς
457 4112 507 4160 cod.
528 4110 625 4171 λλλιδλς.
777 4112 832 4159 edit.
850 4114 925 4172 princ.

216 4178 258 4230 35·
275 4195 304 4230 tt
321 4179 461 4245 Συμεῶνος
477 4181 530 4227 edu·
551 4179 633 4228 Ρθίᾱΰ·
811 4175 853 4229 39.
879 4173 1047 4246 καταβάσεως
1068 4178 1124 4226 edil.
1141 4178 1235 4235 θείου,
1261 4175 1346 4223 invitis

216 4243 258 4297 36.
275 4247 363 4313 γέγονε
380 4249 447 4298 codd.
464 4260 519 4296 οιιι.
536 4251 637 4307 uterque.
779 4247 844 4295 λίοτῐι
857 4251 910 4295 vett.

217 4313 258 4366 37.
283 4313 387 4382 ἐννόμου
408 4317 476 4366 codd.
498 4329 553 4364 οιτε.
576 4319 678 4376 ιιλιτηιιε
720 4309 746 4364 ἐν
812 4311 854 4363 40.
871 4309 920 4367 ἀπὸ
936 4315 992 4363 εδει.
1005 4315 1097 4373 Petam,
1114 4314 1193 4362 ίοολιίι
1209 4311 1275 4359 libris
1288 4315 1344 4358 νοτε

184 4381 256 4451 νόμῳ
274 4384 339 4434 editi.
812 4375 855 4432 41.
874 4384 958 4432 λὀοολι.
984 4379 1155 4447 φωταγωγίας
1176 4382 1287 4429 omissum
1310 4383 1347 4427 οτι

218 4453 260 4505 δελ.
273 4448 349 4505 αύτδν
365 4448 498 4520 ἐρχόμενον
513 4451 580 4517 (cum
593 4465 692 4501 τοευτοε
707 4463 746 4500 υτ-
778 4454 803 4500 in
821 4451 888 4500 οοιλδ.
909 4465 963 4498 τιτι.
982 4456 1003 4498 τι
1019 4451 1073 4499 ασελ
1089 4453 1165 4510 princ.

183 4523 262 4590 ελίςίο)
281 4517 380 4591 λάβωσι
393 4521 444 4571 oo&
460 4522 507 4572 1ου
542 4514 620 4573 αύτδν
636 4514 746 4587 ἐρχόμε·
813 4514 855 4570 42.
872 4515 1044 4586 πληρουμένου
1060 4517 1105 4570 τοῦ
1122 4514 1148 4568 ἐν
1165 4515 1202 4586 τῷ
1221 4509 1343 4583 προφήτῃ
