3096 5070
443 320 580 373 canaan
598 319 718 371 annun.
736 319 850 371 rann
869 317 970 369 naen.
982 318 1101 370 exxrn.
1311 297 1346 367 at

196 431 342 517 convicit,
367 439 601 525 sapientissimae
618 439 707 501 divini
720 439 803 503 verbi
820 438 1030 524 praedicationi
1045 438 1114 501 nibil
1130 437 1283 500 admodum
1301 434 1354 499 tri-

195 542 284 621 buat,
320 563 414 627 neque
433 563 473 605 ex
497 542 564 605 lidei
589 541 769 626 praescripto
788 541 912 604 similem
934 541 1062 603 essentia
1085 540 1159 624 patri
1180 539 1269 601 lilium
1285 558 1354 602 esse

197 647 339 723 latentur,
365 655 462 728 utpote
481 645 528 729 qui
550 645 623 706 falso
638 653 749 728 patrem
773 655 802 705 et
819 644 908 707 filium
927 640 1069 726 appellet,
1094 640 1190 725 reipsa
1213 661 1284 705 reru
1302 662 1354 704 ne·

196 768 251 831 que
268 758 379 831 patrem
398 766 493 830 neque
517 745 625 822 lilium,
650 747 701 808 sed
724 759 888 808 creaturam
912 765 946 807 ac
965 755 1145 823 creatorem,
1171 765 1206 806 ac
1229 743 1280 806 lilii
1304 764 1354 828 pa·

196 851 307 934 trisque
329 850 478 912 notionem
501 869 566 910 eum
589 848 710 931 reliquis
732 847 868 930 operibus
891 846 1103 924 eommunicet,
1136 857 1166 908 et
1180 845 1295 930 qrroties
1317 865 1353 909 ea

196 954 286 1015 dere
310 951 408 1035 agitur
429 950 607 1012 calumniose
639 951 814 1027 mentiatur,
847 952 969 1034 primum
998 949 1065 1011 illud
1090 970 1163 1033 opus
1186 969 1220 1010 ac
1241 948 1354 1031 praeci·

196 1076 283 1139 puum
301 1072 386 1126 esee,
410 1053 486 1134 quod
509 1050 631 1136 abipso
655 1054 760 1115 lactum
784 1062 848 1130 est,
872 1062 920 1114 ant
945 1052 1142 1135 magnitudine
1161 1050 1352 1126 antecellens,

199 1177 234 1219 ac
257 1154 382 1237 denique
415 1154 705 1240 ecetesiasrteunaia
729 1166 840 1239 patrem
872 1155 1021 1238 liliumque
1053 1155 1139 1217 tidem
1172 1175 1230 1216 uon
1254 1153 1356 1214 eodem

197 1257 282 1319 modo
306 1258 481 1340 profiteatur
502 1278 560 1340 qno
583 1257 659 1318 illam
683 1257 766 1319 nobis
795 1257 920 1341 apostoli
944 1268 1030 1320 autea
1055 1256 1253 1334 tradiderunt,
1285 1274 1355 1317 ana·

197 1359 291 1421 thema
314 1359 362 1421 sit.
408 1364 449 1421 Et
468 1362 541 1421 illud
561 1372 660 1433 uuteo,
693 1371 724 1422 ut
744 1358 873 1443 loquitur
895 1359 1062 1442 apostolus,
1089 1363 1300 1441 praedamnans,
1324 1367 1480 1428 etonem.

196 1483 271 1523 nuuc
288 1466 377 1523 denuo
394 1467 561 1543 repetamus,
587 1483 621 1524 ac
641 1463 810 1525 necessario
834 1482 1069 1525 commonemus:
1096 1459 1129 1524 Si
1152 1462 1216 1545 quis
1238 1460 1354 1544 sapien·

196 1575 253 1626 tem
276 1566 368 1627 sulum
392 1565 513 1628 audiens
537 1575 666 1650 patrem,
692 1575 722 1626 et
738 1566 853 1627 unicum
876 1565 940 1628 eius
963 1565 1053 1627 lulium
1071 1564 1255 1648 sapientiam,
1280 1562 1355 1625 bauo

195 1687 282 1730 uuum
306 1667 440 1751 idemque
472 1689 537 1730 uum
569 1668 619 1729 illu
642 1667 720 1729 dicat
742 1687 827 1744 esse,
862 1687 897 1728 ae
921 1667 972 1729 nni
997 1666 1202 1751 proprietatem
1226 1675 1353 1743 evertat,

194 1768 347 1831 anatbema
375 1770 425 1832 sit.
480 1767 552 1832 ltem
584 1770 608 1832 ai
636 1769 701 1852 quis
730 1770 890 1853 sapientem
921 1770 1042 1832 audiens
1072 1780 1182 1854 patrem
1211 1778 1243 1830 et
1263 1768 1354 1830 filium

195 1869 258 1933 eius
282 1871 453 1955 sapientiam
482 1871 644 1951 nominari,
681 1871 755 1933 banc
776 1872 868 1956 ipsam
899 1871 1071 1955 sapientiam
1102 1871 1242 1956 sapientis
1265 1869 1356 1955 patris

196 1973 326 2036 essentia
356 1973 527 2036 dissimilem
558 1975 697 2052 allirmet,
731 1985 868 2057 tauquam
902 1975 1062 2058 sapientem
1093 1993 1165 2036 vere
1192 1971 1356 2056 sapientiae

196 2087 306 2160 patrem
339 2095 405 2137 esse
436 2095 566 2159 negans,
600 2076 755 2139 anathema
784 2077 834 2138 sit.
891 2074 1011 2160 Siquis
1041 2076 1126 2138 deum
1154 2095 1220 2138 esse
1244 2085 1354 2160 patrem

196 2197 363 2259 agnoscens
393 2197 459 2239 eum
483 2197 555 2239 vero
577 2178 624 2261 qui
649 2179 677 2240 in
701 2178 843 2263 principio
875 2178 928 2242 fuit
951 2180 1071 2243 verbum
1095 2200 1129 2241 ae
1152 2179 1243 2257 deus,
1279 2179 1355 2242 hune

195 2280 272 2341 idem
296 2299 363 2341 esso
386 2280 502 2364 penitus
518 2301 582 2342 oum
606 2281 678 2357 deo,
702 2283 777 2365 apud
801 2302 885 2364 quem
909 2280 1030 2344 uerbum
1053 2302 1087 2344 ac
1102 2282 1174 2344 deus
1198 2292 1260 2358 est,
1284 2302 1356 2343 con·

195 2381 314 2458 stitnat,
339 2393 475 2465 tauquam
498 2401 569 2444 vere
586 2383 675 2445 lilium
694 2404 750 2445 nun
767 2404 949 2466 agnoscens,
974 2383 1127 2445 anathema
1144 2384 1193 2445 sit.
1240 2381 1273 2446 si
1291 2383 1356 2466 quie

195 2482 376 2566 unigenitum
396 2485 479 2546 deum
497 2505 532 2547 ac
549 2485 671 2547 verbum
688 2484 778 2548 lilium
796 2487 841 2547 dei
860 2485 1002 2548 nominari
1019 2486 1153 2561 audiens,
1177 2485 1251 2569 apud
1269 2506 1355 2568 quem

195 2586 316 2647 verbnm
334 2607 369 2648 ao
384 2587 456 2648 deus
473 2597 536 2662 est,
562 2587 638 2650 bunc
653 2587 746 2672 ipsum
764 2589 849 2651 deum
868 2608 902 2649 ac
921 2589 1010 2673 patris
1027 2588 1165 2665 verbum,
1190 2587 1235 2650 dei
1253 2608 1288 2649 ac
1305 2609 1357 2671 pa·

196 2688 269 2765 tris,
293 2690 367 2773 apud
390 2710 476 2772 quem
495 2689 661 2773 unigenitus
679 2691 706 2751 iu
725 2691 866 2774 principio
881 2691 953 2752 deus
970 2701 1035 2752 erat
1058 2690 1198 2767 verbum,
1230 2690 1356 2752 dissimi-

196 2789 251 2852 lem
269 2793 408 2868 affirmet,
442 2801 665 2874 tauquamvcre
685 2793 772 2854 lilium
792 2793 910 2854 minime
931 2793 1091 2870 oorrlitens,
1126 2792 1281 2854 anathema
1302 2791 1353 2855 sit.

197 2887 310 2975 Siquis
327 2892 413 2955 filium
440 2893 503 2969 dei,
539 2894 586 2976 qui
608 2895 702 2956 videri
726 2916 783 2956 non
808 2904 922 2979 potest,
956 2895 1111 2979 imaginem
1134 2895 1256 2958 audiens
1279 2895 1355 2957 idem

195 3013 262 3055 esse
280 3014 345 3056 cum
365 3016 422 3057 noo
438 2995 608 3080 aspectabili
631 2996 687 3059 deo
710 2996 788 3059 dicat
810 2997 986 3078 imaginem,
1019 3009 1154 3081 tanquam
1175 3019 1247 3061 rere
1265 2998 1354 3059 lilium

195 3097 315 3158 minime
334 3099 504 3179 prulessns,
537 3098 691 3161 anathema
714 3099 763 3162 sit.
810 3096 843 3162 Si
862 3100 926 3183 quis
944 3099 1124 3182 unigenitum
1146 3100 1237 3162 lilium
1253 3100 1357 3182 imagi·

193 3218 259 3260 uem
284 3198 347 3274 dei,
380 3197 428 3282 qui
455 3199 547 3262 videri
574 3222 632 3263 uon
651 3212 764 3284 potest,
799 3202 938 3287 appellari
958 3202 1080 3265 audiens
1098 3202 1267 3266 dissimilem
1289 3221 1356 3264 esse

191 3301 269 3363 dicat
293 3301 421 3363 essentia
445 3302 554 3379 lilium,
586 3325 621 3366 ac
643 3305 689 3367 dei
718 3325 775 3366 non
799 3303 987 3389 aspectabilis
1004 3305 1160 3388 imaginem
1185 3306 1248 3367 eius
1273 3303 1356 3367 cuiue

192 3402 320 3466 essentia
343 3402 500 3486 imaginem
521 3405 615 3489 ipsum
637 3406 846 3487 intelligimus,
881 3406 962 3469 velut
990 3407 1080 3469 filium
1106 3427 1173 3470 esse
1201 3427 1259 3469 uou
1285 3424 1356 3468 vere

192 3505 352 3586 proliteos,
387 3506 542 3568 auatbema
571 3509 621 3570 sit.
676 3510 747 3570 ltern
780 3509 804 3571 si
833 3509 898 3593 quis
924 3509 1068 3571 dicentem
1099 3509 1190 3571 lilium
1219 3508 1353 3585 audieus,

196 3607 433 3681 (laeemodmudum
454 3621 539 3687 puter
560 3612 645 3671 dubet
669 3616 753 3672 uitam
778 3616 808 3672 in
825 3634 857 3672 ae
871 3617 948 3692 apso,
979 3617 1022 3673 sic
1039 3623 1067 3672 et
1075 3614 1145 3691 filio
1169 3613 1247 3671 dedit
1272 3615 1356 3671 vitum
1370 3622 1508 3680 tamum.

191 3707 298 3765 leodem
312 3712 341 3767 in
357 3730 388 3768 se
402 3713 479 3787 apso,
513 3732 577 3773 enm
600 3714 648 3795 qui
665 3714 754 3776 vitam
774 3712 880 3797 accipit
898 3736 914 3775 a
932 3724 1031 3798 patre,
1065 3724 1095 3775 et
1112 3712 1181 3774 illud
1198 3712 1355 3790 dicentem,

191 3811 232 3868 Et
246 3829 300 3887 ego
320 3813 381 3869 orbo
400 3823 518 3892 propter
530 3824 658 3891 putrem,
693 3815 769 3876 idem
793 3837 858 3877 cum
881 3817 960 3878 vitae
985 3816 1085 3877 datore
1113 3834 1180 3876 esse
1205 3813 1352 3892 detentu,
1368 3829 1511 3882 tamese.

191 3909 345 3972 anathema
363 3911 412 3973 sit.
459 3908 574 3996 Siquis
600 3914 675 3975 istud
694 3915 834 3993 audieus,
869 3923 952 3979 Sicut
968 3930 1054 3999 poter
1075 3922 1159 3978 vitum
1177 3919 1259 3977 dedet
1279 3922 1309 3979 iu
1324 3939 1356 3980 se

191 4018 268 4093 pso,
299 4018 342 4073 ar'u
351 4016 422 4094 fillo
438 4017 515 4075 dedit
531 4019 615 4075 m'tom
632 4017 736 4076 dobere
754 4021 783 4077 in
798 4039 829 4077 se
845 4023 921 4098 ipso,
947 4019 1116 4083 dissimilem
1136 4020 1263 4082 essentia
1279 4022 1353 4104 patri

190 4115 282 4177 lilium
302 4125 472 4194 asseveret,
505 4116 595 4179 etita
619 4116 659 4179 uti
680 4118 749 4179 dicit
775 4117 883 4182 babere
902 4142 935 4184 se
956 4132 1098 4197 testetur,
1130 4122 1285 4187 anathema
1301 4126 1352 4188 sit.

189 4213 382 4280 Manifestum
400 4218 476 4281 euim
493 4230 556 4299 est,
581 4241 646 4283 oum
662 4220 743 4297 vita,
769 4241 855 4304 quam
873 4223 902 4284 in
920 4233 1002 4307 patre
1018 4223 1225 4308 intelligimus,
1251 4246 1354 4289 esseu-

189 4320 228 4382 tia
244 4321 300 4397 sit,
326 4343 380 4384 trec
396 4342 454 4384 uon
472 4333 501 4384 et
518 4323 658 4406 unigeniti
676 4323 755 4402 vita,
780 4344 854 4408 quae
872 4335 985 4410 epatre
1002 4326 1099 4411 genita
1118 4337 1181 4405 est,
1205 4327 1353 4410 iutellige-

221 4440 245 4489 5.
273 4443 358 4491 Omnes
384 4444 439 4492 ttbrt
463 4442 668 4504 cotumaciam,
693 4446 756 4506 qnod
791 4446 889 4496 olibeta
906 4452 955 4496 tom
971 4449 1063 4509 seriptis
1078 4462 1148 4510 quum
1167 4451 1241 4499 editis.

187 4510 285 4558 correct.
827 4512 850 4566 7.
868 4517 975 4565 Fortasse
991 4512 1035 4567 καὶ
1046 4509 1101 4569 κατ’
1114 4510 1209 4579 odolen,
1226 4522 1261 4568 un
1271 4532 1354 4586 supro.

220 4571 306 4634 basol
326 4580 576 4642 opponeremus.
611 4581 755 4634 annam
1074 4614 1075 4617 =
