3096 5070
391 301 1056 360 rsusnrrnrn.111.>ronr.r.rrsnn.1.xxvr.
1240 292 1303 356 277

142 427 248 494 ctioms
264 428 377 493 iactura
400 429 478 492 iacta
496 425 693 490 conditionem
715 424 815 488 amisit
832 422 969 508 ingeniti.
1016 420 1118 506 Quare
1137 423 1301 488 substantia

143 532 257 618 quidem
271 531 371 616 genita
389 531 495 607 luerit,
521 527 685 611 ingenitum
704 537 801 590 antem
819 525 949 590 allectio.
996 521 1081 606 Quod
1098 525 1124 589 si
1140 525 1237 608 genita
1253 547 1302 590 sc·

141 635 224 699 boles
243 634 398 697 transitum
414 631 558 717 quendam
577 628 741 713 significat,
772 650 832 691 non
855 626 972 692 dubium
993 637 1038 690 cst
1053 626 1238 691 allectionem
1255 627 1301 691 in·

140 737 239 802 dicare
263 747 393 816 certam,
426 735 490 798 sive
513 733 636 817 quadam
654 752 671 794 c
689 729 851 794 substantia
868 729 1029 793 mutatione
1050 730 1233 794 conformata
1247 731 1299 812 sit,

140 841 205 906 sive
228 840 284 904 hoe
306 839 400 925 ipsum
425 847 470 900 cst
489 834 588 919 genitu
612 832 731 898 soboles
753 833 829 917 quod
854 852 920 896 esse
945 832 1061 896 dicitur.

225 938 379 1006 Conlutat.
398 936 474 1001 XX.
521 934 547 1000 l.
573 933 742 1000 Iamdudum
760 936 796 998 de
814 935 869 999 boc
887 935 1060 1020 privationis
1076 934 1196 1020 negotiu
1211 936 1301 1000 multa
1427 921 1442 994 s

140 1067 206 1110 cum
221 1043 258 1107 iis
276 1042 323 1127 qni
344 1062 361 1104 a
380 1052 460 1104 recta
483 1039 539 1103 hde
563 1038 651 1103 alieni
678 1048 747 1102 sunt
768 1049 969 1102 consentanee
996 1037 1072 1102 dixit
1091 1037 1214 1116 A'c'tius,
1249 1059 1301 1103 eo·

141 1148 264 1229 demque
287 1165 352 1206 cum
377 1142 434 1206 illis
457 1141 554 1205 studio
577 1140 762 1226 oppugnandi
789 1140 922 1204 catholini
948 1139 1093 1224 dogmatis
1116 1140 1211 1204 elatus
1241 1152 1299 1220 est,

141 1247 215 1312 adeo
238 1244 374 1329 quidem,
408 1244 479 1308 nihil
500 1254 532 1307 ut
548 1263 565 1307 e
583 1243 721 1307 sincerae
739 1243 805 1307 fidei
823 1242 1002 1328 praescripto
1027 1243 1213 1326 pronuntiet,
1246 1264 1301 1307 nec

141 1348 219 1413 illins
241 1346 406 1412 sententiae
432 1346 598 1410 meminerit
621 1366 695 1430 qnae
719 1346 862 1410 adversus
887 1366 939 1409 eos
964 1355 1174 1429 contorquetur
1193 1346 1241 1430 qui
1260 1367 1301 1411 ex

141 1451 260 1536 ingenio
282 1472 336 1515 suc
359 1450 499 1535 pleraque
524 1447 653 1512 inaniter
676 1448 828 1526 ellutiuut,
863 1448 1012 1532 nequead
1038 1447 1103 1510 tidei
1127 1447 1300 1534 principium

141 1554 365 1618 adhaerescunt.
414 1551 497 1636 Quos
520 1551 636 1635 quidem
651 1550 697 1615 his
714 1550 813 1614 verbis
839 1551 984 1635 scriptura
1008 1550 1200 1615 condemnate
1231 1557 1296 1633 Ego
1322 1565 1415 1665 1ιῖὅιιιιιί

141 1661 208 1718 deici
219 1661 248 1718 in
264 1677 382 1718 emersu
400 1677 476 1729 meo,
502 1657 597 1715 Omnes
613 1656 694 1716 inmo
708 1657 845 1727 mendum
870 1653 958 1732 item,
989 1657 1161 1716 Humilitatem
1174 1677 1236 1716 sum
1251 1661 1297 1718 ni·
1361 1650 1369 1672 '

140 1763 205 1821 me.
250 1755 339 1821 Nunc
356 1768 453 1820 autem
470 1755 500 1819 in
514 1754 617 1819 iisdem
634 1776 702 1819 sese
720 1775 863 1833 versans,
888 1754 1061 1840 privationis
1077 1757 1300 1842 affectionisque

142 1882 263 1938 vocum,
299 1870 329 1923 et
352 1859 497 1922 humanae
519 1879 554 1921 ac
579 1856 708 1922 lubricae
735 1857 881 1943 opinionis
907 1869 1145 1940 argumentorum
1172 1881 1247 1924 onus
1269 1870 1301 1925 et

143 1962 307 2027 molestiam
326 1962 515 2047 praeterens,
548 1981 582 2022 ae
600 1960 773 2046 spiritaliter
788 1959 961 2024 diiudicatus
977 1961 1123 2047 proprium
1143 1962 1231 2027 enimi
1245 1963 1300 2027 im·

140 2075 237 2150 petum
263 2065 300 2127 ab
323 2065 448 2126 bumana
472 2060 629 2126 calliditate
648 2064 810 2149 protectum
830 2061 955 2126 inhiberi
978 2063 1181 2150 conpatitur,
1214 2067 1300 2150 eique

141 2179 173 2232 nt
191 2168 226 2230 de
245 2168 300 2231 deo
315 2159 391 2251 quae
405 2164 478 2227 velit
493 2163 647 2247 eloquatur
662 2165 738 2230 lanis
762 2164 883 2228 habenis
906 2150 1057 2250 permittit.
1105 2163 1184 2248 Quin
1200 2178 1229 2232 ει
1245 2189 1300 2234 nos

141 2290 257 2355 quoque
279 2279 345 2356 post
362 2267 453 2331 multa
473 2267 508 2329 de
528 2266 740 2351 privationibus
763 2267 854 2333 verba
880 2269 956 2331 lacta
981 2267 1016 2330 ad
1037 2266 1112 2330 idem
1137 2280 1300 2336 retractan-

139 2374 206 2436 dum
225 2393 260 2435 ao
271 2370 464 2434 refutandum
480 2368 614 2454 impellit.
660 2368 801 2435 Sufficcre
821 2370 935 2455 quidem
953 2380 1067 2455 poterat
1086 2372 1161 2455 quod
1177 2374 1212 2436 ad
1232 2394 1299 2438 eum

140 2475 331 2539 refellendum
348 2473 378 2535 io
395 2471 541 2558 superiori
560 2473 760 2536 confutatione
777 2472 920 2552 diximus,
945 2473 1021 2558 quod
1038 2485 1157 2558 propter
1176 2475 1299 2539 eandem

139 2587 378 2662 argumentorum
397 2575 456 2639 viru
472 2595 506 2636 ac
519 2573 737 2639 similitudinem
752 2575 893 2640 ambobus
907 2587 1117 2661 opponeretur.
1148 2575 1210 2642 Sed
1228 2600 1300 2662 quo·

141 2681 218 2744 niem
241 2700 336 2766 neque
357 2678 540 2743 contumacis
563 2677 625 2742 oris
644 2698 750 2762 equom
768 2678 965 2743 infraenatum
983 2679 1149 2763 relinquere
1169 2700 1222 2764 par
1240 2690 1298 2761 est,

141 2781 205 2844 sive
231 2801 284 2868 per
306 2779 478 2867 praecipitia
504 2781 636 2860 feratur,
673 2780 737 2844 sive
763 2781 940 2846 concitatum
968 2803 1085 2845 cursum
1108 2782 1298 2867 represserit,

143 2904 236 2967 neque
254 2883 281 2946 ei
295 2883 408 2947 homini
425 2883 474 2967 qni
493 2884 594 2946 cadem
618 2884 762 2946 adversus
779 2883 869 2947 fidem
897 2883 1025 2948 inculcat
1049 2886 1154 2948 cedere
1170 2895 1298 2969 oportet,

143 2994 249 3048 utnon
268 2985 295 3047 ei
313 2986 549 3064 contradicatur,
581 2985 658 3049 bunc
680 2985 710 3049 in
730 2986 845 3050 modum
871 2986 981 3050 idcirco
1001 2986 1228 3072 disputabimus:
1266 2984 1300 3053 Si

50 3087 56 3101 ‘
145 3086 324 3171 privationes
344 3088 458 3174 quidem
478 3085 666 3152 affectionum
687 3089 829 3173 quaedam
845 3089 1098 3168 ablationesaint,
1123 3089 1298 3174 ingenitum,

143 3189 219 3273 qnod
237 3189 291 3251 deo
308 3190 461 3271 tribuitur,
486 3191 533 3255 vel
547 3190 711 3255 allectionis
731 3192 871 3275 quaedam
892 3192 1017 3277 privatio
1035 3203 1092 3272 cst,
1116 3193 1164 3256 vel
1183 3193 1300 3257 allectio

144 3291 300 3377 privationi
317 3294 460 3378 opposita.
507 3290 598 3372 ltem,
622 3295 647 3356 si
665 3293 791 3378 privatio
807 3295 972 3358 allectionis
989 3305 1047 3374 est,
1071 3317 1197 3380 quonam
1215 3307 1300 3380 pacto

143 3394 172 3457 id
195 3393 270 3477 quod
293 3415 350 3456 non
375 3394 453 3457 inest
474 3395 528 3458 deo
551 3406 688 3480 tanquam
710 3395 782 3459 insit
805 3397 959 3461 tribuitur?

230 3493 271 3559 ll.
317 3496 364 3559 Ad
397 3495 474 3560 hunc
501 3497 608 3580 igitur,
640 3499 687 3563 vel
714 3500 750 3562 ad
774 3500 861 3564 istum
893 3501 1009 3564 mudum
1039 3500 1170 3585 cogitare
1202 3509 1298 3583 potes,

143 3596 232 3674 Asci,
267 3618 301 3660 ac
320 3599 355 3660 de
376 3599 433 3660 deo
454 3599 654 3662 coniecturam
671 3620 797 3686 cupere,
829 3613 877 3665 tua
895 3624 968 3667 vcro
991 3602 1178 3667 nihilominus
1195 3600 1225 3665 in
1242 3602 1300 3688 pri·

143 3700 262 3763 vatione
279 3720 362 3763 mens
385 3699 563 3763 versabitur.
610 3698 728 3765 Etenim
755 3706 908 3786 quantavis
926 3726 959 3769 se
978 3705 1166 3769 contentione
1185 3704 1300 3770 animus

143 3813 210 3866 tuus
224 3802 259 3864 ad
278 3803 361 3865 deum
379 3801 491 3886 erigat,
515 3802 542 3865 si
559 3802 651 3865 solum
671 3803 754 3866 lidem
774 3815 804 3868 ct
818 3805 1051 3885 admirationem,
1076 3819 1106 3871 et
1123 3808 1241 3872 enixum
1260 3829 1301 3873 ex

145 3915 206 3968 toto
229 3914 347 3989 pectore
364 3904 613 3991 praedicationem
633 3903 782 3998 excipias,
813 3926 850 3969 eo
869 3908 984 3973 tandem
1001 3910 1143 3995 redigeris
1165 3922 1196 3974 nt
1212 3932 1300 3996 appa·

145 4017 210 4070 reat
225 4008 311 4070 deum
331 4018 358 4070 te
377 4005 651 4071 ratiocinationibus
674 4007 790 4090 assequi
816 4007 932 4073 minime
953 4011 1102 4096 potuisse,
1137 4032 1192 4075 nec
1208 4011 1300 4098 ipsius

145 4110 253 4189 hlium,
287 4129 341 4172 ncc
365 4110 498 4196 spiritum
524 4120 675 4187 sanetum,
711 4130 748 4173 ne
770 4120 800 4173 te
822 4111 977 4176 convincat
1004 4115 1075 4177 deus
1101 4134 1136 4178 ac
1156 4114 1300 4179 mendacii

145 4212 321 4296 redarguat,
354 4224 383 4275 ut
402 4213 542 4298 scriptum
568 4224 625 4277 cst.
672 4210 754 4296 Ergo
779 4223 807 4276 ει
826 4213 998 4279 affectiones
1016 4215 1047 4278 in
1066 4215 1168 4295 nobis,
1201 4227 1230 4281 et
1247 4240 1300 4282 vo·

144 4353 401 4484 wlquplmcsdqilblp
425 4420 476 4469 scd.
494 4421 539 4469 luc
560 4424 581 4470 et
599 4421 656 4471 editi
677 4422 705 4470 u·
739 4354 1161 4488 ffirdpchdrtldrllorldpubhridldpbtuihll)
1192 4358 1300 4408 pm

145 4486 187 4533 ort
221 4483 391 4552 περισκόμινη
408 4488 459 4537 eod.
476 4488 573 4551 lttedtq.
608 4504 706 4554 περικε-
775 4487 813 4538 10.
830 4481 885 4542 n'tv
901 4481 960 4556 (δᾶν
973 4493 1025 4542 eod.
1039 4492 1231 4559 strumenta.
1244 4508 1299 4547 rute.

145 4550 258 4620 κομμένη
279 4567 355 4619 merc.
373 4557 409 4606 ed.
429 4558 510 4607 Petro.
528 4560 574 4623 teat
591 4557 642 4608 cort
658 4559 707 4608 Pu·
739 4560 761 4608 et
778 4557 832 4608 edtt.
849 4559 924 4624 prtuc
