3096 5070
420 290 559 346 eunoun
578 290 643 340 uta.
653 290 696 339 ιιι.
714 287 798 339 ron.
810 290 841 338 u.
859 287 959 338 uuna.
971 287 1114 337 nxxvtu.
1282 275 1345 335 415

189 412 265 496 quod
280 410 376 475 Marci
396 433 431 474 ac
448 408 568 474 loannis
588 409 740 492 evangelia
758 409 919 472 declarant.
965 403 1084 468 Primus
1102 427 1141 467 ex
1158 403 1237 466 omiti
1254 403 1344 486 stirpe

188 526 275 578 natus
290 515 329 578 illi
349 513 424 576 lilius
443 523 489 575 est
508 510 648 588 lacobus,
684 521 880 595 cognomento
901 510 998 570 Oblics
1023 509 1112 590 (qnod
1133 527 1264 581 uturum,
1298 507 1344 567 vel

189 618 339 680 castellum
356 614 544 698 interpretari
562 613 659 694 licet),
692 612 787 695 quiet
805 609 901 674 lustus
918 609 1080 694 appellatus
1104 620 1168 686 est,
1200 618 1231 671 et
1246 604 1347 671 Naza-

188 739 277 783 raeus
296 721 365 795 luit,
398 717 474 799 quod
502 715 675 777 vocabulum
698 711 839 777 Sattctmn
861 712 1018 794 signilical.
1068 709 1145 773 idem
1170 710 1219 772 ille
1238 712 1346 794 primus

189 819 386 905 episcopalem
409 818 575 879 cathedram
600 815 694 900 cepit,
729 838 792 877 cum
816 815 842 875 ei
867 823 935 876 avite
959 823 1076 876 eeteros
1095 833 1198 875 omues
1218 812 1346 875 suumin

189 922 277 985 terris
304 921 439 982 tbronum
458 919 591 982 dominus
615 917 794 980 tradidisset.
843 912 901 997 Qui
924 916 1038 998 quidem
1064 919 1171 975 danaim
1182 917 1283 996 frater
1302 925 1348 976 est

190 1025 280 1107 vulgo
306 1021 483 1084 ricininatus.
531 1017 645 1102 Quibus
665 1020 800 1082 omnibus
824 1018 1018 1101 adstipulatur
1040 1018 1189 1101 apostolus
1213 1017 1257 1080 his
1281 1037 1346 1079 ver·

189 1125 253 1203 bis,
285 1128 384 1186 Alium
405 1135 497 1184 nutem
520 1147 556 1183 ear
577 1125 712 1202 apostolis
734 1126 794 1183 calli
813 1125 964 1192 caeninam,
996 1125 1056 1180 nisi
1075 1122 1205 1181 lucabum
1223 1121 1344 1200 fratrent
1358 1132 1410 1176 eat.
1424 1134 1485 1183 nte.

189 1230 297 1287 domini
317 1235 374 1287 etc.
423 1223 532 1288 Verum
554 1224 662 1286 domini
685 1223 732 1286 ille
757 1225 849 1286 irater
869 1225 905 1286 ob
923 1244 1105 1285 communem
1130 1222 1345 1300 educationem,

191 1348 249 1390 nou
270 1338 391 1403 natura,
423 1328 475 1390 sed
491 1327 585 1410 gratia
607 1338 740 1390 vocatur.
785 1323 862 1388 Nam
884 1323 980 1388 Maria
1000 1347 1065 1387 curn
1084 1323 1349 1409 losepboconiun-

193 1439 240 1491 cta
258 1428 313 1491 viri
330 1450 407 1491 uxor
423 1450 489 1492 esse
506 1430 675 1506 videbatur,
700 1449 764 1490 cum
782 1428 891 1491 nullum
904 1428 982 1490 inter
1000 1427 1080 1511 ipsos
1096 1448 1251 1511 corporum
1269 1448 1347 1488 com-

193 1531 332 1594 mercium
362 1531 531 1595 interesset.
585 1529 634 1594 Ex
659 1551 717 1614 quo
745 1529 792 1592 illa
821 1527 934 1612 losepbi
960 1531 1083 1593 liliorum
1107 1551 1172 1591 cum
1199 1529 1346 1591 salvatore

196 1632 420 1718 propinquitatis
441 1634 563 1696 affinitas
584 1644 630 1695 est
649 1642 733 1708 nata,
766 1652 841 1714 quae
868 1635 1027 1694 l'rateruam
1047 1631 1270 1716 appellationem
1296 1632 1347 1692 ob-

195 1736 320 1813 tineret,
346 1735 391 1797 vel
411 1756 444 1798 ea
465 1737 561 1818 potius
579 1733 795 1798 tracessitudine
817 1744 1000 1796 censeretur.
1048 1732 1088 1796 Ut
1107 1735 1183 1796 enirn
1204 1731 1346 1818 Iosephus

190 1837 273 1922 ipse,
306 1839 375 1900 licet
395 1838 465 1899 nibil
491 1838 611 1899 baberet
636 1858 700 1899 cum
726 1835 882 1898 salvatoris
909 1837 1069 1898 secundum
1096 1858 1213 1899 carnem
1233 1837 1347 1920 origine

191 1962 363 2017 commune,
388 1951 468 2002 certa
490 1949 585 2001 tamen
604 1938 806 2022 providentiae
825 1938 939 2001 ratione
957 1940 1022 1999 loco
1042 1940 1130 2022 patris
1149 1949 1194 2000 est
1212 1939 1345 2016 habitus3

191 2041 432 2125 quemadmodum
462 2038 559 2104 Lucas
591 2040 770 2124 evangelista
797 2042 832 2102 tle
853 2040 1002 2103 salvatore
1030 2040 1092 2123 ipso
1118 2050 1259 2119 testatur,
1293 2045 1488 2119 Occursant.

191 2156 269 2217 mat,
303 2144 413 2227 inquit,
436 2147 542 2223 filabo,
576 2155 608 2202 ut
623 2145 803 2216 credebatur,
837 2146 948 2223 Iosepd.
997 2139 1056 2206 Sed
1075 2139 1216 2204 etMaria
1233 2142 1295 2227 ipsa
1314 2145 1342 2207 il·

189 2245 247 2308 lum
275 2246 426 2329 alloquens
449 2245 478 2306 in
502 2246 655 2328 evangelio
676 2243 776 2308 Lucae
798 2246 873 2307 idem
899 2245 1025 2321 asserit,
1057 2248 1132 2304 Eece
1153 2267 1205 2323 ego
1222 2257 1250 2306 et
1260 2258 1346 2328 poter
1365 2263 1398 2308 u.
1411 2264 1433 2320 a,
1446 2266 1478 2310 tv.

192 2358 257 2408 tuns
278 2351 403 2408 dolentes
425 2348 627 2426 quaerebamus
647 2359 683 2406 te.
732 2344 807 2429 Quis
826 2348 915 2431 igitur
933 2344 1088 2431 losepbum
1109 2347 1215 2408 domini
1235 2358 1344 2432 patrem

191 2450 298 2513 audeat
313 2449 430 2526 dicere,
463 2471 603 2532 quocum
624 2449 730 2513 nullam
747 2450 899 2533 principii,
930 2460 980 2511 aut
998 2467 1122 2511 caussae
1136 2449 1280 2512 rationem
1297 2451 1347 2514 ba-

189 2550 294 2630 bebat,
326 2574 391 2615 cum
408 2553 573 2615 incarnatio
591 2553 654 2637 ipsa
671 2551 735 2614 siue
754 2552 830 2614 virili
849 2551 963 2615 semine
981 2553 1110 2635 perlecta
1130 2551 1346 2616 adniinistrata·

193 2675 249 2737 que
270 2655 378 2716 luerit?
423 2651 502 2730 Sed,
536 2656 612 2737 quod
630 2653 830 2738 providentiae
847 2654 922 2717 ratio
940 2654 1121 2738 postulabat,
1146 2675 1180 2716 ea
1199 2655 1286 2718 rebus
1302 2666 1348 2718 est

190 2775 256 2817 sors
280 2766 367 2838 atque
390 2756 518 2818 conditio
542 2757 661 2820 tributa.
1239 2827 1241 2834 ¹

275 2854 379 2918 Redeo
396 2857 431 2919 ad
451 2854 586 2921 iacobum
604 2860 700 2937 illum,
725 2879 809 2942 quem
826 2856 968 2943 losepbus
985 2880 1079 2922 auitos
1098 2861 1161 2945 plus
1179 2860 1275 2925 miuus
1294 2884 1346 2926 na·
1364 2877 1502 2946 Capvnt.

191 2968 238 3020 tus
252 2954 312 3019 XL
327 2959 439 3041 genuit.
485 2958 559 3024 Post
582 2961 658 3025 bunc
673 2962 747 3024 alins
766 2961 792 3023 ei
811 2961 886 3025 lilius
911 2962 1060 3040 nascitur,
1091 2962 1136 3025 cni
1157 2961 1222 3026 lose
1241 2987 1347 3029 nomeu

192 3059 257 3122 luit.
304 3061 372 3123 lnde
392 3059 522 3146 Symeon
546 3061 703 3142 acludas,
736 3065 812 3127 tiliae
833 3085 904 3127 vero
929 3065 1021 3140 duae,
1055 3061 1344 3132 MariaetSalome.

193 3159 271 3224 Tum
297 3174 410 3226 mortua
437 3186 531 3229 uxore
554 3167 651 3230 incultis
673 3180 739 3253 post
762 3168 846 3230 avinis
868 3169 973 3229 viduus
996 3163 1121 3229 Mariam
1147 3168 1248 3246 duxit,
1280 3193 1344 3234 cuni

191 3262 421 3346 octogesimum,
453 3278 539 3350 atque
567 3291 602 3332 eo
629 3271 752 3355 amplius
777 3290 884 3332 annum
909 3270 1067 3352 attigisset.
1119 3267 1266 3350 Mariam,
1301 3272 1346 3336 in-

191 3387 294 3450 quam,
318 3367 345 3429 id
362 3369 468 3430 aetatis
483 3371 606 3453 accepit,
632 3383 662 3435 ut
677 3372 861 3455 evangelium
879 3383 990 3435 riarrat.
1038 3377 1105 3434 Cam
1121 3385 1210 3446 esset,
1236 3373 1342 3457 inquit,

192 3472 360 3547 desponsata
384 3474 489 3531 Μανία.
544 3470 613 3535 Νοιι
641 3473 728 3552 dicit,
761 3470 836 3536 Cum
863 3475 1023 3559 nupsisset.
1080 3473 1158 3538 idem
1184 3475 1240 3538 alio
1265 3478 1343 3556 loco,

191 3571 256 3631 Non
278 3576 411 3649 cognonit
431 3575 520 3632 vllam.
568 3570 654 3637 Subit
679 3597 751 3638 vero
774 3576 839 3639 illos
863 3599 966 3640 omnes
985 3578 1141 3656 admirari,
1173 3578 1221 3661 qui
1239 3600 1344 3661 pravas

192 3673 331 3755 quasdam
348 3672 521 3737 occasiones
539 3695 575 3736 ac
590 3676 704 3759 speeies
721 3688 872 3760 captantes
896 3700 997 3742 eorum
1017 3701 1091 3763 quae
1117 3680 1186 3742 nibil
1205 3682 1281 3744 seire
1301 3695 1346 3746 at·

117 3799 119 3802 ’
191 3774 265 3837 tinet
283 3796 404 3838 caussas
430 3776 626 3859 investigant,
660 3798 694 3838 ac
711 3799 786 3860 quae
806 3780 922 3843 minime
942 3784 1149 3863 perscrutanda
1166 3795 1234 3846 sunt
1250 3785 1345 3869 iuqui-

191 3889 279 3956 runt,
311 3888 341 3939 et
355 3899 371 3939 a
387 3878 564 3941 necessariis
582 3880 671 3941 rebus
691 3882 725 3941 ad
741 3880 846 3944 studeas
863 3883 1051 3964 quaestiones
1068 3905 1136 3947 sese
1155 3898 1343 3968 convertunt,

192 3991 225 4044 ut
239 4001 279 4042 ex
296 4001 329 4043 ea
348 4003 421 4064 quae
439 3981 548 4043 sanctis
566 3980 724 4065 imponitur
738 3981 898 4066 ignominia
915 3985 1093 4048 infidelitatis
1112 3989 1246 4051 exomni
1263 4002 1344 4074 parte

190 4103 227 4146 ac
245 4083 444 4168 blasphemiae
462 4085 620 4168 perniciem
642 4096 729 4168 atque
751 4082 875 4148 exitium
899 4086 1068 4170 importent.
1114 4085 1264 4170 Quocirca
1287 4093 1345 4177 pri·

190 4205 268 4248 mum
295 4187 360 4248 illus
383 4189 425 4249 rei
452 4185 547 4250 series
577 4197 662 4270 atique
692 4187 763 4250 ordo
793 4189 854 4271 ipse
882 4189 1042 4251 convincit.
1096 4188 1183 4273 Quod
1213 4195 1344 4280 inprimis

192 4318 219 4368 id
244 4321 407 4373 admiratione
437 4321 539 4389 (liguum
565 4332 604 4373 est
627 4324 754 4391 quomodo
787 4302 846 4375 runt
860 4343 923 4392 quae
935 4325 1079 4393 inquirenda
1095 4345 1146 4378 non
1162 4339 1220 4380 sunt
1232 4338 1282 4383 cell.
1299 4334 1344 4383 Pe-

193 4405 284 4454 pravae
302 4400 433 4458 captantur
451 4391 607 4453 occasiones,
633 4392 749 4460 quodque
783 4394 863 4443 tarius
878 4394 954 4444 suasit
970 4390 1007 4453 cl<
1019 4395 1045 4448 αἱ
1061 4413 1134 4463 npop.
1154 4402 1178 4450 5.
1194 4400 1217 4452 οἰ
1233 4401 1345 4468 πονηροὶ,

193 4472 280 4506 eorum
292 4475 387 4509 caussas
400 4469 540 4509 scrutentur
552 4459 672 4522 homines,
691 4479 753 4529 quo·
788 4461 832 4514 nob
849 4465 902 4514 κτλ.

192 4542 247 4576 rum
269 4527 349 4576 nullus
371 4537 408 4577 est
432 4545 505 4588 ustis,
530 4538 555 4577 et
577 4529 603 4578 in
621 4547 650 4580 eu
668 4531 750 4597 inqui·
