3096 5070
371 327 509 379 rinnau
526 326 591 378 nro.
605 328 650 380 ιιι.
663 327 748 380 rom.
760 328 779 378 ι.
797 325 897 380 naen.
911 327 1032 380 nxxru.
1241 315 1278 382 81

125 458 208 512 eatur
224 468 300 532 quae
317 467 356 512 ex
376 446 456 510 buxo
473 446 612 510 labrioata
633 458 696 521 est,
728 457 759 511 et
779 459 877 511 tamen
902 446 1048 511 communi
1067 449 1188 531 quadam
1212 449 1284 513 abu·

123 549 206 614 sione
233 551 315 616 vocis
340 549 406 613 bine
433 551 467 611 ad
493 548 603 633 reliqua
631 550 658 611 id
685 571 779 634 genus
808 571 881 613 uasa
909 550 1104 628 transfertur,
1140 573 1216 637 qnae
1245 575 1285 616 rx

123 655 257 740 plumbo,
289 674 378 731 aere,
411 652 506 714 aliave
533 652 654 714 materia
681 655 755 716 laeta
782 664 862 716 suot.
909 648 1058 734 Qnoeiroa
1082 674 1139 715 uon
1165 655 1284 738 perinde

124 757 152 820 iu
174 758 219 821 dei
237 758 295 821 lilio
311 755 511 840 accipiendum
530 753 599 816 illud
616 764 680 831 est,
712 766 744 817 nt
760 776 825 817 eum
849 753 972 832 dieitur,
1006 759 1063 833 (lai
1074 761 1177 836 genm't
1191 760 1285 820 rtr'llnr

122 865 215 935 rorr‘r,
249 860 325 945 quod
352 857 470 920 minime
486 856 520 917 ad
540 855 733 919 substantiam
751 855 842 941 ipsam
863 855 990 942 pertinet
1009 859 1129 942 (quippe
1146 879 1199 943 per
1214 859 1285 923 alru-

124 983 188 1025 sum
206 963 289 1025 roris
308 961 362 1022 boe
384 959 448 1021 loeo
469 969 569 1042 partus
586 979 620 1021 ae
638 958 839 1042 generationis
861 980 966 1022 nornen
992 961 1027 1022 ad
1053 961 1187 1023 ellectum
1212 983 1285 1044 opos

123 1067 335 1141 transfertur),
368 1060 555 1144 nequeotin
572 1060 629 1123 illis
650 1061 766 1140 verbis,
798 1064 887 1123 Fr'lr‘or
905 1066 1180 1142 genur'etemnltam'
1200 1065 1282 1148 (nam
1298 1080 1424 1138 arnna

124 1178 154 1228 et
172 1166 226 1227 boo
244 1165 272 1227 in
289 1165 354 1226 loeo
374 1161 493 1245 perinde
519 1162 661 1226 abusione
688 1164 769 1226 noeis
786 1165 821 1227 nd
842 1163 1077 1227 benevolentiam
1097 1176 1126 1228 et
1144 1165 1285 1229 bonorem

124 1267 345 1349 siguilieandum
362 1264 533 1329 uocabulum
551 1264 619 1327 illud
636 1264 821 1347 adhibetur),
847 1287 941 1350 neque
957 1276 988 1330 ut
1006 1267 1035 1329 in
1053 1267 1108 1330 boo
1126 1267 1204 1346 loeo,
1229 1273 1284 1331 Dr-
1308 1286 1387 1384 tpupp

125 1371 167 1428 dit
181 1373 222 1429 er'r
235 1381 399 1449 potestatem
413 1370 497 1448 stum
518 1372 566 1429 der'
578 1370 655 1448 fieri
673 1369 765 1449 (quod
786 1368 901 1450 quidem
920 1370 954 1432 od
974 1379 1128 1433 erraturae
1145 1371 1283 1434 virtutem
1333 1371 1341 1396 ’

125 1480 153 1532 et
171 1472 313 1554 quandam
332 1471 376 1534 dei
393 1470 584 1533 imitationem
602 1470 707 1533 relarri
724 1471 894 1552 corruenit):
921 1493 978 1534 non
998 1475 1120 1551 endem,
1153 1473 1283 1558 iuquam,

126 1574 210 1635 modo
228 1574 264 1636 de
279 1573 366 1636 urrieo
388 1573 434 1635 dei
458 1573 519 1634 lilio
537 1572 764 1636 existimandum
784 1572 868 1635 nobis
885 1584 947 1653 est,
981 1577 1032 1639 sed
1058 1575 1174 1661 proprie
1194 1577 1285 1638 lilium

124 1694 191 1739 esse
208 1676 327 1754 dietum,
348 1685 447 1759 utpote
465 1675 512 1759 qui
529 1675 610 1738 solos
629 1695 667 1737 ex
683 1674 747 1738 solo
767 1685 861 1760 patre,
887 1675 1039 1761 eidemque
1058 1687 1162 1741 natura
1180 1677 1284 1741 similis

124 1778 162 1840 sit
184 1777 320 1863 genitus,
343 1778 428 1842 ouius
451 1788 481 1841 et
502 1778 615 1842 dicatur
638 1787 668 1839 et
690 1777 871 1862 intelligatur
893 1799 960 1843 esse
985 1780 1075 1846 tilius.

209 1945 270 2011 lanu
287 1947 312 2011 si
332 1958 485 2032 propterea
500 1949 575 2032 quod
592 1968 629 2012 eo
646 1958 801 2034 penetrare
817 1947 939 2012 bumana
959 1949 1034 2013 ratio
1050 1961 1196 2034 nequeat,
1221 1971 1285 2014 eam
1298 1956 1361 2025 carp.
1380 1959 1422 2008 vt.

124 2049 154 2113 in
171 2070 239 2113 sese
255 2049 450 2130 cognitionem
467 2049 606 2112 iulorrnet
621 2050 763 2135 quispiam
783 2061 814 2113 ut
832 2051 1009 2135 passionem,
1034 2064 1083 2116 aut
1096 2052 1283 2129 divisionem,

125 2162 176 2215 aut
202 2153 374 2236 profluuium
398 2152 514 2235 aliquod
543 2153 616 2237 patri
639 2153 822 2216 tribuendum
849 2161 948 2237 putet,
981 2154 1007 2217 si
1031 2165 1197 2240 contempta
1219 2155 1288 2219 lidei

125 2255 244 2336 regula,
276 2275 351 2339 quae
367 2253 413 2339 pie
433 2255 468 2316 de
487 2265 568 2339 patre
586 2276 620 2318 ae
641 2255 702 2317 utto
719 2255 845 2338 rogitat,
876 2256 1019 2319 rationem
1038 2277 1054 2320 a
1073 2256 1156 2319 nobis
1172 2257 1285 2340 exigat,

127 2357 256 2420 uicissim
281 2356 317 2419 ab
337 2378 373 2419 eo
392 2358 572 2441 reposcenda
599 2357 675 2420 ratio
693 2367 758 2434 est,
793 2357 938 2440 quomodo
958 2357 988 2419 iu
1004 2379 1090 2421 eruce
1109 2359 1232 2421 suffixus
1248 2359 1287 2422 sit

127 2460 216 2537 deus,
251 2469 310 2522 tour
334 2482 391 2544 quo
417 2471 502 2544 puoto
526 2458 691 2542 evaugeliei
715 2460 862 2543 praeconii
884 2460 1024 2539 sturltitia,
1057 2481 1132 2544 quiae
1155 2463 1235 2523 rudis
1253 2483 1288 2524 ae

129 2563 205 2625 nulla
233 2563 458 2626 ratiocinatione
479 2561 548 2625 rriaa
574 2563 648 2647 apud
674 2561 739 2625 illos
758 2572 899 2624 errrsrtur
923 2562 970 2646 qui
992 2562 1020 2626 iu
1042 2562 1221 2625 boemundo
1241 2584 1289 2624 sn-

129 2665 242 2747 pientes
263 2685 329 2728 esse
346 2665 499 2742 uidentur,
534 2664 696 2748 sapientior
717 2664 753 2726 sit
779 2662 956 2727 bominibus.
1002 2661 1086 2746 Quos
1105 2666 1190 2727 etiarn
1210 2665 1291 2726 ιιιιΙΙο

131 2767 159 2828 iu
178 2767 244 2830 loeo
262 2766 341 2829 duuit
357 2768 526 2852 apostolus,
558 2767 606 2850 qui
624 2766 732 2829 uirtute
755 2787 789 2828 ao
808 2764 936 2851 potentia
952 2765 988 2829 ab
1006 2767 1085 2829 omni
1104 2766 1291 2851 syllogismo·

131 2887 194 2930 rum
214 2867 310 2932 aliena
336 2871 401 2931 luco
424 2869 641 2932 dialecticorum
667 2868 795 2932 omnium
814 2869 987 2953 sapientiam
1009 2869 1147 2931 stultitiae
1172 2870 1290 2931 danma-

131 2968 184 3032 vit.
230 2967 282 3033 Siu
299 2972 376 3034 euim
393 2972 537 3056 loquitor:
565 2976 636 3033 Veni
649 2976 811 3051 mysterium
825 2974 874 3031 der·
885 2972 962 3032 oodr'r
977 2976 1128 3045 nantibus,
1153 2979 1444 3034 noncum1.cm.t‚1t.

129 3076 268 3152 raptemur
290 3079 443 3148 ammaum,
475 3086 508 3135 nt
524 3096 580 3135 non
599 3085 749 3135 emeretur
765 3094 840 3134 erun
858 3076 975 3134 Cdrr'rti.
1023 3070 1222 3154 Quamobrem
1239 3074 1287 3158 qui

130 3175 278 3249 sermonis
305 3176 447 3259 sapientia
474 3177 565 3239 iratus
592 3175 724 3261 mysterii
750 3174 826 3238 illius
852 3175 996 3237 rationem
1020 3175 1166 3260 postulat,
1199 3177 1287 3238 etad

129 3276 270 3341 stultitiae
289 3276 452 3340 conuictam
471 3278 547 3341 illam
568 3278 741 3362 sapientiam
764 3276 928 3362 adscriptus
946 3288 1010 3354 est,
1042 3277 1184 3364 mysterio
1202 3277 1287 3340 lidem

131 3379 265 3464 abroget.
312 3377 555 3465 Quandoquidem
571 3377 681 3444 Paulus
698 3379 845 3443 sermonis
863 3377 1025 3463 sapientiae
1041 3378 1150 3442 diffisus
1169 3389 1232 3454 est,
1257 3388 1290 3441 ut

132 3499 168 3540 ne
186 3477 297 3545 Christi
314 3504 389 3546 crux
403 3504 497 3547 vacua
510 3483 694 3546 redderetur.
740 3480 826 3564 Quod
851 3481 875 3543 si
892 3481 998 3565 aliquid
1013 3501 1048 3543 ea
1066 3482 1101 3543 de
1118 3501 1150 3542 re
1168 3500 1289 3564 respou-

132 3578 198 3655 ἀει,
221 3602 279 3644 uon
297 3583 324 3645 id
343 3605 382 3647 ex
402 3585 458 3648 ista
473 3583 620 3648 sermonis
635 3582 777 3669 sapientia
796 3582 880 3662 lacit,
912 3584 963 3646 sed
982 3583 1009 3646 vi
1029 3583 1152 3668 quadam
1171 3580 1290 3643 ratioci-

130 3681 260 3745 nationis
279 3696 402 3766 experte
421 3686 603 3749 dialeotioam
623 3707 738 3749 omnem
759 3684 892 3769 peritiam
914 3683 1083 3747 stoliditatis
1107 3682 1288 3745 convincens

130 3782 166 3847 ad
184 3802 286 3847 eornm
304 3786 351 3867 qui
370 3788 569 3867 avarrgeliaum
589 3787 776 3870 praeconium
797 3786 951 3848 admittunt
967 3785 1091 3847 salutem
1112 3782 1180 3845 nibil
1206 3803 1290 3868 prae-

86 3913 87 3916 *
132 3895 177 3948 ter
195 3884 282 3949 fidem
301 3886 492 3950 adlribendom
519 3898 609 3971 putat.
654 3885 760 3970 Neque
783 3908 856 3951 uero
875 3886 1039 3971 quaestioni
1060 3885 1099 3948 illi
1118 3886 1287 3969 respondet,

131 4009 254 4072 quonam
280 3998 365 4073 paeto
388 3988 477 4051 lilium
502 3998 583 4073 pater
602 3985 675 4050 eitra
699 3989 864 4071 passionem
887 3989 1005 4070 gignat,
1041 4008 1077 4049 ue
1102 3987 1290 4072 proprietatis

130 4090 200 4169 lilii,
231 4112 317 4175 quum
343 4087 518 4174 Unigenitns
540 4112 557 4154 a
577 4100 659 4174 patre
684 4087 790 4168 trabit,
823 4091 994 4175 mysterium
1019 4088 1107 4152 iuune
1131 4091 1286 4169 reddatur3

130 4214 232 4257 verum
259 4192 442 4278 prudentium
470 4192 617 4256 bominum
639 4191 756 4254 stultam
779 4189 969 4276 sapientiam,
1003 4191 1055 4271 (de
1074 4213 1129 4276 qua
1148 4193 1288 4277 seriptum

164 4364 188 4414 5·
214 4380 252 4431 γρ.
276 4358 379 4418 ἀπιστεῖ
398 4362 444 4432 τῷ.
479 4367 598 4415 Petuntur.
625 4366 699 4415 Recte.
733 4361 855 4413 habeatur
868 4359 1012 4411 lider'relut
1026 4371 1144 4428 suspecto
1158 4363 1223 4413 eirca
1235 4378 1293 4429 rny-

132 4434 260 4484 carneum
279 4437 345 4484 uertit
367 4431 416 4494 Qui
437 4430 513 4499 igitur
534 4431 559 4482 in
576 4430 698 4499 rapientia
730 4431 849 4490 sterium,
876 4428 975 4509 quaudo
991 4429 1067 4480 etiam
1084 4431 1126 4480 ille
1144 4447 1194 4481 non
1213 4428 1294 4480 confi-

130 4500 250 4551 sermonis
274 4501 349 4568 raigit
366 4501 527 4568 mysterium,
553 4517 608 4551 enm
624 4499 690 4550 inda·
728 4500 765 4550 dit
788 4499 813 4549 in
837 4497 958 4566 sapientia
981 4499 1118 4560 sermonis,
1145 4497 1233 4548 Paulus
1251 4496 1294 4546 in-

130 4578 199 4620 tanta
221 4568 342 4637 rapientia
364 4579 461 4637 partem
483 4569 592 4632 habeor,
621 4568 693 4620 eine
728 4585 801 4639 quiana
818 4573 868 4620 rrtt.

182 4666 273 4725 corpor
286 4666 421 4714 {iterarent
429 4664 458 4714 11.
467 4669 488 4714 1.
1071 4675 1091 4735 6
