3066 5078
268 257 330 321 328
692 265 1003 318 ελνατιτειειιιιιιι

269 394 329 452 τοῖν
340 385 510 471 ’Λρειανιῦν
551 380 752 466 ’Λναβαπτίζει
767 383 800 447 δέ
815 381 927 459 αῦτοῦς
943 385 984 458 είς
999 380 1094 466 ὄνομα
1109 391 1188 448 θεοῦ
1205 382 1354 465 ἀκτίστου,
1378 387 1434 451 καὶ

270 492 312 565 είς
327 486 421 570 ῦνομοι
437 489 506 552 υἱοῦ
522 488 726 569 κεκιισμένου,
757 487 809 550 καὶ
825 488 866 562 είς
882 483 976 567 όνομα
998 484 1165 568 πνεύματος
1187 484 1360 572 ἀγιαστιιιοῦ
1379 492 1434 554 καλ

269 587 331 656 όπό
358 596 412 654 τοῦ
436 590 626 670 κεκτισμένου
652 591 721 673 υίοῦ
743 590 923 663 κτισθέντος.
957 586 1025 651 Ἵνα
1045 588 1078 653 δέ
1099 586 1132 654 τό
1152 595 1214 654 πᾶν
1235 593 1355 672 κυβείας
1380 593 1434 655 καλ

268 693 403 775 θυμέλης
424 693 474 756 καλ
500 698 611 775 σκηνῆς
632 689 665 756 τό
685 690 876 776 ἐργαστήριον
900 687 997 755 αῦτεῦν
1019 690 1148 772 ὀφθείη,
1178 689 1223 757 ότι
1246 690 1345 758 84οάιι
1371 696 1435 760 έστι

269 799 367 870 πίστις
389 791 411 876 ἦ
435 790 485 857 ἀπ’
511 788 610 858 αῦτῶν
633 794 895 878 καταγγελλομένη,
932 788 1021 872 ἀλλά,
1055 792 1159 876 σχεδόν
1189 796 1296 873 εἰπεῖν,
1331 800 1435 878 μίμων

270 899 480 981 ίργαστιίριον,
520 902 555 940 ³⁶
570 893 815 977 διεβεβαιαίσαντό
839 921 915 972 τινες
938 895 984 962 ότι
1008 893 1083 961 κατά
1110 905 1240 979 κεφαλῆς
1264 895 1335 973 τοῦς
1361 896 1435 964 ἀνα-

270 1000 504 1083 βαπτιζομένους
526 1002 671 1080 βαπτίζει,
704 995 819 1073 Μτοῦς
838 997 935 1073 πόδας
958 996 1021 1062 ἀνα
1043 1000 1095 1062 καί
1114 997 1168 1080 τήν
1188 998 1319 1081 κεφαλὴν
1338 998 1436 1078 κάτω,

269 1103 321 1166 καὶ
347 1099 442 1176 οὕτως
461 1100 661 1183 Μένωμότως
679 1100 808 1183 βιάζεται
824 1097 933 1176 αῦτοῦς
956 1097 1079 1183 όμόσαι,
1109 1099 1151 1183 μὴ
1168 1101 1360 1185 ἀποπηδῆσαι
1379 1112 1437 1186 τῆς

271 1199 323 1271 ἀπ’
344 1201 438 1268 αῦτοῦ
462 1205 702 1286 μεμηχανημένης
725 1200 864 1284 τοιαύτης
886 1204 1032 1288 ιιίρέσεως.
1080 1205 1205 1267 88Φασὶ
1222 1204 1255 1268 δέ
1268 1203 1319 1269 τόν
1338 1204 1438 1272 αὐτόν

270 1305 398 1386 Ἀέτιον,
430 1303 501 1388 μετά
518 1303 572 1387 τὴν
589 1304 722 1388 τελευτὴν
740 1309 949 1370 Κωνσταντίου
972 1302 1032 1370 όπό
1048 1302 1210 1371 Ἰουλιαναῦ
1229 1312 1282 1371 τοῦ
1299 1307 1436 1394 βασιλεῦ-

271 1431 378 1484 σανιος
396 1405 602 1490 ἀνακληθίντα
620 1416 673 1490 τῆς
691 1411 821 1494 έξορίας,
852 1410 895 1473 έτι
918 1405 989 1473 ὄντα
1016 1405 1157 1473 διόκονον
1170 1415 1225 1491 τῆς
1240 1406 1333 1474 αῦτοῦ
1353 1413 1434 1496 αίρέ-

272 1533 364 1589 σεως,
387 1506 448 1574 όπό
465 1517 519 1591 τῆς
536 1508 630 1575 αῦτοῦ
647 1512 787 1596 αίρέσεας
801 1509 968 1576 ἐπισκόπου
985 1511 1028 1585 είς
1043 1509 1211 1593 ἐπισκοπὴν
1226 1520 1388 1596 προῆχθακ

361 1619 461 1676 Ταῦτα
474 1614 505 1678 δέ
519 1616 561 1689 είς
578 1609 657 1695 ἡμᾶς
676 1611 803 1679 ἐλθόντα
815 1612 931 1678 Ἀετίου
948 1614 999 1676 καί
1014 1617 1074 1677 τῶν
1089 1609 1183 1678 αῦτοῦ
1201 1622 1361 1698 μαθητόν,
1385 1613 1436 1693 οίς

271 1718 329 1781 τισί
340 1739 418 1790 τινες
427 1713 606 1798 ’Λνομοίους
619 1717 760 1780 ἐπέθεντο
778 1713 888 1797 ὄνομα,
918 1713 968 1779 διά
983 1712 1016 1779 τό
1030 1717 1073 1781 έτι
1090 1714 1297 1801 περισσότερον
1310 1724 1364 1800 τῆς
1378 1727 1437 1784 τοῦ

271 1815 387 1901 Ἀρείου
410 1819 633 1902 πεφρονηκέναι
659 1816 753 1883 αὐτόν
777 1819 917 1899 αἱρέσεως
939 1819 1119 1902 δεινοτέρας.
1161 1817 1270 1884 “Ama
1297 1818 1374 1885 κατά
1398 1805 1433 1887 τό

272 1917 403 1985 δυνατόν
419 1926 603 2005 λεπτομεροῦς
619 1923 651 1985 ἐν
664 1927 728 2007 θεῷ
744 1918 955 1998 διεξελθόντες,
987 1918 1083 2005 όίςπερ
1105 1918 1260 1987 πολῦπουν
1275 1921 1435 1988 σκολόπεν-

272 2025 347 2108 δραν
370 2024 421 2086 καλ
440 2025 541 2088 ίοῦλον
565 2021 598 2088 τό
617 2021 801 2105 καλούμενον
828 2021 950 2108 ἑρπετόν
971 2029 1012 2111 τῷ
1025 2029 1079 2105 τῆς
1095 2022 1240 2106 ἀληθείας
1256 2028 1326 2091 ποδί
1346 2051 1432 2090 κατα-

272 2123 470 2207 πατήσαντες,
502 2127 552 2191 καί
576 2133 613 2214 τῇ
633 2132 687 2190 τοῦ
705 2132 886 2210 μονογενοῦς
902 2124 1032 2214 ἀληθινῇ
1054 2122 1196 2216 όμολογίρι
1210 2132 1428 2213 συντρίψαντες,

274 2226 416 2309 συνήθως
439 2234 505 2316 θεῷ
525 2225 759 2312 εὐχαριστοῦντες
778 2226 833 2310 τὴν
847 2225 940 2292 αῦτοῦ
957 2227 1081 2310 δύναμιν
1103 2227 1278 2314 ἐπαγόμενοι
1301 2231 1342 2303 τίς
1355 2226 1425 2308 βοή-

146 2355 201 2402 ρις.
216 2343 262 2389 m
276 2339 364 2395 θειαν
385 2337 439 2413 τῆς
454 2327 597 2415 ἡμετέρας
621 2330 791 2408 ἀσθενείας,
820 2332 870 2395 lul
887 2327 940 2406 τός
957 2331 1023 2413 ἑξῆς
1040 2327 1268 2412 όπολειφθτίσας
1281 2327 1355 2393 κατά
1370 2325 1422 2409 τήν

273 2432 401 2515 δύναμιν
415 2430 502 2517 ἡμῶν
520 2435 571 2498 καὶ
586 2431 754 2515 κατάληψιν
772 2428 857 2514 ἡμῶν
874 2436 979 2514 ἴωμεν,
1001 2424 1026 2498 ἀ
1043 2433 1232 2514 ἐπιπόθητοι,
1254 2427 1345 2494 αῦτόν
1360 2431 1423 2495 έπε-

273 2534 462 2617 ιιαλοῦμενοι,
486 2532 527 2611 οίς
545 2538 632 2617 έφην,
654 2533 706 2599 τόν
721 2533 876 2617 δεσπότην,
898 2544 1094 2620 συμπαρεῖναι
1109 2532 1175 2618 ημῖν
1190 2530 1267 2618 πρός
1282 2529 1338 2615 τὴν
1354 2534 1425 2597 ἐκεί.

273 2664 334 2704 ναν
352 2635 503 2716 ἀπόδειξιν
518 2640 568 2703 καλ
587 2636 640 2720 τήν
662 2635 738 2722 πρός
758 2635 866 2712 αῦτοῦς
884 2635 1070 2723 ἀνατροπὴν,
1101 2640 1152 2702 ’ίνα
1165 2637 1197 2702 έν
1214 2641 1251 2724 τῇ
1270 2634 1364 2699 αῦτοῦ
1379 2638 1430 2699 δυ-

271 2740 359 2822 ’νάμει
374 2744 576 2823 δυνηθείημεν
592 2746 744 2825 πληρῶσαι
763 2738 796 2804 τό
816 2738 981 2826 ἒπάγγελμα
998 2746 1051 2821 τῆς
1070 2736 1155 2822 ἡμῶν
1170 2737 1364 2823 σμικρότητος
1381 2738 1431 2802 κοιλ

272 2841 463 2929 βραχύτητος.

367 2982 515 3036 *ΤΕΛΟΣ
534 2981 607 3036 ΤΟΥ
624 2981 776 3036 ΠΡΩΤΟΥ
793 2981 918 3037 ΤΟΜΟΥ
936 2980 1008 3036 ΤΟΥ
1024 2979 1162 3035 ΤΡΙΤΟΥ
1178 2978 1335 3033 ΒΙΒΔΙΟΥ.

304 3181 346 3238 34.
365 3180 411 3239 οῦκ
427 3185 481 3240 ἔστι
494 3190 562 3239 codd.
582 3205 639 3240 ινει.
653 3194 756 3252 uterque.
791 3183 832 3242 οῦ·
868 3192 973 3251 spicum.

272 3254 326 3309 ιιέτι
343 3258 399 3306 edin
415 3259 476 3306 libri.
899 3256 940 3308 36.
954 3253 1070 3316 καὶτοὺς
1084 3259 1168 3307 vitium
1185 3260 1218 3307 αλ
1231 3257 1288 3306 edit.
1297 3257 1379 3306 Ριλου.
1388 3256 1435 3306 Go-

304 3324 346 3375 35.
360 3326 477 3374 νοσοῦντα
492 3321 656 3390 ἐργαστήριον
671 3329 730 3375 inter
745 3331 766 3375 ιλ
780 3329 832 3379 διε·
866 3328 911 3377 λοκ.
929 3331 999 3389 τερα.

272 3384 445 3460 βτβαιιόσαντο
457 3396 483 3443 ιἰι
493 3396 547 3443 αλλ.
554 3397 630 3456 princ.
643 3397 766 3444 σελετίεοιιι
781 3409 835 3445 con·
