3096 5070
285 278 348 342 374
707 290 1023 343 ειυοτιιιειεειιιιιι

284 417 427 488 θρωπον,·
468 404 503 471 ‘0
521 408 552 472 δέ
568 405 620 473 τόν
635 407 775 493 λογισμόν
790 405 842 473 τόν
859 411 938 473 ίδιον
963 405 1148 474 ἀπεκάλυπτε
1171 416 1224 491 τῆς
1239 413 1373 485 διανοίας
1390 404 1451 491 ὅτι,

291 512 407 574 Τέλειον
421 507 584 592 ίίνθρωπον
601 511 721 593 λέγομεν
739 507 828 588 είναι,
862 513 889 575 εί
905 508 959 592 τήν
975 509 1106 592 θεότητα
1128 512 1289 593 ποιήσομεν
1311 509 1377 576 οίντί
1392 517 1451 579 τοῦ

286 620 359 690 νοῦ,
389 610 510 694 κοίτην
530 609 649 696 ισιίρκα
669 612 792 693 κοίτην
810 610 926 695 ψυχὴν,
957 609 999 688 ῶς
1016 609 1091 678 είναι
1106 614 1215 678 τέλειον
1233 611 1397 698 ἄνθρωπον
1414 618 1452 682 lx

289 711 399 797 σαρκός
420 715 471 778 καί
488 720 587 796 ψυχῆς
611 715 662 778 καί
685 712 842 796 θεότητος,
874 714 942 779 όντλ
967 723 1021 779 τοῦ
1046 722 1110 780 νοῦ.
1160 724 1220 798 Τῆς
1237 709 1292 782 οὖν
1318 724 1452 796 φιλονει-

149 847 201 891 pag.
219 832 277 878 1⁰1²·
291 821 358 893 κίας
372 821 574 902 γνωσθείσης,
596 818 646 881 καί
661 815 752 881 πολλοί
767 813 852 898 ἡμῶν
865 818 931 901 περί
946 815 1054 882 τοότου
1069 821 1295 901 διαλεχθέντων,
1318 821 1370 883 καί
1385 820 1451 888 &mi

289 927 409 1007 γραφῆς
435 919 642 1001 συστησάντων
663 918 709 984 ὅτι
734 917 788 1002 χρὴ
813 916 967 1004 ὁμολογεῖν
991 918 1026 983 τοί
1050 917 1149 985 ποίντα
1172 926 1286 996 τελείως
1307 922 1454 1003 είληφότα

289 1021 342 1089 τόν
359 1021 434 1086 θεόν
448 1020 550 1106 λόγον,
580 1025 694 1097 τελείως
709 1044 739 1085 τε
756 1024 983 1104 οίκονομηκέναι
1005 1024 1037 1087 έν
1057 1030 1093 1112 τῇ
1111 1021 1269 1111 ’ένσιίρκμ
1286 1030 1453 1114 παρουσίᾳ,

290 1127 342 1189 καί
363 1126 395 1189 έν
412 1122 568 1205 τελειότητι
582 1121 707 1206 ταύτην,
730 1124 781 1186 καί
801 1122 873 1204 μετοί
889 1123 943 1205 τὴν
960 1127 993 1190 έκ
1008 1132 1121 1208 νεκρῶν
1138 1124 1300 1190 ιἰνοίστασιν
1317 1149 1455 1208 συνηνω-

292 1228 393 1305 κέναι,
415 1230 466 1290 καί
483 1225 610 1303 ἐνδόξως
627 1224 829 1308 πνευματικὴν
846 1224 939 1309 αότήν
958 1226 1042 1308 όλην,
1070 1229 1119 1291 καί
1136 1226 1192 1292 οόκ
1208 1225 1312 1309 ι’ίλλην,
1341 1228 1397 1293 σόν
1414 1238 1454 1320 τῇ

292 1331 354 1417 ίδίηι
369 1326 490 1410 θεότητι
507 1331 540 1394 ἐν
555 1330 650 1416 έαυτῶ
665 1325 820 1411 η’νωμένην
834 1330 923 1410 ἔχειν,
951 1327 1029 1411 8τήν
1045 1328 1116 1410 ίίλην
1131 1332 1277 1394 τελείωσιν
1293 1335 1362 1412 μίαν
1378 1330 1452 1398 θεό-

290 1458 365 1513 τητα
379 1430 631 1508 αἰποτετελεκέναι,
661 1432 712 1494 καί
734 1433 913 1510 καθίζεσθαι
931 1433 963 1498 έν
984 1430 1103 1519 οὐρανῷ
1120 1433 1152 1497 έν
1170 1435 1253 1520 δεξιᾷ
1268 1437 1321 1496 τοῦ
1334 1435 1454 1520 πατρός

292 1535 341 1600 bel
362 1531 481 1616 θρόνου
505 1531 593 1613 δόξης
617 1540 672 1614 τῆς
701 1533 796 1599 αὐτοῦ
826 1531 927 1599 όίδίου
954 1533 1129 1616 κυριότητός
1154 1558 1184 1598 τε
1211 1536 1261 1598 καί
1292 1539 1452 1616 βασιλείας.

291 1634 412 1702 Λοιπόν
438 1634 599 1717 οίνέστημεν
623 1634 663 1718 μη
684 1635 854 1711 πεπεικότες
873 1633 1027 1718 οίμφότεροι
1051 1634 1086 1700 τοί
1105 1637 1178 1719 μέρη
1195 1633 1245 1702 διαί
1261 1634 1315 1719 τόν
1329 1664 1460 1723 προτετι-

292 1741 385 1823 μένην
411 1741 601 1817 φιλονεικίαν.
648 1738 799 1819 Νενόηται
822 1739 854 1803 δέ
880 1735 950 1820 ἡμῖν
973 1737 1047 1802 4ότι
1064 1734 1137 1803 α’πό
1152 1738 1260 1804 τοότον
1277 1740 1332 1823 οὐχ
1351 1743 1456 1810 ἕνεκεν

293 1848 348 1906 τοῦ
363 1847 420 1904 νοῦ
439 1840 541 1914 αὐτοῖς
562 1835 581 1905 ό
597 1838 699 1925 λόγος,
730 1838 801 1904 ιίλλιί
821 1837 881 1905 όπό
899 1847 952 1904 τοῦ
968 1847 1025 1905 νοῦ
1049 1840 1148 1925 ἕτερόν
1168 1843 1227 1906 έστι
1244 1839 1277 1908 τό
1299 1844 1453 1928 φρόνημα.

296 1942 376 2007 Ποτέ
392 1941 448 2027 γόρ
466 1939 518 2023 οόχ
538 1938 709 2026 ῶμολόγουν
722 1940 790 2009 οίίτε
806 1939 907 2025 ψυχὴν
923 1939 1014 2007 αότόν
1034 1944 1194 2024 εἰληφέναι.
1237 1941 1337 2027 Ἡμῶν
1354 1948 1387 2013 δὲ
1401 1946 1454 2012 τίν-

293 2043 532 2127 θυποφερόντων
545 2046 596 2108 καί
612 2047 772 2129 λεγόντων,
800 2051 835 2109 Τί
852 2043 908 2130 γόρ
924 2047 1003 2110 ἔστιν
1019 2043 1037 2109 ό
1051 2052 1137 2123 νοῦςς
1159 2042 1324 2112 όπόστασιν
1335 2048 1452 2114 τούτων

294 2152 421 2229 νομίζετε
436 2143 511 2213 τίνοι
527 2149 559 2212 έν
582 2153 623 2235 τῷ
638 2144 809 2235 α’νθρῶπμς
841 2146 955 2212 οόκοῦυ
970 2145 1129 2223 πολλοστός
1143 2150 1221 2214 έστιν
1235 2146 1255 2215 ό
1271 2148 1448 2236 ι’ίνθρωποςς

294 2246 357 2316 είτα
376 2249 458 2334 παροί
480 2270 556 2314 τισιν
573 2252 717 2331 ἐνομίζετο
739 2246 815 2314 εἶναι
831 2246 864 2316 τό
882 2256 1014 2331 πνεῦμα,
1046 2249 1079 2314 τό
1096 2250 1143 2314 τἰεί
1160 2254 1192 2316 έν
1204 2258 1242 2340 τῇ
1256 2256 1324 2338 θιίρ
1344 2259 1446 2340 γραφῇ

296 2355 328 2420 ίν
342 2359 383 2440 τῷ
403 2351 557 2440 ἇνθρῶπρτ
583 2349 737 2441 ᾀδόμενον.
771 2351 843 2417 Ὅτε
865 2352 899 2417 δέ
914 2354 1061 2435 ἐδείξαμεν
1080 2350 1122 2427 ῶς
1141 2346 1232 2436 οόχίί
1248 2359 1317 2427 νοῦς
1332 2354 1391 2418 έστι
1405 2350 1441 2418 τό

295 2463 429 2537 πνεῦμα,
456 2462 511 2521 τοῦ
529 2452 695 2520 α’ποστόλου
717 2462 822 2534 σαφῶς
843 2457 992 2538 λέγοντος,
1027 2462 1117 2521 Ψαλῶ
1141 2461 1181 2543 τῷ
1204 2457 1266 2533 νοῒ,
1296 2461 1384 2534 ψαλῶ
1401 2462 1444 2541 τῷ

295 2558 453 2640 πνεύματι,
484 2559 621 2623 ἐντεῦθεν
645 2559 748 2623 πολλοί
773 2557 826 2638 μέν
846 2551 922 2640 ἦσαν
941 2560 973 2622 οἱ
990 2556 1088 2643 λόγοι,
1118 2556 1173 2624 οότ
1194 2552 1391 2640 ἠδυνήθημεν
1414 2556 1449 2622 δὲ

297 2659 408 2736 αότοός
427 2669 525 2725 πεῖσαι
548 2666 796 2740 φιλονεικοῦντας.

386 3270 464 3338 Είτα
486 3272 575 3341 πόλιν
589 3275 665 3338 τισίν
683 3270 769 3356 ἡμῶν
787 3272 946 3359 λεγόντων,
981 3279 1015 3338 Τί
1029 3274 1101 3359 γόρς
1131 3272 1295 3340 όπόστασιν
1311 3272 1363 3339 τόν
1378 3280 1458 3339 νοῶν

297 3373 371 3442 είνυι
393 3378 501 3461 λέγετε,·
531 3383 621 3441 τινῶν
639 3377 671 3441 δέ
688 3375 787 3441 αότῶν
802 3375 946 3461 λεγόντων
962 3375 1002 3458 μη
1021 3373 1097 3442 εἶναι
1113 3373 1292 3455 όπόστασιν,
1322 3373 1384 3441 οίπό
1398 3383 1458 3441 τοῦ

296 3475 376 3560 ἡμᾶς
390 3481 558 3544 πεπεικέναι
573 3477 685 3554 αότοός
699 3477 745 3544 ότι
760 3477 796 3544 οό
811 3477 865 3563 χρὴ
883 3483 1010 3560 νομίζειν
1026 3477 1118 3544 αὐτόν
1134 3477 1201 3544 οότε
1216 3477 1247 3543 τό
1266 3476 1459 3560 καλούμενον

298 3578 466 3666 όνθρῶπου
480 3587 608 3663 πνεῦμα,
631 3579 681 3644 διαί
697 3579 729 3645 τό
748 3583 857 3660 εἰπεῖν,
885 3587 976 3646 Ψαλῶ
992 3588 1032 3670 τῷ
1050 3586 1114 3660 νοῒ,
1136 3587 1223 3660 ψαλῶ
1241 3581 1290 3644 καί
1305 3585 1346 3666 τῷ
1363 3580 1460 3645 πνεό·

297 3709 382 3766 μοτι,
413 3682 455 3766 μή
475 3684 599 3765 έχόντων
615 3682 714 3747 αὐτῶν
729 3680 806 3766 πρός
822 3681 910 3748 τοῦτό
927 3709 955 3748 τι
972 3685 1081 3767 λέγειν,
1104 3684 1255 3768 έλέγομεν,
1290 3679 1413 3747 Οόκοῦν
1431 3685 1463 3748 εί

298 3786 355 3851 οὐκ
375 3788 453 3851 ἔστιν
468 3783 630 3860 όπόστασις
649 3782 666 3850 ό
682 3793 770 3863 νοῦς,
799 3782 872 3850 όλλιί
887 3790 1001 3867 κίνησις
1023 3793 1077 3867 τῆς
1100 3783 1185 3868 ἡμῶν
1204 3785 1303 3866 πόσης
1324 3781 1460 3849 όποστοί-

298 3909 385 3967 σεως,
415 3895 488 3952 νοῦν
510 3889 542 3951 δέ
566 3889 659 3970 λέγετε
682 3885 734 3952 τόν
752 3886 882 3973 Χριστόν
906 3885 981 3952 κατοί
1002 3895 1091 3954 τοῦτο
1110 3887 1144 3954 τό
1161 3889 1263 3971 μέρος,
1299 3884 1379 3970 ιίίρα
1396 3879 1462 3953 οὖν

298 3989 482 4071 φαντοίζεσθε
508 3987 713 4054 ιίνυπόστατον
737 3986 812 4054 είναι
835 3987 888 4054 τόν
909 3988 1056 4074 Χριστόν,
1085 3992 1135 4055 καί
1161 3989 1253 4071 μόνον
1276 3991 1331 4064 ἕως
1349 3986 1460 4073 λόγου,

297 4096 347 4158 καί
367 4092 517 4175 δοκήσεως
538 4090 591 4174 τόν
609 4094 752 4174 ένδημίαν
776 4099 829 4175 τῆς
855 4091 1002 4177 ένσόρκου
1024 4098 1190 4178 παρουσίας
1212 4089 1303 4156 αότόν
1328 4116 1460 4176 πεποιη-

334 4265 556 4315 Gee.XX1V.-·
596 4267 615 4318 1.
634 4259 718 4332 οοίρκοι
741 4262 787 4332 τήν
810 4267 859 4328 ψυ·
894 4263 930 4324 είς
949 4263 995 4332 τήν
1016 4259 1077 4332 ὅλην
1101 4264 1245 4324 τελείωσιν,
1272 4261 1330 4329 μίαν
1347 4280 1376 4316 τε
1390 4262 1460 4320 5:6-

228 4349 230 4352 ·
297 4331 371 4402 χικήι
388 4336 437 4384 eod.
457 4335 553 4397 ίλλιειλίρ.
892 4349 963 4397 τητο,
1000 4337 1128 4385 Carnarius
1142 4337 1210 4385 υετιιί
1225 4332 1387 4399 perfectoque
1406 4333 1460 4384 ad·

331 4406 355 4452 2.
380 4405 534 4453 scribendum
553 4405 618 4452 λανδ
638 4405 708 4453 dubio
729 4401 755 4454 έν
772 4399 857 4467 σαρκὶ,
891 4401 1044 4452 ministmeee
1064 4403 1088 4452 in
1111 4403 1218 4452 adventu
1240 4401 1264 4450 in
1287 4418 1403 4460 earnem,
1432 4412 1461 4453 et

296 4475 391 4532 μτομλττ
408 4484 504 4531 sequens
517 4466 620 4534 ταύτην.
891 4467 956 4518 hanc
973 4470 997 4519 in
1017 4470 1173 4536 perfectione
1191 4469 1264 4519 etiem
1286 4479 1344 4534 post
1368 4486 1459 4520 resur-

331 4539 356 4597 ὃ.
382 4539 476 4605 ίλιροιιο
496 4537 541 4589 καί
563 4536 610 4604 τήν
632 4531 692 4606 ὅλην
715 4537 789 4606 μίαν,
816 4543 858 4588 aut
891 4538 1028 4588 rectionem
1054 4556 1083 4588 ex
1110 4538 1214 4590 mortuis
1242 4537 1398 4600 connivisse,
1431 4549 1460 4595 et
