3096 5070
389 324 522 376 rinnon
542 324 603 374 usu
617 324 661 374 111.
678 323 761 376 rou.
778 324 797 374 t.
816 322 914 374 naon.
935 322 1043 374 nxxu.
1238 305 1293 373 ‘55

223 439 361 527 Ceterum
387 465 423 506 an
447 443 561 506 libellus
584 441 640 504 iste
664 453 746 505 recte
769 463 802 505 se
825 441 948 518 babeat,
982 461 1094 520 necne,
1127 442 1226 525 legant
1244 441 1292 525 qui
1311 438 1429 510 0⁸1³·1V·

140 556 276 629 possunt,
311 556 341 609 et
356 546 403 629 qui
422 554 555 609 exactam
583 563 683 607 eorum
708 544 831 627 quaein
850 565 887 606 eo
907 542 1016 626 scripta
1038 553 1106 606 suut
1129 543 1294 627 intelligen-

139 650 208 712 tiam
235 648 342 712 babere
368 656 490 732 possunt
518 645 621 728 ecquid
647 644 676 707 in
699 644 824 708 euritii
851 645 890 706 sit
915 643 1055 706 iudicent.
1107 641 1189 706 Nihil
1215 646 1291 708 euim

139 762 340 836 praeterquam
366 747 440 832 quod
466 745 576 810 scimus
598 757 628 808 et
648 745 684 808 ad
700 768 755 809 nos
780 745 921 831 perlatum
947 756 993 808 est
1014 765 1189 808 asseverare
1212 746 1293 809 rolu-

138 873 213 916 mus.
260 851 307 914 Ac
324 850 393 912 licet
409 847 480 910 nibil
496 848 526 909 in
544 868 580 910 eo
600 845 698 909 libello
717 869 776 910 oon
798 858 908 910 castum
934 868 967 911 ac
985 847 1131 911 sincerum
1157 846 1213 924 sit,
1246 846 1294 911 vel

138 975 178 1018 ex
194 955 258 1040 ipso
279 948 466 1015 nibilominus
486 961 659 1032 argumento
678 950 726 1033 qui
746 949 821 1012 bunc
841 950 940 1032 legunt
957 960 1008 1011 aut
1024 949 1145 1013 audiunt
1162 948 1293 1032 cogitare

138 1056 247 1120 debent
263 1075 322 1117 non
341 1053 448 1114 lrustra
463 1071 516 1114 nec
533 1061 645 1114 temere
661 1051 696 1113 ad
718 1049 888 1113 baccillum
906 1050 1080 1114 defendendi
1100 1052 1145 1113 sui
1163 1050 1294 1114 uecessi-

139 1168 228 1221 tutem
245 1164 400 1217 venturum
420 1152 508 1216 luisse
529 1152 584 1215 nisi
609 1153 747 1216 nonnulla
772 1152 942 1238 protulisset
968 1174 1041 1237 quae
1065 1152 1215 1216 turbarum
1241 1152 1293 1215 ali·

139 1259 206 1342 quid
223 1256 421 1334 excitassent,
455 1265 484 1317 et
499 1276 535 1317 eo
554 1238 698 1318 bominem
725 1255 920 1318 adduxissent
936 1266 968 1318 ut
983 1255 1125 1318 dictorum
1145 1254 1294 1319 reddenda

40 1343 43 1347 ,
139 1358 214 1423 ratio
240 1357 399 1422 videretur.
445 1353 562 1419 Etenim
579 1356 642 1419 beri
659 1356 728 1420 illud
747 1357 839 1442 potuit
856 1368 887 1420 ut
905 1368 971 1443 post
987 1377 1118 1420 errorem
1137 1377 1191 1443 per
1210 1357 1293 1421 libel·

142 1461 198 1524 lom
213 1479 280 1523 sese
299 1469 457 1522 excusaret
473 1480 508 1521 ac
531 1458 710 1543 corrigeret,
743 1470 794 1522 aut
812 1470 842 1522 ut
858 1460 960 1522 eodem
984 1458 1034 1522 illo
1056 1458 1153 1522 libello
1172 1459 1211 1522 ita
1228 1479 1293 1522 ser·

139 1561 271 1625 monibus
288 1561 349 1624 suis
367 1562 463 1625 lucum
490 1562 616 1639 luceret,
648 1571 679 1623 ut
698 1580 771 1644 quae
794 1571 880 1623 antea
904 1560 1030 1624 dixisset
1052 1561 1185 1624 consulto
1207 1561 1292 1625 dissi·

136 1665 275 1740 mutaret,
301 1684 337 1726 oe
353 1663 381 1726 io
398 1663 529 1726 ordinem
547 1661 747 1748 redigeretur,
783 1662 820 1725 ab
839 1662 985 1726 curuuiuoi
1002 1662 1205 1749 episcoporum
1221 1685 1292 1727 con-

135 1787 221 1831 sessu
247 1777 277 1828 et
299 1785 412 1826 corrone
435 1764 596 1850 depositus.
648 1760 814 1847 Utcumque
838 1785 871 1826 se
894 1786 942 1827 res
964 1764 1087 1842 babeat,
1124 1766 1196 1829 baec
1223 1776 1293 1829 suut

135 1890 211 1953 quae
227 1869 263 1930 de
278 1863 423 1929 Marcello
439 1887 610 1952 comparare
626 1865 783 1950 potuimus.
830 1863 876 1929 [le
894 1888 950 1950 quo
967 1888 1032 1930 oum
1049 1867 1205 1951 aliquando
1221 1868 1291 1931 bea·

135 1980 196 2033 tum
214 1989 314 2053 papam
333 1966 527 2031 Athanasium
544 1967 796 2050 interrogassem,
821 1968 982 2031 uniusmodi
999 1989 1064 2032 eum
1082 1969 1290 2051 arbitraretur,

134 2070 183 2133 ille
200 2089 295 2153 neque
312 2069 447 2152 purgarit
462 2068 625 2147 bominem,
650 2090 744 2154 oeque
759 2091 832 2135 vero
849 2072 982 2156 asperius
997 2070 1126 2150 notavit,
1150 2072 1201 2134 sed
1218 2072 1292 2136 leoi-

136 2182 182 2234 ter
196 2171 347 2247 arridens,
381 2191 439 2232 non
462 2170 581 2233 multum
598 2170 633 2234 ab
652 2171 837 2256 improbitate
860 2173 1048 2237 abhorruisse
1069 2173 1246 2259 significavit
1261 2183 1290 2237 et

134 2272 164 2337 iu
188 2294 289 2337 eorum
313 2273 379 2335 loco
402 2273 449 2357 qui
472 2293 505 2337 se
528 2284 700 2359 purgassent
722 2273 832 2338 babuit.

218 2373 307 2439 Libet
324 2386 420 2439 autem
435 2374 482 2437 bic
502 2396 536 2437 ea
552 2375 699 2440 subiicere
718 2377 837 2460 quaein
854 2373 987 2440 Marcelli
1006 2377 1123 2461 scriptis
1137 2397 1155 2440 a
1171 2377 1290 2458 quibus·
1317 2374 1378 2444 ⁶⁸1³·
1394 2375 1426 2427 V·

133 2477 198 2541 daur
219 2477 378 2541 observata
404 2488 490 2554 sunt,
525 2498 597 2561 quae
614 2478 661 2541 isti
680 2479 920 2563 reprehendenda
939 2488 1133 2563 putaverunt,
1166 2480 1291 2544 undeet

132 2578 162 2642 iu
189 2579 314 2643 eundem
342 2580 450 2643 invecti
476 2580 644 2642 confutandi
673 2579 767 2666 gratia
790 2582 983 2666 scripserunt.
1030 2577 1214 2664 Quamquam
1241 2582 1292 2646 alii

133 2701 184 2765 pro
200 2701 236 2743 eo
252 2681 327 2765 quod
345 2681 392 2767 qui
410 2682 552 2747 adversus
562 2676 647 2746 'illum
664 2683 849 2747 commentati
867 2692 936 2746 sunt
952 2693 1053 2769 postea
1071 2681 1235 2746 contrarias
1252 2683 1288 2747 ad

133 2793 230 2866 partes
253 2782 459 2861 desciverunt,
494 2782 595 2846 borum
616 2783 746 2871 ipsorum
765 2785 984 2848 lucubrationes
1001 2786 1128 2848 refutare
1153 2783 1289 2868 aggressi

133 2895 212 2948 sunt.
258 2882 292 2948 ln
308 2883 410 2969 quibus
436 2884 570 2969 vulgatas
585 2886 650 2950 illas
667 2886 827 2950 divisiones
844 2887 985 2950 Acacium
1004 2886 1082 2950 inter
1099 2898 1129 2950 et
1144 2883 1287 2951 Basilium

134 2981 268 3050 Galatam
291 2998 321 3049 et
343 2984 503 3072 Georgium
523 2984 724 3051 Laodiceoum
751 2989 895 3052 refutandi
916 2988 1018 3052 Aeacii
1042 3010 1147 3053 caussa
1170 2990 1288 3073 scriptis

134 3081 317 3151 mandarunt.
371 3086 427 3151 ttic
452 3099 498 3151 est
525 3089 603 3153 enim
626 3090 675 3154 ille
697 3090 744 3174 qui
767 3087 943 3154 Marcellum
968 3112 1006 3154 cx
1029 3091 1181 3177 ipsiusmet
1204 3090 1286 3155 libris

134 3190 278 3275 coarguit.
333 3188 417 3274 Quae
450 3212 503 3254 uos
532 3190 598 3254 ideo
624 3193 846 3278 proposuimus,
882 3213 917 3255 ne
945 3192 1099 3256 veritatem
1125 3192 1221 3277 aliqua
1246 3214 1287 3257 ex

132 3303 215 3379 parte
240 3292 428 3376 praeteriisse
455 3292 615 3358 videamur.
663 3291 809 3377 Quoniam
835 3314 930 3378 oeque
953 3295 989 3359 de
1012 3295 1217 3359 emendatione
1236 3295 1287 3359 de·

134 3415 304 3478 speramus,
336 3415 391 3458 nec
410 3393 446 3457 iis
466 3396 603 3459 assentiri
621 3395 756 3459 volumus
772 3396 820 3480 qui
837 3407 992 3481 utcumque
1015 3419 1031 3460 a
1050 3398 1175 3463 veritate
1192 3397 1287 3461 disce-

134 3493 214 3558 dunt.
259 3493 344 3579 Quae
369 3508 531 3580 sequuntur
554 3497 644 3580 igitur
668 3518 708 3562 ex
721 3496 826 3563 Aeacii
853 3501 1064 3564 commentario
1082 3510 1186 3563 eontra
1204 3495 1287 3561 Mar·

134 3594 236 3658 cellum
258 3599 471 3685 excerpsimus.

132 3796 197 3849 cium
213 3796 279 3847 iuter
295 3808 321 3847 et
335 3800 449 3851 basilium
467 3802 582 3852 Galatam
599 3812 624 3851 et
639 3803 687 3854 Ge·
722 3813 810 3855 contra
827 3804 905 3856 lactas
925 3804 1059 3855 divisiones
1076 3804 1149 3854 etiam
1166 3803 1216 3855 hoc
1239 3823 1283 3856 ex·

132 3865 229 3945 orgium
252 3865 419 3919 Laodiceoum
444 3879 515 3919 ortae
539 3879 635 3929 esseut,
663 3871 689 3920 iu
722 3884 878 3939 presserunt,
907 3873 1030 3940 producto
1053 3871 1078 3922 in
1095 3871 1202 3922 medium
1220 3879 1284 3926 Aca·

131 3952 181 3985 aurs
206 3934 316 4001 ipsorum
339 3935 435 4002 seriptis
458 3936 490 3985 ad
513 3936 691 3987 confutandum
725 3940 771 3992 cio.
798 3941 849 3991 Sed
861 3952 886 3990 et
900 3940 1013 3990 basilium
1023 3940 1146 4000 Galatam,
1162 3950 1188 3990 et
1205 3942 1284 3995 Geor-

132 4001 248 4052 Acacium
264 4001 300 4051 usi
316 4010 382 4052 sunt.
417 4005 545 4053 cornorlus
558 4006 625 4052 vertit
639 4004 692 4052 Ve-
724 4007 791 4072 glum
807 4007 963 4058 Laodicaeae
978 4008 1121 4075 episcopum
1144 4010 1283 4063 coustitue-

129 4087 183 4120 rum
199 4070 230 4119 ab
248 4069 303 4119 aliis
321 4087 416 4121 rursum
433 4069 629 4120 demonstratum
645 4081 692 4131 est,
725 4084 783 4124 runt
798 4074 830 4124 ud
841 4075 945 4125 eundern
958 4075 1070 4126 ucaciom
1081 4076 1285 4145 redarguendum.

130 4138 198 4205 quod
228 4138 391 4205 redarguendi
417 4139 498 4204 gratia
525 4137 693 4205 produxerunt
759 4140 782 4193 3.
801 4136 1197 4206 drrrouurdioceoddmraeted
1207 4152 1282 4212 price.

130 4225 160 4258 ea
177 4223 240 4274 quae
255 4207 287 4256 ab
301 4205 361 4272 ipsis
375 4218 461 4257 contra
475 4206 542 4256 illum
557 4207 694 4273 composita
726 4203 948 4271 ἄντιουντάξαντας
963 4215 999 4262 ed.
1017 4214 1097 4264 Petou.

128 4285 195 4334 sunt,
215 4291 246 4326 eo
258 4273 326 4341 qood
339 4273 385 4342 ipsi
399 4275 441 4341 qui
455 4284 541 4326 contra
550 4274 619 4325 illum
632 4275 690 4327 seri·
761 4274 785 4328 4.
803 4276 938 4344 γενομένας
949 4283 1015 4332 codd
1026 4297 1079 4333 mar.
1093 4289 1194 4348 umque.
1213 4287 1283 4352 λεγο·

129 4353 231 4410 paerunt
249 4352 337 4424 postea
356 4344 381 4394 in
400 4343 467 4393 aliud
484 4342 571 4393 martati
582 4344 689 4395 fuerunt.
724 4345 801 4414 μένας
817 4347 880 4397 editi.

130 4416 211 4479 Atque
235 4411 261 4462 hu
278 4411 325 4479 ipsi
342 4411 368 4463 in
389 4412 439 4462 soit
462 4411 571 4478 ipsorum
591 4412 690 4482 scriptis
