3096 5070
281 275 342 340 516
564 346 568 354 ¹
703 283 825 336 ειυοτι
843 283 1011 335 σιιιιιιιιιι

117 397 120 403 ’
152 414 267 486 Κιριέ.
361 400 430 466 ’Ότι
454 397 605 483 ἀληθινοῖς
627 400 773 484 ίγεννόγθη
792 398 920 485 Χριστός
938 397 998 464 ἀπό
1017 402 1140 483 Μαρίας
1155 406 1210 482 τῆς
1228 397 1444 485 ἀειπαρθένου,

279 504 380 588 λαβοδν
402 502 436 569 τό
456 510 539 586 σῶμα
563 506 594 568 ἐν
609 499 749 591 ἀληθείη,
780 504 832 568 καὶ
855 499 912 568 οῦκ
935 504 966 567 ἐν
990 499 1125 583 δοκήσει,
1157 500 1253 588 σόρκα
1275 501 1443 587 ἀληθινοῖς,

280 615 365 690 σῶμα
387 602 554 689 ἀληθινῶς,
587 604 642 671 σύν
665 604 779 681 ὀστέοις
802 607 853 670 καὶ
878 602 994 688 νεύροις
1020 606 1071 669 καὶ
1093 611 1166 669 πᾶσι
1190 615 1252 682 τοῖς
1275 602 1443 689 ἡμετέροις,

280 709 372 793 μηδέν
389 705 441 790 ἀφ’
457 706 543 791 ἡμῶν
559 709 784 794 διηλλαγμένος,
806 704 828 789 ἢ
845 704 937 789 μόνον
952 704 986 772 τό
1004 709 1124 786 ἔνδοξον
1140 714 1191 790 τῆς
1208 705 1301 775 αύτοῦ
1319 705 1441 795 όγιότη·

181 846 186 853 ·
279 838 331 888 τος
351 813 403 876 καὶ
418 809 560 895 θεότητος
577 812 629 876 καὶ
643 809 770 886 σκεύους
787 806 976 894 Ιόγιυσύνης
990 811 1042 873 καὶ
1061 808 1267 893 δικαιοσύνης,
1298 814 1348 877 καὶ
1364 811 1442 876 ἀνα-

280 913 435 1000 μαρτήτως
457 912 494 978 τοὶ
510 912 608 979 πόντοι
628 917 741 988 τελείως
760 915 849 994 ἔχων,
880 913 931 977 καὶ
949 909 1079 994 ἐσχηκός
1097 911 1198 995 ψυχήν
1212 910 1265 995 τὴν
1280 912 1440 998 ἀνθρωπί·

279 1042 335 1100 νην
355 1019 387 1083 ἐν
401 1016 544 1104 ἀληθείᾳ,
567 1024 641 1082 νοῦν
658 1014 710 1082 τόν
724 1012 917 1100 ἀνθρώπινον
933 1016 965 1080 ἐν
981 1013 1125 1102 ἀληθείᾳ,
1147 1013 1201 1097 οόχ
1216 1011 1258 1092 σός
1270 1011 1357 1098 ἡμῶν
1372 1018 1443 1082 δια-

279 1121 500 1203 βεβαιουμένυν
519 1117 571 1185 τόν
591 1125 665 1184 νοῦν
688 1113 762 1183 είναι
786 1113 965 1193 ύπόστασιν,
994 1114 1099 1192 καθοὶς
1119 1114 1201 1183 ἀλλοι
1221 1119 1343 1204 λέγουσι.
1392 1118 1441 1185 To}

279 1223 377 1288 πόντοι
393 1222 424 1287 δέ
439 1220 480 1305 μη
494 1222 659 1306 χρανθέντα
676 1222 709 1286 ἐν
727 1216 871 1308 όμαρτίμ,
893 1217 987 1302 στόμα
1005 1218 1046 1302 μη
1066 1217 1269 1302 ψευσάμενον,
1299 1224 1376 1303 χείλη
1392 1222 1441 1306 μή

278 1322 443 1407 λαλήσαντες
458 1322 556 1402 δόλον,
577 1327 702 1408 καρδίαν
717 1320 758 1406 μὴ
775 1327 915 1388 κλίνασαν
933 1324 974 1397 είς
991 1318 1166 1407 ίρεθισμδν,
1188 1329 1261 1388 νοῦν
1277 1321 1318 1406 μὴ
1332 1325 1440 1409 ἐκτρα-

278 1427 387 1505 πέντα,
409 1428 452 1503 είς
470 1424 490 1490 δὶ
508 1424 549 1508 μη
563 1425 635 1511 χρη,
666 1422 761 1510 σύρκα
778 1422 819 1508 μὴ
836 1423 873 1488 τοὶ
889 1423 1000 1509 σαρκός
1017 1420 1130 1507 ἡδονῆς
1148 1427 1360 1511 ἐργασαμένην·
1390 1430 1441 1494 τέ·

277 1536 354 1606 λειος
371 1527 492 1595 ἀνωθεν
506 1526 595 1609 θεός,
625 1527 682 1594 ούκ
700 1525 797 1593 ἐλθοὶν
820 1534 994 1609 κατοικῆσαι
1013 1529 1045 1592 ἐν
1062 1524 1233 1617 ἀνθριόπιμ,
1264 1526 1323 1592 ἀλλ’
1344 1526 1442 1608 αῦτδς

279 1628 297 1697 ό
314 1629 402 1717 λόγος
419 1629 669 1717 ένανθροιπήσας,
700 1630 738 1696 ού
756 1632 878 1714 τραπεὶς
891 1627 947 1711 την
963 1628 1072 1711 φύσιν,
1101 1629 1357 1715 συμπεριειληφοδς
1371 1627 1440 1715 όμοι

277 1740 316 1824 τῇ
333 1732 454 1818 θεότητι
470 1733 525 1817 τήν
546 1738 625 1799 ίδίαν
650 1731 894 1819 ἐνανθρόπησιν,
928 1734 960 1797 ἐν
976 1730 1073 1819 μητρμ
1088 1734 1245 1817 παρθένου
1259 1731 1386 1820 γεγονοὶς
1403 1738 1440 1801 ἐν

278 1835 421 1924 ἀληθείᾳ,
452 1838 658 1921 κυοφορηθεὶς
675 1833 725 1902 διοὶ
741 1842 918 1921 γεννητικῦν
932 1833 1034 1920 πόρον
1051 1834 1304 1919 ἀνεπαισχύντοις,
1326 1835 1437 1921 ἀχρόν-

277 1963 351 2017 τως,
382 1936 567 2021 ἀμολύντοις,
598 1938 794 2024 ἀνατραφεὶς,
826 1940 877 2003 καὶ
900 1939 1120 2023 ἐναγκαλισθεὶς
1143 1934 1204 2004 ύπό
1226 1963 1257 2004 τε
1273 1945 1436 2022 Συμεῶνος

277 2038 463 2124 καὶ”Αννης,
493 2044 670 2125 βασταχθεὶς
685 2038 745 2106 ῦπό
763 2044 901 2125 Μαρίας,
932 2040 1088 2119 πεζεύσας,
1117 2036 1334 2127 ὁδοιπορήσας,
1366 2068 1435 2107 παι-

277 2146 344 2209 δίον
368 2140 512 2229 γεγονοὶς,
542 2141 704 2229 ἀδρυνθεὶς
724 2149 761 2232 τῇ
777 2139 893 2230 ἡλικίᾳ,
924 2140 960 2206 τοὶ
981 2143 1078 2208 πάντα
1100 2144 1173 2226 έχων
1190 2147 1222 2210 ἐν
1236 2145 1330 2233 ἐαυτῷ
1346 2146 1378 2209 ἐν
1394 2151 1431 2232 τῇ

275 2248 450 2327 τελειότητι,
481 2247 513 2310 έν
528 2245 651 2335 ἀριθμῷ
675 2248 749 2312 ἐτῦν
765 2246 926 2331 λογισθεὶς,
957 2247 988 2310 ἐν
1003 2246 1125 2334 ἀριθμῷ
1143 2253 1260 2329 μηνῶν,
1287 2248 1319 2312 ἐν
1332 2249 1427 2330 κοιλίᾳ

277 2351 500 2434 κνοφορηθεὶς,
531 2347 688 2434 γενόμενος
705 2351 738 2414 ἐκ
754 2345 911 2434 γυναικός,
940 2346 1097 2433 γενόμενος
1118 2344 1178 2414 ύπό
1196 2348 1300 2431 νόμον,
1329 2344 1425 2411 ἐλθοὶν

277 2453 327 2518 ἐπὶ
347 2450 400 2517 τόν
420 2449 585 2536 Ἰορδόνην,
616 2452 795 2534 βαπτισθεὶς
815 2447 874 2516 ῦπό
894 2447 1049 2530 Ἷιοάννου,
1081 2447 1137 2516 ούκ
1157 2448 1338 2532 ἐπιδεύμενος
1357 2456 1426 2514 λου-

275 2561 368 2640 τρῦν,
392 2555 444 2619 διό
459 2578 490 2619 τε
504 2552 538 2619 τό
554 2549 725 2620 ἀκολουθόν
740 2560 792 2636 τῆς
810 2555 842 2617 ἐν
858 2551 940 2640 υόμιμ
956 2551 1207 2639 ἐνονθροιπήσεας
1219 2549 1260 2635 μη
1273 2550 1429 2637 ταρόισσοιυ

276 2654 310 2722 τό
328 2660 457 2737 δίκαιον,
490 2654 573 2732 ὅπως
590 2662 755 2746 πληρωθῇ,
787 2654 828 2731 εός
847 2652 936 2730 αύτδς
955 2657 1029 2738 ἔφη,
1062 2663 1143 2720 πᾶσα
1158 2653 1349 2737 δικαιοσύνη,
1378 2657 1431 2719 ’ίνα

276 2762 357 2849 δείξη
374 2757 419 2825 ότι
434 2756 582 2842 ἀληθινὴν
598 2758 694 2843 σόρκοι
708 2757 880 2835 ἐνεδύσατο,
904 2757 1052 2841 ἀληθινὴν
1067 2754 1310 2844 ἐνανθροόπησιν,
1330 2781 1432 2841 κατερ·

275 2859 399 2944 γόμενος
422 2864 465 2938 είς
486 2859 522 2925 τοὶ
544 2860 655 2940 ῦδατα,
687 2859 789 2937 διδούς
810 2858 888 2945 ἥπερ
909 2859 1081 2943 λαμβάνων,
1114 2859 1334 2947 Ξπαρεχόμενος
1356 2857 1432 2945 ἥπερ

274 2961 481 3045 ἐπιδεόμενος,
510 2967 646 3044 φωτίζων
663 2961 756 3043 αὐτοὶ,
786 2965 960 3046 ἐνδυναμοῖν
981 2961 1057 3028 αὐτό
1076 2966 1118 3039 είς
1134 2959 1230 3028 τύπον
1243 2969 1303 3028 τῶν
1316 2960 1434 3046 μελλόν-

135 3113 190 3161 Ν,
201 3103 260 3150 100.
275 3091 334 3131 των
359 3067 391 3130 ἐν
415 3062 496 3154 αύτῷ
515 3073 715 3144 τελειοῦσθαι,
746 3064 830 3142 όποις
854 3068 886 3130 οί
901 3063 981 3154 αύτῷ
1002 3065 1227 3142 πεπιστευκότες
1247 3068 1279 3132 ἐν
1294 3062 1433 3153 ἀληθείᾳ,

274 3170 327 3233 καὶ
351 3171 464 3252 ἔχοντες
485 3166 540 3251 τὴν
559 3173 656 3233 πίστιν
676 3175 729 3252 τῆς
754 3168 914 3250 ἀληθείας,
943 3166 1082 3251 μύθοισιν
1102 3167 1148 3235 ότι
1174 3166 1326 3252 ἀληθινῶς
1349 3169 1432 3251 ἐνην-

274 3268 450 3356 θροόπησεν,
482 3270 634 3354 ἀληθινοῖς
651 3273 833 3354 ἐβαπτίσθη,
865 3271 916 3336 καὶ
932 3270 1028 3346 οῦττος
1044 3269 1094 3335 διό
1109 3278 1162 3354 τῆς
1180 3268 1273 3336 αότοῦ
1288 3290 1433 3355 συγκατα-

274 3373 389 3449 θέσεως
405 3375 456 3438 καὶ
479 3371 564 3438 αῦτοὶ
589 3371 740 3458 ἐρχόμενοι
761 3373 873 3458 λείβουσι
888 3379 942 3457 τῆς
955 3371 1050 3438 αῦτοῦ
1065 3370 1257 3455 καταβόσεοις
1272 3371 1326 3454 την
1342 3370 1432 3436 δύνα-

277 3503 343 3559 μιν,
375 3478 426 3541 καὶ
447 3483 641 3557 φωτισθοῦσιν
657 3473 716 3540 ἀπό
734 3483 789 3559 τῆς
804 3474 896 3543 αῦτοῦ
915 3480 1127 3562 φωταγωγίας,
1157 3475 1363 3561 πληρουμένου
1377 3481 1433 3540 τοῦ

276 3580 308 3644 ἐν
323 3585 365 3668 τῷ
380 3581 521 3668 προφητη
538 3582 645 3663 βητοῦ,
669 3582 726 3656 Εἰς
743 3578 921 3666 μεταλλαγὴν
939 3578 1109 3662 δυνάμεως,
1131 3581 1173 3655 είς
1186 3575 1321 3662 παροχην
1336 3595 1432 3661 σωτη-

275 3685 343 3767 ρίας
365 3689 418 3763 τῆς
443 3680 599 3763 δυνάμεως
619 3689 674 3747 τοῦ
699 3678 808 3766 όρτου,
838 3680 897 3748 ἀπό
917 3689 971 3763 τῆς
987 3679 1174 3767 Ἰερουσαλὴμ
1194 3682 1431 3763 λαμβανομένης,

275 3785 397 3867 καὶτῆς
418 3782 589 3867 ίσχύοςτοῦ
607 3783 723 3860 ῦδατος.
766 3783 916 3849 Ἐνταῦθα
938 3784 970 3849 δέ
993 3787 1025 3850 ἐν
1047 3791 1166 3874 Χριστῷ
1190 3785 1437 3869 ὶσχυροποιουμέ-

275 3910 335 3950 νων
356 3894 409 3971 τῆς
433 3885 587 3970 δυνάμεως
611 3894 664 3952 τοῦ
683 3884 791 3974 ἄρτου,
820 3889 941 3971 καὶτῆς
964 3894 1017 3953 τοῦ
1033 3886 1143 3963 ῦδατος
1161 3885 1274 3971 ἰσχύος,
1305 3888 1356 3951 ἵνα
1375 3883 1438 3954 ούτι

275 3984 365 4075 ῦρτος
387 3986 458 4072 ἡμῖν
482 3990 599 4076 γένηται
621 3987 760 4073 δύναμις,
782 3986 853 4057 ἀλλά
867 3989 993 4074 δύναμις
1014 3989 1121 4076 ἀρτου,
1155 3991 1229 4055 λιταὶ
1249 3991 1358 4073 βρῶσις
1379 3990 1438 4072 μέν

311 4127 370 4180 (λιν.
387 4130 444 4181 XV.
464 4158 495 4168 -
531 4130 553 4180 ί.
578 4123 715 4196 όγιοσύνης
731 4132 768 4181 ιδ.
791 4134 836 4182 Ρι-
868 4134 951 4181 vitium
965 4134 1015 4180 iam
1030 4145 1046 4179 ο
1060 4133 1176 4181 comario
1190 4131 1330 4180 inversione
1342 4129 1439 4182 Latina

275 4201 334 4317 ωυί.
360 4265 544 4336 παρίρχομενος
568 4269 638 4331 υυὶςο
664 4269 748 4320 habent
775 4270 836 4331 ὶλδτί,
869 4203 1035 4330 οωίίωόύήὶιτο
1054 4266 1097 4319 καὶ
1121 4269 1189 4317 habet
1212 4266 1280 4316 codd.
1295 4281 1353 4318 οιιε.
1369 4273 1438 4319 uur-

868 4350 919 4400 ουτ.
954 4338 991 4399 Cf.
1007 4336 1150 4399 λοοσιμοολ
1165 4349 1223 4398 μσς.
1238 4329 1294 4386 154.
