3096 5070
422 277 558 338 raanan
576 278 639 329 unu.
658 278 702 328 ur.
720 277 801 330 rou.
816 277 848 327 u.
867 276 966 327 naun.
983 276 1115 330 nxxvtr.
1279 263 1343 329 383

187 401 313 480 secatam
337 402 489 478 degustare
507 400 593 460 orbos.
642 394 694 461 Sic
711 408 741 460 et
757 396 859 460 oculus
881 395 1064 472 considerat,
1098 407 1128 458 et
1146 416 1228 459 mous
1251 395 1345 459 iutue-

190 511 248 564 tur.
295 496 442 582 Quocirca
459 521 541 562 mens
558 500 626 578 illa,
651 520 725 583 quae
743 499 772 562 iu
790 498 875 561 nobis
891 498 1017 574 residet,
1051 508 1081 559 et
1098 518 1113 560 a
1132 499 1187 560 deo
1204 518 1345 560 concessa

190 613 252 680 est,
285 603 367 665 visus
392 602 578 686 estquidam
604 612 634 665 et
659 612 761 684 gustus
784 621 819 663 ac
842 600 1026 664 discernendi
1052 599 1187 663 facultas.
1239 596 1346 682 Neque

189 725 262 769 vero
287 704 323 767 iis
351 724 426 788 quac
452 703 610 767 identidem
640 704 711 765 butrt
741 702 918 779 assentitur,
955 701 1011 764 nisi
1036 700 1145 764 bomini
1169 701 1345 765 collibuerit.

188 805 231 870 At
247 826 317 869 caro
333 806 362 867 in
379 805 515 868 omuibus
532 807 595 868 lere
612 804 706 869 sacris
725 803 872 868 literisob
890 802 968 866 illam
989 824 1065 887 quae
1082 803 1111 866 in
1129 804 1190 888 ipsu
1205 814 1250 865 est
1269 803 1348 888 cupi·

188 908 309 972 dilatem
327 907 459 970 damnari
480 906 567 970 solet.
614 903 799 990 Quamquam
824 928 883 968 arun
907 907 1026 969 omnino
1049 927 1119 968 caro
1143 907 1205 989 ipsa
1227 907 1346 969 damna-

189 1021 254 1088 tur,
288 1010 339 1071 sed
365 1029 441 1092 quae
467 1008 503 1070 ab
525 1008 574 1072 illa
596 1009 821 1094 proficiscuntur
847 1028 998 1071 sacrorum
1022 1009 1161 1072 librorum
1187 1008 1349 1072 auctoritas

191 1110 358 1197 proscribit.
404 1108 488 1174 Unde
513 1112 663 1196 apostolus
679 1112 719 1174 ita
737 1110 879 1194 loquitur:
904 1115 971 1172 Scio
987 1115 1059 1172 enain
1077 1114 1153 1192 quod
1166 1133 1222 1172 noa
1238 1112 1348 1172 lcta’tct

190 1218 296 1286 mine,
328 1216 381 1274 loc
395 1225 438 1274 est
453 1218 482 1274 in
501 1235 588 1275 cerne
610 1237 687 1288 mec,
721 1215 831 1275 bonum.
880 1208 965 1294 Quod
985 1214 1021 1276 od
1041 1213 1281 1276 carelerendum
1301 1223 1347 1275 est

191 1335 266 1398 quae
283 1334 322 1377 ex
340 1335 429 1378 carue
446 1326 649 1380 succrescunt.
697 1316 794 1403 Atque
813 1326 844 1378 ut
859 1315 1073 1379 baereticorum
1092 1315 1244 1399 opiniones
1259 1314 1348 1378 relel·

190 1416 284 1494 leret,
317 1437 354 1479 ne
380 1438 498 1481 carnem
522 1418 577 1482 sibi
601 1419 814 1502 persuaderent
835 1418 870 1481 ab
893 1417 972 1481 omui
996 1418 1224 1482 resurrectionis
1249 1430 1348 1504 spect

192 1520 395 1582 communione
418 1520 579 1600 deiectam,
612 1521 684 1587 haec
709 1520 862 1583 adiunxit:
899 1525 1017 1600 Oportet
1032 1523 1217 1601 corruptibile
1234 1524 1287 1582 ioo
1303 1526 1346 1583 aia·
1377 1537 1396 1581 1.
1409 1534 1462 1581 cor.

189 1625 276 1683 dcere
288 1626 535 1702 circorruptionem,
560 1635 590 1684 et
601 1625 721 1685 mortulo
733 1626 786 1684 doc
799 1627 915 1685 abdcere
928 1625 1181 1698 immortalitatem,-
1206 1645 1244 1687 nc
1257 1643 1347 1708 opera
1382 1587 1412 1645 ω’
1425 1588 1460 1634 η

191 1723 289 1788 caruis
306 1725 486 1803 excludens,
519 1746 594 1808 quae
617 1725 716 1790 caruis
734 1724 852 1787 nomino
866 1725 1010 1808 scriptura
1031 1724 1109 1787 solet
1124 1725 1258 1804 allicere,
1290 1747 1346 1789 uua

191 1835 222 1889 et
239 1827 465 1890 resurrectionis
484 1847 565 1911 spem
583 1848 600 1890 a
617 1849 705 1892 carne
720 1828 871 1890 videretur
886 1827 1056 1890 excludere.
1104 1823 1254 1911 Siquidem
1274 1848 1347 1910 quae

191 1929 220 1991 in
244 1928 293 1991 illa
324 1939 504 1992 exercentur
532 1929 690 2013 depravata
720 1951 811 2016 opera
844 1929 999 1992 manifeste
1027 1929 1192 2006 damnavit,
1228 1951 1346 1993 carnem

191 2030 283 2115 ipsam
308 2051 380 2093 vero
408 2041 540 2093 sarnetum
567 2032 707 2114 quoddam
727 2053 793 2095 esse
812 2031 948 2115 templum
968 2031 996 2092 in
1014 2050 1050 2093 eo
1067 2031 1114 2114 qui
1131 2051 1248 2094 cacunem
1266 2052 1347 2095 surm

192 2132 387 2194 sanctificavit
403 2152 472 2194 esso
489 2132 604 2212 docuit,
635 2136 873 2216 quemadmodum
891 2132 1030 2216 seriptum
1047 2144 1110 2205 est,
1144 2137 1254 2213 Religio
1269 2156 1348 2195 mun-
1359 2150 1500 2209 temnunt.

191 2236 228 2294 dc
241 2237 292 2294 deo
307 2245 336 2294 et
346 2239 431 2314 putri
441 2237 510 2296 boec
526 2247 585 2308 est,
619 2240 734 2296 orbitare
749 2240 890 2316 orphanos
911 2247 941 2296 ei
957 2238 1056 2296 uiduus
1071 2240 1100 2296 in
1115 2237 1268 2317 afflictione
1281 2258 1344 2311 suc,

189 2345 221 2395 et
235 2339 442 2397 immaculatum
466 2358 497 2397 se
515 2358 684 2398 conseruare
705 2339 741 2398 od
759 2340 949 2400 boemundo:
980 2336 1049 2399 item
1069 2337 1126 2400 alio
1148 2337 1232 2416 loco,
1266 2342 1352 2399 Beati

190 2441 357 2519 pulparum
374 2450 537 2520 costumque
558 2461 671 2501 curnem
693 2462 772 2501 suom
787 2443 972 2502 seruauerunt.
1020 2435 1115 2500 Porro
1135 2438 1279 2523 scriptura
1297 2440 1347 2501 ad-

191 2561 296 2606 versus
314 2540 392 2603 illam
417 2560 505 2624 saepe
532 2540 683 2626 disputans
708 2542 880 2627 cupiditates
904 2563 939 2605 ac
958 2541 1123 2625 voluptates
1145 2539 1181 2603 ab
1208 2541 1262 2603 bac
1285 2541 1348 2625 ipsa

190 2641 332 2725 pullulare
356 2663 411 2705 nos
435 2643 551 2720 docuit,
583 2654 831 2707 contrementem
853 2665 925 2708 vero
945 2643 1016 2707 nibil
1034 2643 1154 2707 omniuo
1172 2642 1265 2722 dixit,
1296 2644 1347 2706 sed

189 2743 259 2806 illud
273 2744 435 2822 duntaxat,
459 2747 581 2807 Psallam
597 2757 703 2821 mente,
723 2750 845 2826 prollcm
861 2759 890 2808 et
904 2750 1025 2827 spiritu:
1058 2746 1145 2823 item,
1176 2749 1214 2808 Si
1223 2750 1344 2826 paullum
1382 2758 1461 2804 tuan

188 2848 309 2926 opertu,
334 2859 516 2910 mercantem
534 2870 593 2910 meo
612 2851 790 2929 tbsructuosc
803 2853 852 2912 sit.
900 2845 955 2913 Ubi
974 2848 1058 2911 vides
1078 2867 1163 2911 suum
1181 2847 1272 2912 menti
1287 2850 1345 2912 lru·
1384 2811 1464 2909 ll’tll'

191 2956 269 3009 otum
292 2947 481 3029 attributum,
519 2970 552 3012 ac
578 2949 694 3014 tametsi
720 2951 832 3014 lructus
859 2950 955 3013 nullus
982 2950 1108 3029 existat,
1143 2950 1223 3015 nullo
1250 2961 1346 3014 tamen

191 3048 278 3111 modo
292 3060 420 3114 mentem
440 3052 517 3115 inter
532 3064 653 3137 peccata
671 3053 856 3131 numeravit,
880 3053 933 3115 sed
948 3073 988 3115 ex
1002 3052 1066 3137 ipsa
1076 3052 1181 3137 ,potius
1197 3051 1270 3117 oriri
1286 3054 1346 3116 lru·

191 3159 269 3213 ctum
291 3151 430 3216 asseruit.
1014 3232 1016 3236 Ι

276 3250 389 3336 Ecquid
406 3275 478 3318 vero
494 3276 534 3319 ex
550 3256 616 3321 istis
633 3258 768 3322 omnibns
784 3258 927 3322 adversus
945 3256 1105 3321 divinitatis
1120 3258 1229 3322 domiui
1252 3257 1345 3322 nostri
1394 3255 1454 3324 c‘'t’-

191 3354 250 3419 vim
266 3376 300 3418 ac
317 3364 492 3440 potestatem
510 3358 598 3422 lacit?
626 3371 677 3424 aut
699 3383 755 3446 qua
774 3360 803 3423 iu
822 3383 854 3425 re
876 3361 999 3424 eandem
1018 3361 1096 3424 illam
1119 3359 1177 3423 vim
1195 3360 1348 3424 sauctissi-
1374 3324 1476 3380 xm·

191 3478 256 3520 mae
273 3456 403 3520 mulieris
418 3470 524 3523 venter
541 3460 730 3526 obscuravit?
752 3474 802 3527 aut
817 3464 939 3548 virginis
957 3463 1080 3527 uterus?
1100 3473 1265 3548 autpertus
1281 3462 1345 3526 cxi·

192 3569 239 3622 tus
256 3580 292 3623 ao
312 3562 446 3623 meatus?
470 3572 521 3624 aut
537 3559 696 3648 Symeonis
711 3565 819 3628 ulnae?
848 3576 897 3628 aut
915 3565 1062 3630 bominum
1080 3563 1239 3650 exceptio?
1281 3561 1347 3627 Ms-

191 3660 254 3724 riae
269 3659 417 3744 gestatio?
449 3664 613 3728 meretricis
629 3666 819 3730 attrectatio?
851 3667 980 3731 mulieris
996 3667 1109 3752 capilli,
1135 3667 1182 3751 qui
1200 3666 1278 3729 illius
1297 3688 1346 3752 pe·

191 3762 244 3827 des
259 3763 467 3848 contigerunt?
496 3776 546 3828 aut
562 3766 731 3852 lacrymael
760 3779 811 3830 aut
827 3768 876 3832 illa
892 3769 921 3831 in
938 3779 1156 3833 monumentum
1180 3769 1345 3853 depositio?

192 3860 308 3952 Quippe
327 3866 431 3930 sindon
448 3867 516 3946 illa,
548 3889 622 3953 quae
639 3867 730 3951 ipsius
750 3889 856 3953 corpus
877 3869 1024 3949 obvolvit,
1057 3871 1204 3935 sincerum
1220 3872 1300 3935 illum
1317 3885 1348 3937 et

190 3968 356 4053 integrum,
392 3971 440 4034 vel
463 3991 604 4034 summam
629 3969 707 4032 illius
730 3979 903 4054 potestatem
928 3991 1069 4056 superare
1099 3973 1218 4036 minime
1241 3975 1344 4059 potuit.

191 4067 310 4135 Etenim
327 4069 473 4150 loannes,
507 4094 571 4134 cum
586 4072 616 4134 in
635 4071 736 4135 matris
755 4081 839 4134 utero
854 4083 1041 4151 versaretur,
1075 4074 1112 4137 ob
1129 4075 1293 4159 ingressum
1309 4078 1343 4141 ad
1356 4100 1441 4160 naeu,
1452 4103 1485 4150 aa

191 4192 260 4237 sese
275 4173 383 4236 domini
401 4175 465 4251 sui,
499 4195 583 4258 quem
601 4175 690 4258 beata
703 4174 788 4258 virgo
804 4173 1002 4257 parturiebat,
1036 4197 1105 4261 prae
1120 4177 1218 4261 gaudii
1233 4181 1345 4264 magni·

193 4274 292 4339 tutliue
307 4275 494 4339 subsultavit.
539 4273 619 4339 ldem
634 4296 722 4361 porro
737 4275 871 4340 dominus
885 4277 979 4346 editus
993 4277 1024 4341 iu
1040 4278 1146 4360 lucem,
1171 4291 1202 4344 et
1214 4280 1245 4344 in
1260 4302 1344 4366 prae-

192 4512 291 4575 Μία.
309 4506 403 4581 niune,
419 4516 446 4564 in
463 4515 531 4566 editis
547 4509 700 4582 (impunito.
