3096 5070
455 282 591 333 ransart
609 282 671 332 nro.
683 281 726 332 ru.
745 279 869 332 noun.
887 277 1108 331 nsnnnxxx.
1200 341 1204 347 ,
1291 266 1350 331 tar

200 420 292 486 paene
311 401 484 488 scripturam
509 423 561 464 ore
589 401 796 486 pronuntiant,
830 399 954 481 impigre
978 419 1012 460 ao
1031 407 1152 460 strenue
1171 407 1221 460 ant
1242 398 1353 461 orando

199 512 250 567 snt
267 504 394 587 psalmos
422 502 616 567 emodulandc
639 502 833 587 pervigilant,
865 500 1004 564 solennes
1022 500 1057 563 de
1077 521 1159 563 more
1177 510 1353 580 conventus,

198 625 233 668 ac
257 606 414 688 quotannis
436 605 613 668 constitutos
638 604 765 681 obeunt,
797 613 891 666 statas
915 603 1018 679 horas,
1054 611 1083 663 et
1108 601 1229 664 alternis
1250 600 1355 686 cpont·

198 706 337 770 contiuuo
361 708 522 792 descriptas
545 706 692 792 perpetuis
716 705 854 768 addeum
880 704 1033 767 fundendis
1058 702 1210 788 precibus,
1242 722 1355 765 summa

197 831 263 872 com
277 809 441 872 abiectione
457 809 544 873 animi
562 829 597 871 ac
612 807 767 871 laboriosis
783 805 940 888 gemitibus
957 805 1136 887 transigunt,
1160 825 1226 866 cum
1240 803 1354 867 interea

196 911 342 995 propriis,
367 911 407 973 nti
426 910 505 988 dixi,
538 909 690 987 manibus,
723 910 858 972 adiuncto
875 907 997 994 spiritali
1015 908 1246 985 exercitatione,
1281 926 1355 991 opus

196 1013 367 1089 instituant,
401 1033 437 1076 ue
453 1024 501 1076 ant
521 1012 616 1097 inopia
633 1011 785 1088 laborent,
818 1021 865 1073 aut
884 1010 913 1072 in
932 1010 1073 1072 humanas
1088 1008 1290 1071 simulationes
1309 1007 1354 1070 ia·

197 1115 312 1191 cidant,
346 1115 407 1186 sic,
440 1126 470 1176 ut
491 1115 586 1199 impiis
605 1113 696 1176 libere
723 1112 876 1176 veritatem
896 1112 991 1195 oloqui
1011 1112 1225 1188 nonaudoaut,
1257 1129 1353 1194 neque

196 1215 232 1279 ab
247 1236 348 1279 eornm
373 1216 519 1279 bomirmnr
546 1216 593 1301 qni
620 1237 672 1301 por
695 1217 776 1278 nefas
793 1235 827 1278 ac
848 1235 1005 1299 ponpernm
1025 1213 1160 1277 iniuriam
1185 1210 1353 1296 locupletati

196 1328 264 1381 aunt
281 1319 455 1401 contagione
474 1341 508 1382 ac
528 1318 648 1381 maculis
672 1316 822 1379 vindicare
845 1337 913 1380 sese
933 1316 1065 1401 possint,
1097 1335 1153 1378 nec
1170 1315 1286 1377 illorum
1302 1313 1353 1376 de·

197 1419 284 1503 nique
301 1420 419 1482 cibariis
439 1441 558 1499 carere,
587 1420 664 1504 qood
682 1419 767 1482 iustis
790 1418 937 1481 laboribus
955 1418 1152 1502 quotidianum
1169 1416 1224 1479 sibi
1242 1417 1351 1478 victum

195 1542 365 1606 comparare
388 1533 554 1606 nequeant,
586 1522 637 1585 scd
663 1519 702 1583 cb
720 1507 846 1606 inopiam
869 1542 910 1584 ex
932 1521 992 1584 otio
1009 1531 1040 1583 et
1060 1520 1165 1583 inertia
1189 1519 1351 1583 derivatam

194 1623 230 1686 ad
254 1623 403 1689 beatorum
427 1645 543 1686 merisas
566 1625 728 1706 coningere
751 1632 905 1705 cogantur.

280 1723 375 1808 Quam
390 1727 428 1790 ob
445 1747 505 1788 retn
523 1726 652 1789 divinum
672 1746 726 1788 nos
741 1724 890 1788 oraculum
914 1726 1015 1801 docet,
1049 1729 1094 1787 Ne
1111 1728 1293 1804 concrepuere
1309 1727 1350 1785 ci·
1375 1733 1434 1801 crp.
1451 1732 1482 1784 v.

194 1830 243 1890 dne
257 1833 391 1903 divitum,-
424 1832 542 1890 dienirn
557 1850 620 1889 runt
641 1831 770 1890 mendaci
784 1831 841 1888 ct'tc
860 1831 1006 1889 contirncti
1025 1839 1101 1888 sunt.
1149 1824 1227 1888 Tum
1245 1807 1349 1901 aliojn
1363 1798 1503 1858 ‘mm‘

194 1929 260 1994 loco
278 1930 420 1992 eiusmodi
436 1929 537 2014 quales
555 1929 679 2015 appositi
697 1929 804 1992 luerint
822 1928 950 1992 vicissim
967 1929 1183 2013 praeparandos
1199 1929 1348 2008 admonet,

195 2035 277 2112 Quod
289 2037 320 2094 ri
331 2034 502 2094 rbsntdrdilr's
521 2054 567 2106 er,
601 2034 680 2093 itane
694 2033 771 2093 eidos
789 2053 825 2093 ne
843 2035 1035 2110 conruptione.
1083 2027 1148 2112 Qua
1165 2031 1194 2093 in
1213 2051 1245 2092 re
1262 2049 1348 2114 prce·
1379 2054 1436 2100 nm.
1450 2055 1470 2099 t.

193 2134 302 2198 cleram
323 2135 404 2219 pueri
429 2133 468 2197 illi
490 2131 640 2215 Babylone
664 2133 786 2217 gloriam
812 2131 909 2217 adepti
932 2143 1001 2194 sunt
1023 2132 1071 2215 qni
1095 2133 1245 2216 repudiata
1271 2132 1350 2215 rogis

192 2255 294 2299 mensa
314 2236 471 2320 exquisitis
488 2235 573 2299 huius
586 2235 679 2319 epulis
694 2233 838 2318 legumina
856 2235 1056 2318 praetulerunt
1073 2254 1107 2296 ac
1123 2234 1238 2298 divitias
1253 2234 1351 2319 splen·

190 2337 350 2422 doremqoe
371 2347 621 2424 contempserunt.
667 2334 732 2400 Nec
748 2338 833 2401 aliter
850 2333 992 2421 Moyses,
1016 2336 1064 2421 qui
1081 2335 1186 2398 vexari
1202 2335 1346 2420 affligique
1373 2352 1443 2399 scot.
1455 2354 1478 2398 a.

189 2460 254 2503 cum
272 2441 377 2524 populo
394 2440 439 2504 dei
455 2462 539 2524 quam
559 2437 752 2524 Aegyptiacis
769 2440 915 2503 thesauris
931 2439 1040 2523 perlrui
1063 2437 1177 2502 maluit.
1209 2436 1267 2521 Qui
1283 2403 1501 2520 ᾳιιί-ΜΜῌι

189 2543 254 2606 dem
274 2543 341 2605 duni
357 2542 419 2605 snis
437 2543 500 2628 ipse
518 2542 651 2607 manibus
669 2561 741 2624 cpns
757 2552 898 2620 exercet,
922 2541 1062 2626 propbeta
1079 2542 1172 2604 lactus
1192 2550 1249 2602 est.
1295 2536 1348 2604 llle

191 2644 269 2706 eninr
288 2645 352 2728 ipse
378 2644 484 2707 nobilis
506 2656 567 2709 eta
589 2643 645 2707 lilia
669 2643 747 2726 regis
762 2643 934 2729 adoptatus,
968 2656 1051 2706 utne
1068 2644 1180 2706 otiosus
1204 2661 1278 2726 pane
1297 2662 1349 2704 re·

191 2755 340 2819 serretur,
376 2745 464 2829 opilio
488 2747 666 2810 constitutus
691 2757 748 2809 est.
794 2742 873 2808 ldeur
898 2755 928 2809 et
950 2757 1033 2831 pater
1056 2755 1158 2808 noster
1181 2741 1268 2807 lacob
1293 2763 1347 2807 nos

193 2845 310 2921 docuit,
343 2868 407 2909 cnm
425 2845 579 2911 Labannm
597 2848 768 2931 alloquens,
799 2852 940 2922 demedi,
972 2848 1083 2932 inquit,
1114 2852 1207 2928 operas
1225 2849 1345 2928 cb‘quril,
1373 2864 1474 2911 noun

189 2953 338 3028 proprium
355 2960 390 3009 ut
404 2954 505 3011 metum
530 2972 660 3012 meream.
707 2946 792 3014 Unde
809 2960 839 3011 et
857 2970 874 3011 a
892 2971 998 3013 socero
1018 2950 1115 3013 cicinni
1134 2950 1232 3012 itidem
1249 2949 1348 3033 gregi·

192 3048 246 3112 bns
272 3050 450 3133 praedicitur.
496 3049 580 3134 Quae
600 3050 709 3115 idcirco
729 3052 804 3115 lacta
824 3062 892 3114 sunt
908 3051 1025 3131 omnia,
1050 3072 1087 3114 ne
1100 3053 1194 3116 sancti
1213 3050 1347 3114 homines

145 3156 148 3161 ’
192 3170 295 3237 panem
321 3152 407 3216 otiosi
436 3155 633 3217 comederent.
686 3154 839 3238 Apostolis
866 3175 937 3216 vero
968 3176 985 3218 a
1015 3154 1132 3218 domino
1161 3163 1347 3238 praeceptum
1412 3210 1416 3219 .

192 3254 268 3317 istud
288 3264 333 3316 est
357 3266 388 3318 ut
408 3255 498 3319 divini
521 3255 602 3318 verbi
628 3256 845 3342 praedicatione
872 3257 1001 3320 contenti
1021 3267 1139 3336 essent,
1172 3276 1208 3319 ne
1225 3276 1265 3319 ex
1283 3255 1348 3318 aliis

191 3353 263 3418 alias
284 3355 314 3417 in
331 3356 419 3419 urbes
436 3379 471 3419 ac
489 3357 552 3421 loca
575 3357 761 3441 praedicandi
778 3378 881 3421 caussa
897 3359 1057 3442 migrantes
1075 3359 1164 3423 variis
1182 3358 1269 3422 rebus
1288 3358 1347 3420 dis·

194 3457 394 3520 ltaberentur.
439 3462 551 3537 Dignus
577 3473 620 3520 est
640 3465 712 3522 eruite
735 3465 882 3541 operarius
905 3465 1030 3522 mercede
1045 3482 1117 3536 suc,-
1152 3472 1200 3538 et,
1232 3460 1345 3538 Sqfficr‘t
1382 3474 1467 3522 Mutet.

191 3564 322 3641 morio
346 3562 506 3621 ultumum
535 3582 625 3621 suurn.
681 3557 777 3642 Quam
806 3563 927 3625 eandem
954 3562 991 3626 cb
1016 3583 1148 3626 caussam
1177 3529 1483 3646 pastoribusndl’ldt.

193 3682 244 3747 pro
268 3660 430 3725 incredibili
457 3661 585 3744 ipsorum
613 3663 641 3724 iu
665 3661 862 3745 gubernandis
892 3664 1005 3748 populis
1036 3664 1226 3749 occupatione
1256 3611 1496 3749 atquel'ffi'l'l

191 3763 393 3828 ecclesiastica
411 3763 616 3847 procuratione
637 3763 915 3848 administrandique
935 3766 1035 3829 labore
1054 3777 1195 3851 perpetuo
1215 3766 1344 3831 divinum

192 3867 246 3931 boc
263 3867 411 3929 oraculum
428 3865 533 3928 edicit:
570 3867 638 3943 Quis
656 3885 774 3944 gregem
788 3872 898 3945 poerit,
931 3881 959 3930 et
976 3873 1055 3931 albite
1075 3873 1148 3931 lucta
1163 3892 1219 3932 non
1233 3873 1483 3945 cistertienses.

193 3974 262 4049 Qur's
275 3972 391 4050 plantat
405 3973 529 4042 uncum,
554 3970 657 4030 eteius
671 3969 771 4047 sanctu
788 3975 1005 4032 convescitur?
1048 3968 1180 4048 Deinde,
1212 3976 1341 4052 Operum

190 4071 302 4155 inquit,
334 4081 480 4132 acuentem
496 4072 652 4150 agriem
670 4081 736 4131 cute
757 4091 849 4130 ornnes
864 4091 921 4150 por
937 4084 981 4133 est
993 4075 1108 4154 fructus
1124 4078 1223 4148 edere,·
1257 4084 1289 4136 ut
1306 4095 1343 4139 nc

191 4173 415 4258 presbyterum,
449 4172 496 4235 vel
520 4173 687 4256 episcopum
707 4170 875 4255 quotidiano
895 4171 961 4236 cibo
977 4175 1154 4258 indigentem
1171 4174 1340 4240 constituat.

192 4268 240 4336 0b
257 4275 284 4336 id
301 4275 421 4359 popolus
439 4274 623 4350 adhortatur,
649 4284 679 4336 ut
695 4295 770 4358 quae
790 4274 825 4336 ed
844 4275 964 4337 alendos
981 4277 1150 4339 sacerdotes
1173 4279 1343 4342 necessaria

192 4384 260 4437 sunit
279 4376 446 4440 iustissimis
464 4376 525 4439 suis
550 4376 696 4441 laboribus
717 4376 849 4459 quaesita
869 4378 1070 4462 suppeditent,
1106 4379 1265 4445 offerendis
1284 4380 1342 4466 pri·
1410 4471 1414 4490 ι

224 4509 282 4560 cra.
302 4510 332 4561 V.
359 4540 391 4551 -
435 4513 455 4564 l.
483 4507 556 4580 λόγον
578 4515 750 4566 rescribendum
765 4528 813 4566 case
829 4516 889 4567 cidit
905 4517 1025 4571 Petuntur.
