3096 5070
271 313 410 366 rauauu
426 313 547 364 numu.
571 312 652 364 rou.
672 312 703 362 u.
731 310 845 361 curos.
863 309 929 361 rto.
948 308 1093 361 carnos.
1203 294 1265 359 teo

109 435 156 500 ris
170 445 200 498 et
216 433 374 497 efficacitas
396 433 589 509 ostendatur,
623 430 699 514 qnod
717 440 853 512 tanquam
870 428 961 491 vitale
980 449 1084 491 munus
1103 427 1265 490 inlldelibns

109 536 193 601 etad
211 535 361 599 nationum
380 534 508 606 omniurn
528 533 753 596 conversionem
771 541 858 614 atque
877 529 1109 612 adagnitionem
1132 527 1266 592 ueritatis

109 648 156 702 est
178 636 317 700 oblatum.
365 633 458 720 lgitnr
476 632 638 700 Chettnrae
663 634 765 698 liberis
788 634 892 697 collata
916 632 964 695 illa
984 650 1104 693 munera
1124 630 1267 715 pecuniae

109 749 211 816 erant,
242 760 344 803 aurum
363 738 516 813 videlicet,
549 746 747 821 argentumet
766 735 876 812 vestis,
910 734 1267 819 etquaenonsinemy·

109 842 201 907 sterio
222 840 386 906 Abraamns
400 839 430 902 iu
450 838 566 902 illorum
590 839 669 923 peris
686 838 823 914 inclusit,
856 836 939 913 thus,
965 836 1081 918 myrrha
1099 846 1131 898 et
1145 856 1266 911 aurnma

109 963 185 1028 quae
205 942 241 1006 ab
267 940 462 1007 Sodomorum
489 951 519 1003 et
539 939 724 1005 Gomorrbne
748 938 867 1021 regibus
888 938 1018 1021 accepit,
1052 960 1110 1022 quo
1136 949 1266 1022 tompore

111 1043 361 1134 Hhodollogomor
373 1054 402 1106 et
417 1040 524 1120 Barsa,
549 1041 698 1126 ceterique
713 1061 800 1126 reges
815 1037 984 1104 Sodomitas
999 1049 1030 1102 et
1046 1038 1268 1104 Gomorrbueos

113 1148 246 1233 captiuos
263 1145 449 1209 abduxerunt
465 1166 499 1208 ac
519 1144 649 1228 praedati
667 1154 747 1221 sunt,
774 1152 830 1204 tam
853 1162 945 1226 equos
964 1162 1049 1225 quant
1069 1139 1215 1220 homines,
1239 1152 1269 1205 et

115 1247 344 1330 uniuscuiusque
367 1248 496 1309 lortuuns
519 1246 714 1331 diripuerunt.
762 1242 847 1326 Quae
873 1265 937 1306 cum
966 1244 1134 1307 Abraanrus
1156 1264 1195 1307 ex
1219 1243 1269 1307 illa

115 1372 217 1434 regum
244 1349 718 1433 depraedationerecuperasset,
755 1367 811 1409 neo
834 1367 909 1430 quae
934 1346 990 1408 iam
1017 1346 1072 1408 deo
1095 1357 1268 1410 consecrata

114 1455 231 1518 inerant
244 1452 368 1515 auderet
381 1462 535 1528 avertere,
559 1450 637 1513 iuter
659 1449 714 1513 alia
735 1449 810 1510 dona
829 1447 930 1511 liberis
952 1448 1030 1525 suis,
1055 1468 1161 1531 quoae
1178 1445 1269 1512 Chet-

114 1566 181 1620 tura
197 1564 383 1639 susceperat,
407 1552 484 1616 ultro
504 1553 668 1631 concessit,
693 1561 724 1614 ut
739 1552 769 1613 in
784 1548 987 1614 Hebraeorum
1005 1549 1209 1614 traditionibus
1227 1550 1269 1615 le·

113 1657 221 1742 gimns.

198 1857 396 1943 Posteaquam
420 1880 492 1922 vero
510 1855 646 1923 Christus
672 1858 701 1922 iu
726 1858 802 1923 huno
829 1860 965 1923 mnndum
988 1859 1088 1940 venit,
1119 1858 1205 1924 iidem
1229 1860 1422 1939 illicap.v111.

114 1961 256 2027 Abraami
281 1972 309 2024 ot
332 1957 494 2025 Chetturae
518 1961 586 2040 filii,
621 1963 668 2046 qui
685 1973 799 2046 epatre
825 1963 927 2024 reiecti
950 1962 979 2025 in
1004 1961 1160 2047 lllagodia‚
1195 1986 1270 2049 quae

116 2064 246 2129 Arabiae
263 2064 345 2147 regin
363 2072 427 2141 est,
454 2063 669 2142 habitaverant,
694 2064 749 2127 hoc
764 2074 811 2126 est
827 2061 906 2146 Magi
925 2084 965 2126 ex
980 2064 1057 2128 illins
1073 2067 1191 2148 generis
1205 2088 1271 2129 suo-

116 2167 252 2232 ccssioue
268 2166 432 2251 propagati,
456 2167 557 2229 eadem
576 2166 624 2229 illa
642 2167 717 2231 dona
732 2166 862 2229 eiusdem
879 2167 915 2228 ad
931 2167 1164 2232 com-unionem
1180 2169 1271 2252 signi·
1285 2175 1369 2222 Mun.
1380 2177 1399 2221 1·
1498 2166 1500 2171 ’

115 2269 257 2335 beandam
276 2264 396 2332 Christo
412 2265 575 2331 Bethleemi
594 2267 779 2346 obtulerunt,
810 2289 875 2331 cum
893 2269 928 2330 ad
943 2281 1093 2352 aspectum
1111 2270 1217 2334 sideris
1235 2292 1272 2335 eo

116 2371 238 2458 proiecti
258 2370 393 2434 inissent.
440 2366 611 2434 Cuiusmodi
628 2372 703 2434 dona
717 2371 826 2435 diserte
841 2370 981 2455 propheta
998 2370 1128 2433 declarat
1145 2372 1190 2434 his
1204 2393 1273 2436 ver-

116 2474 174 2553 bis,
200 2477 335 2552 (lunarium
350 2485 497 2554 antequam
514 2477 586 2534 scelat
597 2495 671 2553 puer
685 2476 830 2554 appellare
842 2486 952 2553 putrem
967 2484 1019 2534 aut
1031 2485 1158 2547 matrem,
1182 2481 1275 2555 captet
1286 2484 1348 2529 Μ·
1361 2486 1413 2541 ⁸‚t

113 2581 267 2657 paunttitm
283 2580 419 2637 Damasci
429 2589 458 2636 et
469 2579 560 2656 speleis
574 2579 732 2649 Samariae,
757 2597 852 2637 eornm
867 2598 936 2656 rege
951 2580 1148 2654 Assyriorum.
1195 2573 1271 2640 Nam

118 2676 304 2743 haecomnia
323 2677 464 2740 Abraami
490 2676 668 2762 temporibus
690 2701 706 2740 e
723 2677 872 2742 Damasco
896 2690 926 2742 et
946 2677 1080 2742 Samaria
1098 2699 1114 2740 a
1132 2698 1273 2763 superve-

118 2780 264 2844 nientibus
282 2779 340 2843 illis
355 2780 473 2863 regibus
492 2791 587 2864 capta,
613 2791 643 2842 ut
660 2780 817 2858 soloduri,
843 2782 971 2844 fueraut.
1017 2778 1104 2864 Quod
1123 2792 1169 2844 est
1185 2779 1274 2864 igitur

119 2891 231 2967 tempus
253 2882 342 2959 illud,
375 2903 433 2966 quo
454 2892 608 2967 antequam
630 2895 758 2967 patrem,
790 2896 841 2947 aut
862 2895 983 2947 matrem
1003 2883 1150 2967 appellare
1169 2883 1271 2962 sciret,

120 2985 195 3047 donn
210 2983 258 3048 illa
271 2984 365 3069 cepit,
390 2983 447 3046 uisi
465 3006 529 3047 cum
547 2985 584 3048 ad
600 2985 693 3069 ipsum
708 2985 885 3048 accedentes
902 2983 985 3070 Magi
1002 3006 1088 3070 peras
1106 3007 1195 3064 suas,
1224 2985 1272 3049 vel

119 3084 293 3165 thesauros,
319 3096 350 3149 ut
364 3086 504 3170 quaedam
523 3087 704 3172 exemplaria
722 3109 792 3172 prae
809 3109 842 3150 se
859 3089 975 3166 lerunt,
1000 3099 1196 3172 aperuerunt,
1221 3088 1272 3152 ob·

118 3189 305 3272 tuleruntque
322 3188 483 3273 myrrham,
500 3189 566 3252 thus
584 3200 615 3252 et
630 3191 756 3253 aurumi
786 3187 878 3253 Vides
894 3211 979 3273 quam
993 3200 1059 3273 apte
1074 3190 1209 3255 veritatis
1224 3211 1272 3254 sc·

118 3311 184 3355 cnm
208 3311 305 3355 sermo
327 3290 480 3375 seriesque
499 3292 682 3354 consentiat?
715 3303 803 3375 utque
827 3293 966 3355 haereses
990 3292 1070 3377 ipsae
1093 3294 1272 3358 concubinae

119 3393 197 3471 sint,
230 3413 349 3476 quarum
372 3394 472 3457 liberis
486 3414 606 3479 aspersa
625 3414 746 3457 munera
768 3394 846 3458 sintl
890 3393 976 3477 Quae
995 3395 1110 3478 quidem
1133 3395 1272 3460 haereses

119 3497 214 3559 solnm
239 3517 345 3560 nomeu
369 3496 554 3575 obtinentes,
591 3496 620 3559 id
638 3507 684 3559 est
706 3497 769 3560 sola
788 3492 899 3560 Christi
924 3497 1118 3583 appellatione
1141 3500 1273 3563 censitae

121 3618 228 3683 paucas
246 3618 263 3662 e
278 3598 372 3662 sacris
395 3596 487 3661 literis
513 3598 677 3661 sententias
694 3598 860 3683 accipiunt,
892 3619 944 3683 pcr
958 3618 1032 3684 quas
1050 3600 1222 3678 veritatem,
1247 3600 1273 3665 si

119 3700 228 3780 velint,
254 3700 418 3783 intelligere
432 3699 556 3784 possint.
603 3698 657 3765 Siu
676 3701 771 3764 minus
789 3702 897 3778 velint,
922 3712 952 3764 et
966 3700 1004 3765 ad
1020 3700 1167 3765 Herode·
1188 3704 1273 3766 rede·

119 3813 170 3867 ant
184 3802 368 3885 (mandatnm
379 3812 476 3866 autem
492 3802 549 3865 illis
564 3813 622 3881 est,
640 3824 678 3866 ue
692 3804 727 3866 ad
744 3800 892 3866 Herodem
908 3804 1041 3880 redeant,
1058 3802 1110 3866 sed
1123 3824 1176 3888 per
1187 3805 1272 3870 aliam

118 3906 197 3971 uiam
221 3915 410 3969 revertuntur
433 3904 462 3967 iu
487 3905 609 3989 petriam
636 3909 753 3986 suam):
787 3906 839 3968 sed
857 3905 881 3969 si
898 3905 1040 3989 imperata
1063 3906 1161 3969 lacere
1178 3906 1274 3970 detru-

119 4018 216 4088 ctent,
240 4006 339 4071 inania
356 4017 385 4069 et
401 4006 581 4071 infructuosa
600 4008 671 4070 haec
688 4008 744 4071 illis
765 4008 840 4070 dona
861 4008 987 4086 luerint,
1019 4006 1140 4092 perinde
1157 4030 1191 4071 ac
1207 4007 1274 4073 Ma·

119 4110 166 4193 gis
183 4109 342 4197 protectio,
374 4108 399 4171 si
415 4110 451 4172 ad
472 4108 622 4173 Herodem
644 4109 855 4188 revertissent,
887 4110 962 4194 quod
981 4110 1116 4174 similiter
1135 4111 1274 4176 haereses

121 4208 203 4293 ipsae
224 4233 375 4277 sacrarum
397 4212 547 4276 literarum
570 4213 704 4297 dogmata
727 4212 918 4276 adulterando
942 4224 1141 4299 corrumpant.

123 4414 276 4482 ventumst
299 4419 362 4468 editt.
395 4414 535 4484 ἀπέτρεψεν
553 4421 604 4470 eod.
624 4421 682 4470 lthe-
716 4424 785 4481 repet.

123 4482 173 4547 dlp.
751 4486 773 4538 7.
793 4481 858 4539 αὐτὰ
874 4500 920 4536 om.
938 4487 990 4537 cod.
1009 4488 1107 4551 Ithedtp.

156 4551 182 4604 6.
198 4544 263 4606 dut
277 4555 388 4605 mutem
403 4558 430 4606 ta
442 4557 682 4607 adtendendum.
752 4554 810 4606 Car.
823 4555 889 4607 Vlll.
908 4582 938 4592 -
977 4554 998 4606 l.
1021 4557 1095 4622 Vntpo
1112 4557 1166 4610 llbrl
1182 4554 1243 4629 lpse.
