3096 5070
278 298 341 363 582
703 311 1016 365 ειιιαιισειοιιιιιιι

188 470 191 478 -
276 425 382 503 καθεὶς
403 424 578 508 17ῆδόνατο
595 424 725 494 όκοῦσαι
742 435 796 512 τῆς
812 437 917 513 φωνῆς
935 427 1047 510 αὐτοῦ,
1070 425 1112 506 οἷς
1129 430 1243 513 έχοόρει·
1267 425 1308 505 σός
1324 431 1357 495 έν
1373 427 1447 495 στό-

279 557 349 615 ματι
362 535 417 594 τοῦ
432 526 555 595 Ἡσαΐου
572 532 677 615 ἔλεγεν,
696 529 793 610 Ἰδοό,
816 530 936 614 συνῆσει
952 530 970 598 ό
987 541 1059 608 παῖς
1074 558 1132 614 μου
1149 529 1166 597 ό
1183 529 1334 618 όγαπητός
1348 539 1444 598 τοῦτο

279 631 368 716 φανῆ
384 629 512 718 πατρός·
541 635 591 697 καλ
619 629 660 708 σός
686 630 847 717 όΔανιῆλ,
881 631 1021 700 ΙεΕίδον
1039 634 1090 700 τόν
1107 632 1234 700 παλαιόν
1260 631 1444 719 1δῆμεροῖν·

280 741 368 801 τοῦτο
386 734 513 799 ὀπτασλα
528 742 583 799 τοῦ
598 733 724 820 πατρός·
748 732 790 813 σός
805 736 837 800 δέ
853 738 885 802 έν
900 742 942 826 τῷ
955 735 1097 827 προφῆτη
1112 735 1210 816 πόλιν,
1228 735 1307 822 'Eros'
1322 734 1446 822 όρόσετς

281 836 450 918 έπλῆθννα,
482 839 532 901 καί
549 839 581 903 έν
596 839 676 922 χερσὶ
698 845 864 924 προφητῶν
880 835 1059 921 ω’μοιοόθην·
1081 845 1169 905 τοῦτο
1188 837 1274 922 φωνῆ
1290 843 1376 904 υἱοῦ·
1401 837 1446 916 σός

281 938 314 1003 δέ
327 940 360 1004 έν
377 937 568 1020 ’θἘζεκιῆλ,
603 944 664 1004 Καί
686 942 772 1024 ἔλαβέ
793 965 828 1023 με
845 949 961 1023 πνεῦμα
978 949 1069 1022 θεοῦ,
1093 944 1144 1007 καλ
1160 944 1275 1026 έξέβαλέ
1290 967 1325 1024 με
1341 945 1386 1018 είς
1407 940 1444 1008 τό

280 1043 397 1106 πεδίον·
419 1047 507 1105 τοῦτο
523 1042 591 1125 περί
608 1048 663 1107 τοῦ
679 1039 765 1128 όγίου
780 1041 954 1124 πνεύματος.
1000 1047 1060 1108 Καὶ
1075 1042 1168 1109 πολλοὶ
1184 1047 1244 1109 ἔστι
1257 1051 1379 1109 τοιαῦτα
1394 1047 1443 1110 λέ-

281 1164 355 1228 γειν,
386 1135 428 1207 όν
451 1139 602 1228 Μόλλγων
624 1142 686 1209 σἰπό
707 1147 816 1231 μέρους
832 1141 1073 1228 ὑπομνησθέντες
1095 1148 1127 1212 έν
1144 1150 1321 1235 παραδρομῇ
1342 1149 1386 1223 είς
1405 1146 1443 1213 τό

282 1245 376 1320 δεῖξαι
393 1243 444 1309 τόν
464 1252 632 1331 χαρακτῆρα
646 1252 700 1329 τῆς
714 1249 868 1330 ἐκκλησίας
884 1246 920 1313 τό
937 1246 992 1313 δόο
1011 1248 1129 1332 βήματα
1142 1250 1351 1332 παρεθέμεθα,
1385 1275 1444 1331 μυ·

282 1349 356 1431 ρίαν
370 1343 465 1411 όντων
478 1350 529 1412 καί
544 1349 679 1415 ἐπέκεινα
695 1356 796 1415 Ητιόν
809 1346 921 1433 όμοίων
936 1348 1053 1426 τούτοις
1065 1352 1097 1415 έν
1109 1358 1176 1425 ταῖς
1188 1355 1286 1427 θείαις
1297 1361 1445 1436 γραφαῖς,

282 1455 411 1526 παλαιᾶς
427 1476 458 1515 τε
475 1453 527 1516 καὶ
546 1458 652 1535 καινῆς
668 1452 834 1535 διαθῆκης,
858 1454 1075 1537 ίμφερομένων.
1120 1454 1182 1517 Kal
1200 1452 1247 1518 ὅτι
1266 1451 1356 1530 αότός
1374 1452 1445 1521 ¹³6

282 1549 388 1635 κύριος
401 1555 507 1618 ἔπλασε
520 1551 553 1619 τό
571 1561 655 1636 σῶμα
669 1561 710 1642 τῷ
723 1552 824 1638 Ἀδόμ,
847 1556 897 1620 καί
913 1556 1085 1621 ἐνέπνευσεν
1101 1560 1138 1599 ¹⁴
1147 1552 1228 1643 αὐτῷ
1244 1553 1339 1639 πνοῆν
1352 1563 1446 1639 ζωῆς,

282 1659 384 1730 κτίσας
398 1653 479 1744 αὐτῷ
492 1655 592 1739 ψυχῆν
606 1663 709 1735 ζῶσαν,
730 1659 781 1723 καλ
798 1656 844 1723 ότι
859 1657 950 1734 αῦτός
966 1659 1076 1723 δέδωκε
1089 1654 1140 1721 τόν
1154 1655 1248 1741 νόμον
1263 1664 1305 1746 τῷ
1319 1664 1447 1749 Μοοῦσῆ

284 1751 400 1835 όθεός,
422 1756 531 1841 πατῆρ,
550 1757 662 1835 Νυίός
679 1761 728 1822 καί
745 1758 830 1845 ῦγιον
843 1766 966 1842 πνεῦμα,
989 1764 1042 1842 μία
1054 1757 1173 1842 θεότης,
1194 1761 1245 1825 καί
1260 1759 1305 1826 ότι
1321 1764 1353 1826 ολ
1368 1788 1445 1845 προ-

282 1865 376 1941 φῆται
401 1856 460 1924 όπό
484 1867 538 1943 τῆς
560 1860 821 1945 αῦτῆςθεότητος
845 1859 1061 1943 όπεστόλησαν,
1093 1864 1144 1926 καλ
1161 1860 1208 1931 ὅτι
1224 1861 1315 1938 αῦτός
1336 1860 1447 1945 ῆμῖνό

282 1957 357 2037 θεός
374 1958 392 2026 ό
411 1958 569 2029 Ἰουδαίων
585 1990 615 2028 τε
631 1967 682 2029 καί
706 1970 891 2048 Χριστιανῶν
911 1961 953 2028 νῦν
972 1961 1059 2042 θεός,
1088 1961 1258 2041 Ἰουδαίους
1273 1969 1444 2043 ’θκαλίσας

284 2064 327 2139 είς
350 2067 521 2146 δικαίωσιν,
554 2064 625 2142 τοῦς
650 2064 691 2149 μῆ
715 2064 918 2151 όρνουμένους
941 2064 995 2148 τῆν
1020 2072 1075 2130 τοῦ
1099 2070 1207 2151 κυρίου
1233 2063 1320 2150 ῆμῦν
1340 2067 1443 2150 Ἰησοῦ
1534 2142 1538 2153 .

287 2170 418 2250 Χριστοῦ
433 2173 609 2253 παρουσίαν,
632 2170 682 2232 καλ
696 2168 811 2244 πόντας
827 2167 928 2247 σσόζων
943 2165 1013 2243 τοῦς
1030 2166 1105 2233 κατολ
1118 2166 1174 2250 τῆν
1188 2168 1336 2254 όληθινῆν
1348 2168 1439 2235 αῦτοῦ

285 2271 384 2332 πίστιν
400 2272 556 2351 βιοῦντας,
588 2272 640 2335 καὶ
665 2270 706 2353 μῆ
723 2268 925 2354 όρνουμένους
947 2268 1002 2353 τῆν
1018 2268 1164 2354 σἰλῆθειοιν
1185 2278 1240 2336 τοῦ
1256 2269 1434 2356 κηρύγματος

284 2377 338 2452 τῆς
360 2370 503 2454 όλῆθειας
521 2376 571 2438 καί
590 2372 777 2459 εόαγγελικῆς
795 2371 889 2438 αὐτοῦ
912 2376 1108 2448 διδασκαλίας.
1147 2367 1241 2438 Ἠλθτ
1254 2371 1323 2458 γόρ,
1343 2363 1434 2452 ῆλθεν

286 2468 305 2538 ό
320 2472 498 2559 μονογενής·
519 2478 571 2540 καλ
588 2474 684 2551 οῦτως
701 2478 758 2559 έγει
772 2472 793 2559 ῆ
808 2474 903 2561 μῆτηρ
920 2472 1005 2559 ῆμῶν
1023 2472 1089 2558 Ήῆ
1103 2477 1250 2560 έκκλησίτ,
1281 2469 1398 2554 όλιμῆν
1418 2468 1436 2538 ό

286 2572 386 2652 εὔδιος
398 2584 451 2659 τῆς
467 2577 595 2663 είρῆνης,
614 2575 636 2661 ῆ
650 2579 799 2664 εῦφρασία
813 2576 834 2661 ῆ
848 2579 980 2643 πνέουσα
997 2575 1089 2643 ’θτόν
1103 2578 1216 2664 κόπρον
1227 2583 1280 2661 τῆς
1293 2573 1438 2658 όμπέλου,

286 2679 338 2742 καλ
360 2676 472 2764 βότρυν
486 2681 620 2765 φέρουσα
635 2677 708 2764 ῆμῐν
730 2688 783 2764 τῆς
799 2680 949 2766 εὐλογίας,
977 2683 1030 2745 καί
1047 2678 1080 2746 τό
1098 2687 1255 2748 λυσίπονον
1272 2675 1342 2762 ῆμῑν
1357 2675 1445 2760 πόμα

286 2778 356 2847 καθ’
373 2781 498 2865 έκόστην
512 2779 634 2869 ἡμέραν,
657 2780 731 2866 αίμα
748 2790 879 2870 Χριστοῦ
894 2785 1077 2869 χαριζομένη,
1099 2781 1241 2871 όκρατον,
1262 2782 1379 2865 τίληθές.

360 3190 431 3258 Ὅτι
455 3189 654 3275 ’θόληθινσῦς
673 3191 820 3277 έγεννῆθη
846 3187 909 3257 ⁸00‘
932 3189 1060 3276 Χριστός
1076 3188 1136 3255 ιἰπό
1160 3194 1286 3274 Μαρίας
1309 3197 1363 3273 τῆς
1386 3187 1451 3256 τίετ-

286 3296 456 3379 παρθένου,
479 3293 529 3360 διό
548 3293 714 3377 πνεύματος
737 3290 840 3380 όγίου,
874 3294 932 3359 οῦκ
955 3290 1016 3360 όπό
1040 3294 1205 3377 σπέρματος
1228 3290 1353 3375 ἀνδρός,
1385 3290 1451 3356 ἀλλ’

287 3394 339 3463 εἶπ’
356 3397 449 3480 αὐτῆς
474 3404 527 3480 τῆς
550 3393 637 3482 όγίας
658 3398 815 3483 παρθένου
831 3394 931 3480 λαβοόν
949 3396 984 3462 τό
1000 3403 1085 3479 σῶμα
1100 3397 1133 3461 έν
1151 3392 1292 3481 α’ληθείμ,
1322 3391 1452 3459 καλοῦσι

161 3526 269 3584 mm
288 3501 320 3566 έν
335 3499 470 3584 δοκήσει,
500 3499 597 3587 σόρκα
613 3500 781 3583 ἀληθινοῖς,
812 3505 896 3580 σῶμα
912 3496 1077 3582 όληθινῶς,
1108 3494 1164 3563 σῦν
1182 3493 1357 3571 όστέοιςκαλ
1379 3495 1452 3561 νεῦ-

287 3627 352 3686 ροις
365 3606 416 3668 καί
432 3611 504 3670 πᾶσι
525 3613 590 3679 τοῖς
605 3600 770 3687 ῆμετέροις,
793 3602 885 3684 μηδὲν
903 3598 952 3682 ἐφ’
970 3598 1055 3685 ῆμιῦν
1072 3600 1289 3684 διηλλαγμένος,
1311 3596 1333 3680 ῆ
1349 3595 1449 3680 μόνον

287 3702 321 3771 τό
338 3708 459 3783 ἔνδοξον
474 3713 528 3789 τῆς
542 3703 634 3771 αότοῦ
650 3703 805 3791 όγιότητος
821 3706 872 3769 καλ
887 3701 1032 3786 θεότητος
1048 3705 1099 3768 καλ
1117 3701 1242 3778 σκεόονς
1263 3697 1447 3786 όγιωσόνης,

287 3810 339 3873 καί
356 3807 569 3894 όναμαρτῆτως
586 3806 622 3873 τό
640 3808 738 3873 πάντα
755 3812 869 3883 τελείως
884 3808 972 3890 έχων,
1003 3808 1055 3870 καλ
1076 3803 1207 3889 ἐσχηκός
1222 3801 1324 3887 ψυγῆν
1344 3810 1376 3849 ⁸¹
1389 3801 1448 3884 τῆν

288 3908 485 3995 σἰνθρωπίνην
511 3913 543 3976 έν
564 3911 706 3999 όληθείρι,
737 3917 810 3976 νοῦν
824 3907 877 3975 τόν
893 3906 1088 3994 όνθροόπινον
1106 3910 1138 3974 έν
1155 3905 1295 3995 όληθείρι,
1326 3901 1379 3987 οῦχ
1403 3903 1448 3983 οἷς

287 4009 373 4097 ῆμοῦν
394 4015 665 4100 διαβεβαιουμένων
684 4009 735 4078 τόν
755 4019 829 4078 νοῦν
851 4008 925 4078 εἶναι
942 4009 1120 4077 ὑπόστασιν·
1152 4007 1270 4075 8ἰιατό
1292 4005 1387 4072 πόντα
1413 4009 1448 4073 δέ

323 4152 362 4206 17.
381 4148 486 4206 τείνατο
499 4155 567 4204 ατο.
582 4168 637 4205 αα.
661 4146 773 4218 ηὀλιαο
785 4153 850 4203 aaut.
914 4151 956 4204 νε.
975 4148 989 4204 0‘
1004 4153 1117 4203 ιιιιιιιιιι
1131 4151 1279 4201 desiderum
1294 4150 1319 4197 οι
1332 4148 1386 4196 αιι
1399 4148 1446 4198 Ρι-

323 4221 362 4274 18.
380 4218 447 4275 εἶδεν
465 4224 519 4271 edit.
536 4225 617 4272 Ριλσν.
885 4224 933 4270 λου.

323 4287 362 4341 19.
379 4293 429 4343 τῶν
446 4285 551 4356 ῆμερών
567 4293 621 4340 edit.
638 4293 720 4341 Petav.
916 4286 957 4338 λλ.
976 4286 1001 4340 έν
1015 4281 1086 4354 αότῷ
1103 4288 1157 4337 edit
1175 4289 1257 4336 Ριλον.

321 4357 362 4409 λθ.
379 4353 505 4424 Ἰεζεκιῆλ
519 4361 572 4409 edit.
591 4362 673 4409 Ριλσυ.
884 4402 889 4410 ,
916 4355 957 4406 25.
974 4355 1019 4407 καλ
1035 4354 1090 4416 νλδς
1106 4357 1162 4405 edit.
1183 4356 1264 4407 Ριλαυ

322 4426 363 4476 21.
382 4422 464 4492 ὀλίγον
477 4429 545 4476 codd.
560 4442 614 4477 οιιι.
630 4433 652 4477 τί
668 4428 723 4478 edit.
739 4428 815 4489 μήτε.
915 4421 955 4474 26.
965 4423 1075 4484 καλέσας
1087 4422 1123 4483 τίς
1133 4419 1294 4487 δικαιοσύνην
1304 4423 1446 4481 edwine.

321 4492 364 4546 22
380 4499 437 4555 ταῖς
448 4498 529 4546 vitiose
550 4497 603 4545 τδλλ
622 4498 703 4548 Ρελσν.
715 4498 796 4548 colon.
811 4508 849 4546 τι·
881 4507 910 4545 τε
924 4491 1034 4551 καλέσας
1056 4490 1093 4551 είς
1109 4486 1269 4555 δικαιοσύνην
1283 4491 1337 4540 edit
1352 4491 1449 4549 Ριλσυ..

285 4567 333 4629 φιλ
881 4563 1040 4614 λακωνίσαι
1054 4565 1107 4612 υελλ.
1141 4557 1254 4620 καλέσας
1270 4557 1307 4618 εἰς
1322 4555 1448 4612 θικαίσσιν
