3096 5070
368 276 504 330 ιιιιιιιιι
519 275 583 326 nra
597 275 643 325 ιιι.
659 274 742 328 τοιι.
756 275 776 326 ι.
792 274 892 326 asna.
905 275 1024 326 rsxxvr.
1208 261 1272 326 259

119 399 268 488 gitaadus.
313 396 363 462 Ex
379 418 437 482 qua
452 393 695 481 profundissimus
713 393 772 458 iste
789 414 875 459 error
891 394 926 457 ad
941 392 1089 477 ingentem
1104 393 1272 478 dogmatum

120 516 149 572 et
162 500 376 568 sententiarum
393 498 603 562 absurditatem
619 509 766 582 postremo
783 495 945 559 deducitur.
990 492 1097 580 Neque
1110 495 1187 560 enim
1204 518 1274 560 oon·

119 607 225 671 sistere
242 603 356 668 animus
376 601 488 687 uspiam
510 599 629 684 poterit,
653 599 704 662 sed
722 599 791 662 illud
810 618 827 661 e
843 597 997 683 scripturis
1013 596 1159 683 implebit:
1183 602 1426 669 Stultissimum

116 712 193 795 facti
203 718 272 770 aaut
287 710 335 768 ato·
345 710 432 777 serui,
455 704 594 783 elsatam
609 705 698 762 omat'a
713 704 794 762 homo
808 703 936 762 redditus
950 711 993 762 est
1005 721 1023 761 o
1037 705 1165 762 serenda.
1211 698 1275 763 Ne·

120 833 177 897 que
204 810 281 873 enim
303 808 361 869 sibi
387 809 445 887 apsi
465 807 611 884 quisquam
637 807 724 875 ciart,
756 815 806 863 out
827 807 964 876 moritur,
1006 823 1101 885 neque
1131 801 1273 886 quispiam
1292 825 1429 882 stanter.

121 911 274 998 cognoscit
290 909 365 972 ullus
390 907 454 969 sine
477 926 532 990 ope
554 902 618 981 dci,
650 904 698 987 qui
722 925 823 967 veram
844 904 927 967 nobis
950 905 1033 968 lidem
1057 905 1209 989 patefecit,
1242 925 1276 968 ac

122 1017 212 1092 dixit,
237 1017 291 1074 Hie
306 1011 440 1089 estfilius
456 1029 533 1068 naeus
548 1009 684 1080 dilectus,
715 1012 804 1088 speum
820 1011 931 1082 audite,
963 1028 997 1070 ao
1015 1007 1079 1070 sine
1096 1008 1172 1070 ittins
1189 1025 1274 1090 quent
1306 1029 1392 1077 Macte

123 1111 370 1201 geonitauxilio,
402 1109 449 1192 qui
464 1130 548 1173 sunm
566 1108 650 1172 nobis
666 1118 777 1193 patrem
795 1108 957 1172 declaravit
971 1109 1016 1173 bis
1029 1108 1147 1173 verbis:
1179 1113 1277 1189 Egon
1314 1083 1392 1178 lidii,

120 1229 205 1298 patre
228 1218 308 1277 ambi
327 1225 357 1275 et
374 1217 464 1274 censo.
511 1208 605 1275 Porro
632 1231 727 1295 oeque
750 1231 790 1274 en
817 1211 963 1274 bominum
990 1211 1185 1297 appellatione
1203 1213 1277 1274 deos
1319 1183 1396 1243 “⁸¹²

124 1317 193 1380 illud
209 1315 434 1401 incomparabile
451 1314 572 1377 sortitus
588 1325 652 1391 est,
676 1334 772 1397 neque
790 1313 827 1376 ob
847 1314 922 1378 idem
939 1313 1181 1398 incomparabile,
1214 1313 1278 1376 veri

127 1440 161 1483 ac
177 1417 364 1482 subsistentis
388 1417 434 1479 dei
458 1415 558 1493 verbi,
593 1426 655 1478 eta
673 1426 756 1499 patre
775 1416 840 1479 sine
861 1416 920 1479 ullo
937 1416 1021 1480 initio
1042 1416 1143 1480 eadem
1159 1414 1190 1479 in
1211 1414 1280 1479 sub·

125 1519 233 1585 stantia
257 1520 349 1604 geniti
374 1519 500 1603 dignitas
525 1517 723 1602 abrogabitur.
768 1515 914 1582 Neutrnm
939 1519 1016 1583 eninr
1041 1517 1164 1583 istorum
1188 1517 1281 1581 nomi·

127 1645 195 1687 num
210 1622 336 1706 ingeniis
353 1621 512 1700 bominum,
536 1620 583 1684 vel
600 1620 728 1684 inventis
741 1631 892 1704 acceptum
909 1621 1058 1685 ferendum
1076 1632 1132 1684 est.
1165 1617 1280 1705 Quippe

127 1726 225 1789 divina
243 1734 347 1788 tratura
370 1743 475 1787 novant
496 1723 604 1787 nnllam
622 1722 792 1806 dignitatem
810 1721 1053 1786 accessioacmve'
1066 1732 1162 1807 potest
1178 1724 1281 1786 admit-

128 1838 210 1905 tere,
243 1828 311 1911 quio
331 1826 428 1911 potins
450 1845 490 1889 ex
514 1824 640 1908 eoquod
658 1823 789 1909 plancio
808 1844 876 1887 sese
895 1823 1133 1909 abundanterque
1150 1823 1283 1888 continet

127 1929 460 2013 omuibussuppeditat,
491 1928 593 1990 eodem
611 1927 641 1990 io
664 1937 742 1990 statu
766 1947 957 2011 permanens,
990 1948 1044 1991 nec
1063 1925 1283 1991 ullomododi·
1401 1954 1403 1957 ·

127 2032 256 2108 minuta,
287 2051 322 2093 ac
336 2032 450 2094 demum
478 2030 603 2094 staminis
625 2028 703 2093 illius
718 2048 754 2093 ac
770 2029 924 2114 potestatis
941 2040 972 2094 ct
987 2029 1169 2094 substantiae
1189 2029 1283 2114 digni·

128 2143 218 2198 tatam
241 2133 270 2196 in
294 2142 398 2195 natura
420 2152 472 2194 sna
496 2129 708 2215 complectitor.

213 2233 294 2298 Aelii
310 2228 408 2317 Caput
426 2229 515 2296 Xlll.
561 2231 596 2298 Si
611 2233 733 2318 ingeniti
749 2234 878 2298 conditio
896 2234 952 2297 deo
971 2233 1159 2297 extrinsecus
1173 2232 1285 2317 affingi·

130 2349 194 2416 tur,
227 2337 275 2421 qni
295 2356 359 2399 eam
376 2335 554 2399 affinxerunt
571 2335 598 2398 ei
615 2335 668 2419 ipsi
689 2337 736 2400 cni
755 2336 902 2419 alliogitnr
920 2345 1085 2420 praestant,
1116 2355 1182 2399 cam
1199 2355 1285 2420 prae·

131 2439 258 2504 stantius
281 2459 366 2522 quam
390 2447 493 2501 natura
515 2438 642 2522 patiatur
663 2437 692 2501 ei
714 2459 820 2502 nomen
842 2438 1013 2502 attribuant.

218 2536 338 2605 Conlut.
361 2537 450 2604 Xlll.
497 2537 562 2604 [leo
593 2540 696 2604 melior
724 2560 790 2605 esse
822 2561 909 2604 nemo
942 2550 1038 2625 potest
1070 2543 1116 2622 (ut
1143 2538 1286 2604 aduersos

133 2639 251 2703 Aetium
274 2642 430 2706 commenti
450 2642 536 2706 buius
562 2653 711 2707 auctorem
736 2643 912 2728 disputem),
946 2663 1041 2726 neque
1068 2640 1221 2726 quicquam
1249 2661 1286 2704 eo

134 2741 189 2806 dici
209 2753 304 2824 potest
319 2745 430 2809 verius.
474 2743 552 2809 Nam
569 2746 714 2829 quomodo
730 2745 880 2828 quisquam
898 2747 953 2808 deo
972 2744 1076 2807 melior
1092 2764 1159 2807 esse
1176 2751 1284 2829 potest,

134 2866 199 2908 cum
217 2843 252 2907 ab
268 2864 304 2909 eo
318 2844 378 2908 sint
394 2848 491 2911 omnia
508 2849 667 2934 producta?
710 2843 786 2912 Cum
804 2846 894 2931 igitur
908 2848 1089 2911 conditarum
1106 2868 1123 2909 a
1138 2866 1172 2909 se
1188 2864 1287 2908 rerum

135 2947 263 3010 ortasium
280 2958 382 3011 auctor
395 2951 435 3013 sit
446 2951 518 3013 deus
534 2971 568 3014 ao
586 2949 756 3035 principium
771 2959 828 3012 tam
844 2970 918 3032 quae
934 2949 1048 3012 ratione
1060 2948 1208 3032 praeditae
1219 2955 1289 3011 snut

135 3070 219 3133 qoam
237 3049 440 3133 quaeratione
457 3062 574 3132 carent,
599 3062 656 3116 mm
674 3072 748 3136 quae
765 3051 858 3114 videri
873 3062 997 3136 possunt
1011 3072 1096 3135 qnam
1112 3070 1188 3134 quae
1204 3068 1289 3135 aspc-

136 3161 213 3214 rtum
239 3149 373 3234 lugiunt,
404 3174 527 3219 necessa
543 3164 591 3219 est
616 3152 751 3219 omnibns
772 3163 804 3216 nt
825 3152 864 3216 sit
880 3153 930 3217 ille
954 3153 1167 3238 praestantior,
1197 3171 1290 3236 quan·

137 3252 245 3323 tumris
261 3272 303 3316 ex
328 3252 416 3318 rebus
435 3257 562 3336 creatis,
594 3254 807 3341 quaeratione
829 3255 979 3340 praeditae
1001 3265 1087 3335 sunt,
1117 3265 1230 3318 rectum
1253 3251 1289 3316 ad

137 3356 274 3440 pietatem
298 3355 425 3419 animum
449 3357 645 3438 obtinuerint,
677 3369 708 3421 nt
731 3358 884 3441 exaliqua
909 3369 992 3443 parte
1011 3355 1206 3421 excellentius
1221 3353 1289 3416 illud

139 3457 237 3520 colere
256 3477 291 3519 ao
308 3457 477 3541 praedicare
495 3462 619 3544 possint.
665 3458 782 3525 Etenim
798 3460 822 3522 si
838 3461 867 3523 in
887 3482 974 3523 ιιιιιιιιι
990 3461 1084 3523 locum
1102 3460 1293 3522 conserantur

140 3579 262 3636 omnies,
292 3568 324 3622 et
339 3559 451 3623 iuboito
469 3560 567 3643 plures
584 3561 773 3640 adiiciuntur,
808 3572 895 3646 atque
913 3563 950 3625 ad
968 3562 1189 3626 collaudandum
1207 3559 1292 3620 deum

140 3661 221 3724 vires
243 3680 312 3723 suas
336 3680 438 3723 omncs
459 3660 628 3739 intendant,
661 3685 806 3747 nunquam
825 3667 983 3747 perlectum
1008 3665 1085 3727 illius
1107 3660 1293 3746 splendorem

141 3783 175 3826 ac
191 3762 313 3846 gloriam
341 3761 370 3824 in
391 3762 498 3846 seipsis
523 3758 679 3848 concipere
697 3775 850 3847 poteruntq
882 3766 1013 3850 eoquod
1037 3759 1233 3848 praestantior
1245 3759 1295 3823 illo

142 3876 246 3929 natura
263 3861 437 3927 vinferiorum
453 3885 489 3929 ac
507 3865 562 3929 sibi
579 3863 776 3928 subiectarum
793 3867 999 3950 cogitationem
1022 3886 1137 3930 omttom
1161 3873 1293 3949 superat,

141 3967 211 4032 licat
227 3987 280 4051 pro
295 3964 426 4045 viribus,
451 3967 509 4030 imo
527 3987 615 4052 supra
633 3965 730 4045 rires,
763 3967 895 4031 laudibus
913 3968 1136 4053 praeconiisque
1151 3965 1214 4030 suis
1231 3986 1295 4029 cnm

142 4068 359 4156 praestantiora
375 4069 540 4154 adaequare
555 4091 588 4135 se
607 4079 762 4132 merentur.
808 4066 865 4133 Est
882 4070 960 4132 enim
982 4091 1041 4132 non
1062 4068 1127 4133 solo
1145 4088 1295 4146 sarronae,

144 4173 197 4237 sed
221 4180 381 4257 potestate,
414 4193 488 4236 voce
511 4193 545 4237 ao
560 4173 676 4236 ratione
698 4169 905 4256 praestantior.
950 4167 1046 4234 Porro
1068 4168 1298 4255 incomparabile

145 4293 234 4336 unum
248 4274 285 4337 ab
301 4274 394 4337 altero
411 4295 556 4359 nunquam
573 4272 794 4339 excellentioris
809 4272 845 4336 ab
859 4271 1048 4336 interioribus
1061 4283 1199 4358 suscepto
1216 4290 1300 4355 praa·

146 4373 253 4439 dicatio
269 4376 428 4459 separabit.
472 4373 568 4442 Novit
585 4376 662 4441 enim
679 4376 710 4441 in
725 4387 808 4465 patra
824 4373 1020 4460 praestantius
1036 4374 1135 4440 inesse
1150 4374 1297 4460 quiddam,

146 4488 290 4561 qnatenus
307 4487 353 4543 est
372 4477 537 4563 ingenitus,
570 4499 605 4544 ac
620 4478 817 4566 praestantius
838 4477 939 4543 itidenr
962 4496 1030 4543 esse
1046 4477 1101 4542 boc
1117 4478 1192 4564 qnod
1208 4476 1244 4542 ab
1262 4496 1300 4542 eo

1030 4594 1098 4665 17*
