<?xml version="1.0" encoding="UTF-8"?>
<!DOCTYPE html PUBLIC "-//W3C//DTD XHTML 1.0 Transitional//EN"
    "http://www.w3.org/TR/xhtml1/DTD/xhtml1-transitional.dtd">
<html xmlns="http://www.w3.org/1999/xhtml" xml:lang="en" lang="en">
 <head>
  <title>
</title>
<meta http-equiv="Content-Type" content="text/html;charset=utf-8" />
  <meta name='ocr-system' content='tesseract 3.04.00' />
  <meta name='ocr-capabilities' content='ocr_page ocr_carea ocr_par ocr_line ocrx_word'/>
</head>
<body>
  <div class='ocr_page' id='page_1' title='image "./corporishaerese00unkngoog/corporishaerese00unkngoog_0258.png"; bbox 0 0 3096 5070; ppageno 0'>
   <div class='ocr_carea' id='block_1_1' title="bbox 395 269 1301 348">
    <p class='ocr_par' dir='ltr' id='par_1_1' title="bbox 395 269 1301 348">
     <span class='ocr_line' id='line_1_1' title="bbox 395 269 1301 348; baseline -0.009 -1"><span class='ocrx_word' id='word_1_1' title='bbox 395 293 533 348; x_wconf 79' lang='lat' dir='ltr'>sausmr</span> <span class='ocrx_word' id='word_1_2' title='bbox 550 292 668 345; x_wconf 71' lang='lat' dir='ltr'>urania.</span> <span class='ocrx_word' id='word_1_3' title='bbox 686 292 768 346; x_wconf 84' lang='lat' dir='ltr'>rom.</span> <span class='ocrx_word' id='word_1_4' title='bbox 785 293 806 342; x_wconf 86' lang='lat' dir='ltr'>r.</span> <span class='ocrx_word' id='word_1_5' title='bbox 823 291 923 341; x_wconf 80' lang='lat' dir='ltr'>nasu.</span> <span class='ocrx_word' id='word_1_6' title='bbox 936 291 1055 341; x_wconf 75' lang='lat' dir='ltr'>cxxvi.</span> <span class='ocrx_word' id='word_1_7' title='bbox 1240 269 1301 339; x_wconf 77' lang='lat' dir='ltr'>tbi</span> 
     </span>
    </p>
   </div>
   <div class='ocr_carea' id='block_1_2' title="bbox 147 407 1422 2541">
    <p class='ocr_par' dir='ltr' id='par_1_2' title="bbox 147 407 1422 2541">
     <span class='ocr_line' id='line_1_2' title="bbox 150 407 1303 501; baseline -0.01 -20"><span class='ocrx_word' id='word_1_8' title='bbox 150 416 348 501; x_wconf 84' lang='lat' dir='ltr'>ignoraverit,</span> <span class='ocrx_word' id='word_1_9' title='bbox 379 425 531 478; x_wconf 78' lang='lat' dir='ltr'>auctorem</span> <span class='ocrx_word' id='word_1_10' title='bbox 554 434 586 476; x_wconf 89' lang='lat' dir='ltr'>se</span> <span class='ocrx_word' id='word_1_11' title='bbox 612 434 647 476; x_wconf 84' lang='lat' dir='ltr'>ac</span> <span class='ocrx_word' id='word_1_12' title='bbox 667 413 849 476; x_wconf 85' lang='lat' dir='ltr'>conditorem</span> <span class='ocrx_word' id='word_1_13' title='bbox 875 408 1053 487; x_wconf 70' lang='lat' dir='ltr'>arbitretur,</span> <span class='ocrx_word' id='word_1_14' title='bbox 1086 419 1115 470; x_wconf 90' lang='lat' dir='ltr'>et</span> <span class='ocrx_word' id='word_1_15' title='bbox 1138 430 1155 471; x_wconf 85' lang='lat' dir='ltr'>a</span> <span class='ocrx_word' id='word_1_16' title='bbox 1178 407 1303 472; x_wconf 86' lang='lat' dir='ltr'>veritate</span> 
     </span>
     <span class='ocr_line' id='line_1_3' title="bbox 149 510 1422 606; baseline -0.01 -22"><span class='ocrx_word' id='word_1_17' title='bbox 149 537 269 606; x_wconf 86' lang='lat' dir='ltr'>prorsus</span> <span class='ocrx_word' id='word_1_18' title='bbox 295 519 424 581; x_wconf 87' lang='lat' dir='ltr'>excidat.</span> <span class='ocrx_word' id='word_1_19' title='bbox 481 515 569 579; x_wconf 85' lang='lat' dir='ltr'>Licet</span> <span class='ocrx_word' id='word_1_20' title='bbox 591 516 668 578; x_wconf 90' lang='lat' dir='ltr'>enim</span> <span class='ocrx_word' id='word_1_21' title='bbox 692 513 840 578; x_wconf 76' lang='lat' dir='ltr'>Noenum</span> <span class='ocrx_word' id='word_1_22' title='bbox 864 514 996 594; x_wconf 84' lang='lat' dir='ltr'>legamus</span> <span class='ocrx_word' id='word_1_23' title='bbox 1024 512 1171 596; x_wconf 80' lang='lat' dir='ltr'>plantasse</span> <span class='ocrx_word' id='word_1_24' title='bbox 1196 510 1299 586; x_wconf 86' lang='lat' dir='ltr'>vitem,</span> <span class='ocrx_word' id='word_1_25' title='bbox 1328 537 1386 584; x_wconf 80' lang='lat' dir='ltr'>nm.</span> <span class='ocrx_word' id='word_1_26' title='bbox 1401 536 1422 581; x_wconf 70' lang='grc' dir='ltr'>ι,</span> 
     </span>
     <span class='ocr_line' id='line_1_4' title="bbox 149 613 1304 704; baseline -0.009 -18"><span class='ocrx_word' id='word_1_27' title='bbox 149 643 207 686; x_wconf 89' lang='lat' dir='ltr'>non</span> <span class='ocrx_word' id='word_1_28' title='bbox 229 633 327 683; x_wconf 69' lang='lat' dir='ltr'>umen</span> <span class='ocrx_word' id='word_1_29' title='bbox 344 621 484 704; x_wconf 88' lang='lat' dir='ltr'>scriptum</span> <span class='ocrx_word' id='word_1_30' title='bbox 509 632 555 680; x_wconf 87' lang='lat' dir='ltr'>est</span> <span class='ocrx_word' id='word_1_31' title='bbox 572 617 673 700; x_wconf 89' lang='lat' dir='ltr'>stirpis</span> <span class='ocrx_word' id='word_1_32' title='bbox 692 617 777 681; x_wconf 89' lang='lat' dir='ltr'>buius</span> <span class='ocrx_word' id='word_1_33' title='bbox 801 616 981 680; x_wconf 86' lang='lat' dir='ltr'>conditorem</span> <span class='ocrx_word' id='word_1_34' title='bbox 1007 613 1085 676; x_wconf 94' lang='lat' dir='ltr'>illum</span> <span class='ocrx_word' id='word_1_35' title='bbox 1108 613 1218 689; x_wconf 84' lang='lat' dir='ltr'>luisse,</span> <span class='ocrx_word' id='word_1_36' title='bbox 1252 614 1304 676; x_wconf 83' lang='lat' dir='ltr'>sed</span> 
     </span>
     <span class='ocr_line' id='line_1_5' title="bbox 149 714 1305 802; baseline -0.009 -14"><span class='ocrx_word' id='word_1_37' title='bbox 149 725 204 789; x_wconf 86' lang='lat' dir='ltr'>boe</span> <span class='ocrx_word' id='word_1_38' title='bbox 228 724 388 801; x_wconf 81' lang='lat' dir='ltr'>duntaxat,</span> <span class='ocrx_word' id='word_1_39' title='bbox 424 726 580 795; x_wconf 76' lang='lat' dir='ltr'>Vicerat,</span> <span class='ocrx_word' id='word_1_40' title='bbox 614 720 726 802; x_wconf 87' lang='lat' dir='ltr'>inquit,</span> <span class='ocrx_word' id='word_1_41' title='bbox 759 721 900 798; x_wconf 81' lang='lat' dir='ltr'>ngra&#39;colc.</span> <span class='ocrx_word' id='word_1_42' title='bbox 946 714 1025 786; x_wconf 80' lang='lat' dir='ltr'>Nam</span> <span class='ocrx_word' id='word_1_43' title='bbox 1052 716 1127 777; x_wconf 89' lang='lat' dir='ltr'>alius</span> <span class='ocrx_word' id='word_1_44' title='bbox 1150 715 1238 777; x_wconf 87' lang='lat' dir='ltr'>estis</span> <span class='ocrx_word' id='word_1_45' title='bbox 1257 714 1305 797; x_wconf 85' lang='lat' dir='ltr'>qui</span> 
     </span>
     <span class='ocr_line' id='line_1_6' title="bbox 150 822 1305 906; baseline -0.006 -16"><span class='ocrx_word' id='word_1_46' title='bbox 150 827 257 891; x_wconf 81' lang='lat' dir='ltr'>suturis</span> <span class='ocrx_word' id='word_1_47' title='bbox 276 826 364 888; x_wconf 90' lang='lat' dir='ltr'>rebus</span> <span class='ocrx_word' id='word_1_48' title='bbox 381 823 542 887; x_wconf 83' lang='lat' dir='ltr'>naturalem</span> <span class='ocrx_word' id='word_1_49' title='bbox 560 823 619 885; x_wconf 90' lang='lat' dir='ltr'>vim</span> <span class='ocrx_word' id='word_1_50' title='bbox 640 844 675 884; x_wconf 91' lang='lat' dir='ltr'>ac</span> <span class='ocrx_word' id='word_1_51' title='bbox 695 822 851 906; x_wconf 87' lang='lat' dir='ltr'>praecipua</span> <span class='ocrx_word' id='word_1_52' title='bbox 867 839 1000 903; x_wconf 86' lang='lat' dir='ltr'>quaeque</span> <span class='ocrx_word' id='word_1_53' title='bbox 1020 840 1072 904; x_wconf 92' lang='lat' dir='ltr'>pro</span> <span class='ocrx_word' id='word_1_54' title='bbox 1089 839 1142 880; x_wconf 90' lang='lat' dir='ltr'>sua</span> <span class='ocrx_word' id='word_1_55' title='bbox 1160 828 1305 902; x_wconf 82' lang='lat' dir='ltr'>potestate</span> 
     </span>
     <span class='ocr_line' id='line_1_7' title="bbox 147 921 1304 1011; baseline -0.006 -19"><span class='ocrx_word' id='word_1_56' title='bbox 147 929 290 1011; x_wconf 89' lang='lat' dir='ltr'>largitur,</span> <span class='ocrx_word' id='word_1_57' title='bbox 320 927 396 989; x_wconf 86' lang='lat' dir='ltr'>alius</span> <span class='ocrx_word' id='word_1_58' title='bbox 420 926 467 1009; x_wconf 90' lang='lat' dir='ltr'>qui</span> <span class='ocrx_word' id='word_1_59' title='bbox 491 925 527 986; x_wconf 93' lang='lat' dir='ltr'>ab</span> <span class='ocrx_word' id='word_1_60' title='bbox 551 926 615 1008; x_wconf 90' lang='lat' dir='ltr'>ipsu</span> <span class='ocrx_word' id='word_1_61' title='bbox 639 935 670 986; x_wconf 92' lang='lat' dir='ltr'>ut</span> <span class='ocrx_word' id='word_1_62' title='bbox 685 934 766 987; x_wconf 87' lang='lat' dir='ltr'>esset</span> <span class='ocrx_word' id='word_1_63' title='bbox 789 924 901 1007; x_wconf 86' lang='lat' dir='ltr'>accepit</span> <span class='ocrx_word' id='word_1_64' title='bbox 923 921 1026 999; x_wconf 90' lang='lat' dir='ltr'>bomo,</span> <span class='ocrx_word' id='word_1_65' title='bbox 1060 921 1304 1004; x_wconf 73' lang='lat' dir='ltr'>commissamque</span> 
     </span>
     <span class='ocr_line' id='line_1_8' title="bbox 147 1022 1305 1110; baseline -0.008 -16"><span class='ocrx_word' id='word_1_66' title='bbox 147 1032 202 1094; x_wconf 87' lang='lat' dir='ltr'>sibi</span> <span class='ocrx_word' id='word_1_67' title='bbox 220 1030 255 1092; x_wconf 93' lang='lat' dir='ltr'>ab</span> <span class='ocrx_word' id='word_1_68' title='bbox 274 1029 376 1090; x_wconf 87' lang='lat' dir='ltr'>emlem</span> <span class='ocrx_word' id='word_1_69' title='bbox 394 1026 600 1110; x_wconf 71' lang='lat' dir='ltr'>agriculturam</span> <span class='ocrx_word' id='word_1_70' title='bbox 620 1025 767 1110; x_wconf 89' lang='lat' dir='ltr'>snsccpit,</span> <span class='ocrx_word' id='word_1_71' title='bbox 792 1035 868 1088; x_wconf 84' lang='lat' dir='ltr'>utet</span> <span class='ocrx_word' id='word_1_72' title='bbox 885 1024 1022 1108; x_wconf 88' lang='lat' dir='ltr'>illequae</span> <span class='ocrx_word' id='word_1_73' title='bbox 1041 1024 1076 1085; x_wconf 85' lang='lat' dir='ltr'>ed</span> <span class='ocrx_word' id='word_1_74' title='bbox 1094 1022 1305 1107; x_wconf 85' lang='lat' dir='ltr'>perlectionem</span> 
     </span>
     <span class='ocr_line' id='line_1_9' title="bbox 150 1125 1306 1214; baseline -0.006 -20"><span class='ocrx_word' id='word_1_75' title='bbox 150 1132 336 1195; x_wconf 88' lang='lat' dir='ltr'>obtinendam</span> <span class='ocrx_word' id='word_1_76' title='bbox 364 1130 600 1214; x_wconf 86' lang='lat' dir='ltr'>progressionem</span> <span class='ocrx_word' id='word_1_77' title='bbox 624 1129 777 1212; x_wconf 87' lang='lat' dir='ltr'>requirunt</span> <span class='ocrx_word' id='word_1_78' title='bbox 798 1127 935 1204; x_wconf 84' lang='lat' dir='ltr'>excolat,</span> <span class='ocrx_word' id='word_1_79' title='bbox 970 1137 1001 1188; x_wconf 88' lang='lat' dir='ltr'>et</span> <span class='ocrx_word' id='word_1_80' title='bbox 1018 1126 1064 1188; x_wconf 79' lang='lat' dir='ltr'>liic</span> <span class='ocrx_word' id='word_1_81' title='bbox 1088 1125 1213 1188; x_wconf 86' lang='lat' dir='ltr'>conditis</span> <span class='ocrx_word' id='word_1_82' title='bbox 1238 1143 1306 1187; x_wconf 83' lang='lat' dir='ltr'>ase</span> 
     </span>
     <span class='ocr_line' id='line_1_10' title="bbox 150 1226 1307 1315; baseline -0.005 -19"><span class='ocrx_word' id='word_1_83' title='bbox 150 1233 239 1297; x_wconf 85' lang='lat' dir='ltr'>rebus</span> <span class='ocrx_word' id='word_1_84' title='bbox 256 1231 414 1314; x_wconf 83' lang='lat' dir='ltr'>largiendis</span> <span class='ocrx_word' id='word_1_85' title='bbox 437 1253 473 1294; x_wconf 89' lang='lat' dir='ltr'>en</span> <span class='ocrx_word' id='word_1_86' title='bbox 494 1252 567 1315; x_wconf 87' lang='lat' dir='ltr'>quac</span> <span class='ocrx_word' id='word_1_87' title='bbox 590 1230 733 1294; x_wconf 90' lang='lat' dir='ltr'>eiusmodi</span> <span class='ocrx_word' id='word_1_88' title='bbox 758 1228 930 1293; x_wconf 76' lang='lat' dir='ltr'>recursione</span> <span class='ocrx_word' id='word_1_89' title='bbox 953 1229 1080 1311; x_wconf 88' lang='lat' dir='ltr'>gliscunt</span> <span class='ocrx_word' id='word_1_90' title='bbox 1104 1229 1138 1290; x_wconf 88' lang='lat' dir='ltr'>ad</span> <span class='ocrx_word' id='word_1_91' title='bbox 1157 1226 1307 1290; x_wconf 87' lang='lat' dir='ltr'>maturita-</span> 
     </span>
     <span class='ocr_line' id='line_1_11' title="bbox 151 1327 1306 1418; baseline -0.006 -21"><span class='ocrx_word' id='word_1_92' title='bbox 151 1346 208 1397; x_wconf 89' lang='lat' dir='ltr'>tem</span> <span class='ocrx_word' id='word_1_93' title='bbox 226 1334 496 1418; x_wconf 84' lang='lat' dir='ltr'>perlectioneunpre</span> <span class='ocrx_word' id='word_1_94' title='bbox 514 1334 665 1418; x_wconf 83' lang='lat' dir='ltr'>perducat.</span> <span class='ocrx_word' id='word_1_95' title='bbox 712 1330 797 1415; x_wconf 78' lang='lat' dir='ltr'>erod</span> <span class='ocrx_word' id='word_1_96' title='bbox 819 1332 933 1415; x_wconf 81' lang='lat' dir='ltr'>quidem</span> <span class='ocrx_word' id='word_1_97' title='bbox 957 1332 1076 1416; x_wconf 89' lang='lat' dir='ltr'>perinde</span> <span class='ocrx_word' id='word_1_98' title='bbox 1093 1329 1122 1392; x_wconf 95' lang='lat' dir='ltr'>io</span> <span class='ocrx_word' id='word_1_99' title='bbox 1140 1327 1306 1393; x_wconf 86' lang='lat' dir='ltr'>animalium</span> 
     </span>
     <span class='ocr_line' id='line_1_12' title="bbox 150 1433 1303 1520; baseline -0.004 -21"><span class='ocrx_word' id='word_1_100' title='bbox 150 1449 179 1499; x_wconf 93' lang='lat' dir='ltr'>et</span> <span class='ocrx_word' id='word_1_101' title='bbox 198 1437 348 1500; x_wconf 88' lang='lat' dir='ltr'>volucrum</span> <span class='ocrx_word' id='word_1_102' title='bbox 368 1457 496 1520; x_wconf 87' lang='lat' dir='ltr'>genere,</span> <span class='ocrx_word' id='word_1_103' title='bbox 528 1457 563 1498; x_wconf 87' lang='lat' dir='ltr'>ac</span> <span class='ocrx_word' id='word_1_104' title='bbox 580 1436 741 1520; x_wconf 89' lang='lat' dir='ltr'>pecudum,</span> <span class='ocrx_word' id='word_1_105' title='bbox 774 1445 944 1519; x_wconf 73' lang='lat' dir='ltr'>serpentum</span> <span class='ocrx_word' id='word_1_106' title='bbox 966 1434 1145 1518; x_wconf 84' lang='lat' dir='ltr'>pisciumque</span> <span class='ocrx_word' id='word_1_107' title='bbox 1169 1433 1303 1516; x_wconf 85' lang='lat' dir='ltr'>contigit.</span> 
     </span>
     <span class='ocr_line' id='line_1_13' title="bbox 150 1535 1306 1623; baseline -0.004 -21"><span class='ocrx_word' id='word_1_108' title='bbox 150 1537 227 1602; x_wconf 89' lang='lat' dir='ltr'>Nam</span> <span class='ocrx_word' id='word_1_109' title='bbox 245 1539 341 1601; x_wconf 88' lang='lat' dir='ltr'>omnia</span> <span class='ocrx_word' id='word_1_110' title='bbox 364 1538 506 1623; x_wconf 89' lang='lat' dir='ltr'>principio</span> <span class='ocrx_word' id='word_1_111' title='bbox 528 1538 699 1622; x_wconf 79' lang='lat' dir='ltr'>imperantis</span> <span class='ocrx_word' id='word_1_112' title='bbox 720 1536 766 1598; x_wconf 86' lang='lat' dir='ltr'>dei</span> <span class='ocrx_word' id='word_1_113' title='bbox 790 1539 942 1600; x_wconf 89' lang='lat' dir='ltr'>voluntate</span> <span class='ocrx_word' id='word_1_114' title='bbox 964 1538 1094 1622; x_wconf 86' lang='lat' dir='ltr'>perlecta</span> <span class='ocrx_word' id='word_1_115' title='bbox 1121 1535 1306 1619; x_wconf 88' lang='lat' dir='ltr'>prodierunt,</span> 
     </span>
     <span class='ocr_line' id='line_1_14' title="bbox 150 1637 1308 1724; baseline -0.003 -19"><span class='ocrx_word' id='word_1_116' title='bbox 150 1661 227 1705; x_wconf 85' lang='lat' dir='ltr'>rrune</span> <span class='ocrx_word' id='word_1_117' title='bbox 243 1651 340 1703; x_wconf 87' lang='lat' dir='ltr'>autern</span> <span class='ocrx_word' id='word_1_118' title='bbox 356 1639 486 1704; x_wconf 83' lang='lat' dir='ltr'>eiusdem</span> <span class='ocrx_word' id='word_1_119' title='bbox 506 1639 669 1724; x_wconf 83' lang='lat' dir='ltr'>sapientiae</span> <span class='ocrx_word' id='word_1_120' title='bbox 693 1639 813 1700; x_wconf 88' lang='lat' dir='ltr'>decreto</span> <span class='ocrx_word' id='word_1_121' title='bbox 831 1639 1089 1723; x_wconf 83' lang='lat' dir='ltr'>progressionibus</span> <span class='ocrx_word' id='word_1_122' title='bbox 1105 1638 1185 1715; x_wconf 87' lang='lat' dir='ltr'>suis,</span> <span class='ocrx_word' id='word_1_123' title='bbox 1217 1648 1247 1699; x_wconf 88' lang='lat' dir='ltr'>et</span> <span class='ocrx_word' id='word_1_124' title='bbox 1262 1637 1308 1701; x_wconf 92' lang='lat' dir='ltr'>in·</span> 
     </span>
     <span class='ocr_line' id='line_1_15' title="bbox 151 1738 1326 1831; baseline -0.006 -23"><span class='ocrx_word' id='word_1_125' title='bbox 151 1744 309 1808; x_wconf 86' lang='lat' dir='ltr'>crementis</span> <span class='ocrx_word' id='word_1_126' title='bbox 335 1753 508 1825; x_wconf 82' lang='lat' dir='ltr'>augescunt.</span> <span class='ocrx_word' id='word_1_127' title='bbox 555 1738 642 1823; x_wconf 82' lang='lat' dir='ltr'>Quod</span> <span class='ocrx_word' id='word_1_128' title='bbox 666 1742 701 1803; x_wconf 90' lang='lat' dir='ltr'>ad</span> <span class='ocrx_word' id='word_1_129' title='bbox 724 1741 871 1817; x_wconf 85' lang='lat' dir='ltr'>bominis,</span> <span class='ocrx_word' id='word_1_130' title='bbox 903 1741 950 1825; x_wconf 85' lang='lat' dir='ltr'>qrri</span> <span class='ocrx_word' id='word_1_131' title='bbox 977 1740 1006 1803; x_wconf 94' lang='lat' dir='ltr'>iu</span> <span class='ocrx_word' id='word_1_132' title='bbox 1030 1752 1108 1803; x_wconf 83' lang='lat' dir='ltr'>terre</span> <span class='ocrx_word' id='word_1_133' title='bbox 1129 1739 1326 1831; x_wconf 42' lang='lat' dir='ltr'>dominator„</span> 
     </span>
     <span class='ocr_line' id='line_1_16' title="bbox 151 1843 1307 1927; baseline -0.005 -17"><span class='ocrx_word' id='word_1_134' title='bbox 151 1849 276 1910; x_wconf 89' lang='lat' dir='ltr'>lruutum</span> <span class='ocrx_word' id='word_1_135' title='bbox 295 1845 383 1908; x_wconf 85' lang='lat' dir='ltr'>animi</span> <span class='ocrx_word' id='word_1_136' title='bbox 409 1843 620 1927; x_wconf 85' lang='lat' dir='ltr'>utilitatemque</span> <span class='ocrx_word' id='word_1_137' title='bbox 642 1844 785 1925; x_wconf 70' lang='lat' dir='ltr'>pertinet,</span> <span class='ocrx_word' id='word_1_138' title='bbox 819 1865 876 1926; x_wconf 92' lang='lat' dir='ltr'>quo</span> <span class='ocrx_word' id='word_1_139' title='bbox 895 1843 921 1905; x_wconf 93' lang='lat' dir='ltr'>is</span> <span class='ocrx_word' id='word_1_140' title='bbox 937 1863 1080 1906; x_wconf 90' lang='lat' dir='ltr'>summum</span> <span class='ocrx_word' id='word_1_141' title='bbox 1106 1843 1185 1905; x_wconf 92' lang='lat' dir='ltr'>illum</span> <span class='ocrx_word' id='word_1_142' title='bbox 1209 1843 1307 1919; x_wconf 91' lang='lat' dir='ltr'>deum,</span> 
     </span>
     <span class='ocr_line' id='line_1_17' title="bbox 150 1945 1386 2033; baseline -0.005 -21"><span class='ocrx_word' id='word_1_143' title='bbox 150 1969 247 2033; x_wconf 86' lang='lat' dir='ltr'>aque</span> <span class='ocrx_word' id='word_1_144' title='bbox 277 1959 336 2010; x_wconf 89' lang='lat' dir='ltr'>tam</span> <span class='ocrx_word' id='word_1_145' title='bbox 364 1946 476 2008; x_wconf 84' lang='lat' dir='ltr'>semina</span> <span class='ocrx_word' id='word_1_146' title='bbox 500 1945 584 2030; x_wconf 80' lang='lat' dir='ltr'>ipsa,</span> <span class='ocrx_word' id='word_1_147' title='bbox 620 1966 705 2030; x_wconf 81' lang='lat' dir='ltr'>quum</span> <span class='ocrx_word' id='word_1_148' title='bbox 734 1965 835 2007; x_wconf 90' lang='lat' dir='ltr'>eorum</span> <span class='ocrx_word' id='word_1_149' title='bbox 864 1945 1044 2008; x_wconf 84' lang='lat' dir='ltr'>incremento</span> <span class='ocrx_word' id='word_1_150' title='bbox 1071 1945 1308 2029; x_wconf 82' lang='lat' dir='ltr'>proficiscuntur,</span> <span class='ocrx_word' id='word_1_151' title='bbox 1384 1963 1386 1971; x_wconf 75' lang='grc'>’</span> 
     </span>
     <span class='ocr_line' id='line_1_18' title="bbox 150 2044 1306 2132; baseline -0.003 -19"><span class='ocrx_word' id='word_1_152' title='bbox 150 2052 236 2113; x_wconf 87' lang='lat' dir='ltr'>deum</span> <span class='ocrx_word' id='word_1_153' title='bbox 260 2070 296 2111; x_wconf 93' lang='lat' dir='ltr'>ae</span> <span class='ocrx_word' id='word_1_154' title='bbox 319 2047 467 2110; x_wconf 91' lang='lat' dir='ltr'>domiuum</span> <span class='ocrx_word' id='word_1_155' title='bbox 492 2060 645 2130; x_wconf 89' lang='lat' dir='ltr'>agnoscat.</span> <span class='ocrx_word' id='word_1_156' title='bbox 696 2044 826 2110; x_wconf 76' lang='lat' dir='ltr'>Proinde</span> <span class='ocrx_word' id='word_1_157' title='bbox 852 2068 1051 2132; x_wconf 85' lang='lat' dir='ltr'>quaecumque</span> <span class='ocrx_word' id='word_1_158' title='bbox 1072 2048 1102 2110; x_wconf 93' lang='lat' dir='ltr'>in</span> <span class='ocrx_word' id='word_1_159' title='bbox 1119 2047 1203 2110; x_wconf 91' lang='lat' dir='ltr'>coelo</span> <span class='ocrx_word' id='word_1_160' title='bbox 1226 2056 1306 2125; x_wconf 89' lang='lat' dir='ltr'>suut,</span> 
     </span>
     <span class='ocr_line' id='line_1_19' title="bbox 151 2148 1310 2239; baseline -0.005 -23"><span class='ocrx_word' id='word_1_161' title='bbox 151 2174 284 2239; x_wconf 88' lang='lat' dir='ltr'>quaeque</span> <span class='ocrx_word' id='word_1_162' title='bbox 309 2150 457 2214; x_wconf 88' lang='lat' dir='ltr'>bominum</span> <span class='ocrx_word' id='word_1_163' title='bbox 482 2172 570 2212; x_wconf 93' lang='lat' dir='ltr'>mann</span> <span class='ocrx_word' id='word_1_164' title='bbox 591 2172 648 2215; x_wconf 92' lang='lat' dir='ltr'>nou</span> <span class='ocrx_word' id='word_1_165' title='bbox 673 2163 830 2229; x_wconf 89' lang='lat' dir='ltr'>seruntur,</span> <span class='ocrx_word' id='word_1_166' title='bbox 862 2171 897 2213; x_wconf 92' lang='lat' dir='ltr'>ac</span> <span class='ocrx_word' id='word_1_167' title='bbox 915 2171 1010 2232; x_wconf 85' lang='lat' dir='ltr'>neque</span> <span class='ocrx_word' id='word_1_168' title='bbox 1027 2150 1168 2233; x_wconf 82' lang='lat' dir='ltr'>gignunt,</span> <span class='ocrx_word' id='word_1_169' title='bbox 1199 2169 1255 2211; x_wconf 92' lang='lat' dir='ltr'>nec</span> <span class='ocrx_word' id='word_1_170' title='bbox 1273 2148 1310 2212; x_wconf 88' lang='lat' dir='ltr'>ab</span> 
     </span>
     <span class='ocr_line' id='line_1_20' title="bbox 150 2251 1352 2339; baseline -0.005 -18"><span class='ocrx_word' id='word_1_171' title='bbox 150 2258 216 2321; x_wconf 89' lang='lat' dir='ltr'>aliis</span> <span class='ocrx_word' id='word_1_172' title='bbox 241 2256 419 2339; x_wconf 88' lang='lat' dir='ltr'>gignuntur,</span> <span class='ocrx_word' id='word_1_173' title='bbox 457 2272 491 2314; x_wconf 90' lang='lat' dir='ltr'>ea</span> <span class='ocrx_word' id='word_1_174' title='bbox 515 2252 588 2315; x_wconf 76' lang='lat' dir='ltr'>durs</span> <span class='ocrx_word' id='word_1_175' title='bbox 610 2254 738 2337; x_wconf 88' lang='lat' dir='ltr'>perlecta</span> <span class='ocrx_word' id='word_1_176' title='bbox 765 2251 893 2336; x_wconf 84' lang='lat' dir='ltr'>reliquit.</span> <span class='ocrx_word' id='word_1_177' title='bbox 938 2251 1045 2335; x_wconf 85' lang='lat' dir='ltr'>Neque</span> <span class='ocrx_word' id='word_1_178' title='bbox 1061 2252 1137 2313; x_wconf 91' lang='lat' dir='ltr'>enim</span> <span class='ocrx_word' id='word_1_179' title='bbox 1167 2251 1310 2315; x_wconf 81' lang='lat' dir='ltr'>humanae</span> <span class='ocrx_word' id='word_1_180' title='bbox 1350 2296 1352 2300; x_wconf 30' lang='grc' dir='ltr'><em>ψ</em></span> 
     </span>
     <span class='ocr_line' id='line_1_21' title="bbox 150 2352 1310 2439; baseline -0.006 -17"><span class='ocrx_word' id='word_1_181' title='bbox 150 2370 265 2422; x_wconf 88' lang='lat' dir='ltr'>mentes</span> <span class='ocrx_word' id='word_1_182' title='bbox 290 2355 387 2419; x_wconf 91' lang='lat' dir='ltr'>damni</span> <span class='ocrx_word' id='word_1_183' title='bbox 412 2375 453 2417; x_wconf 88' lang='lat' dir='ltr'>ex</span> <span class='ocrx_word' id='word_1_184' title='bbox 476 2353 513 2416; x_wconf 92' lang='lat' dir='ltr'>iis</span> <span class='ocrx_word' id='word_1_185' title='bbox 525 2354 639 2438; x_wconf 85' lang='lat' dir='ltr'>&#39;aliquid</span> <span class='ocrx_word' id='word_1_186' title='bbox 664 2376 770 2439; x_wconf 88' lang='lat' dir='ltr'>capere</span> <span class='ocrx_word' id='word_1_187' title='bbox 794 2366 945 2439; x_wconf 86' lang='lat' dir='ltr'>poterant,</span> <span class='ocrx_word' id='word_1_188' title='bbox 979 2364 1029 2416; x_wconf 92' lang='lat' dir='ltr'>aut</span> <span class='ocrx_word' id='word_1_189' title='bbox 1050 2353 1085 2415; x_wconf 83' lang='lat' dir='ltr'>ad</span> <span class='ocrx_word' id='word_1_190' title='bbox 1110 2352 1310 2434; x_wconf 81' lang='lat' dir='ltr'>arrogantiam</span> 
     </span>
     <span class='ocr_line' id='line_1_22' title="bbox 151 2453 1311 2541; baseline -0.006 -16"><span class='ocrx_word' id='word_1_191' title='bbox 151 2459 294 2538; x_wconf 82' lang='lat' dir='ltr'>excitari,</span> <span class='ocrx_word' id='word_1_192' title='bbox 320 2469 352 2521; x_wconf 96' lang='lat' dir='ltr'>ut</span> <span class='ocrx_word' id='word_1_193' title='bbox 374 2459 403 2520; x_wconf 92' lang='lat' dir='ltr'>in</span> <span class='ocrx_word' id='word_1_194' title='bbox 421 2456 503 2533; x_wconf 86' lang='lat' dir='ltr'>sole,</span> <span class='ocrx_word' id='word_1_195' title='bbox 537 2456 604 2519; x_wconf 90' lang='lat' dir='ltr'>luna</span> <span class='ocrx_word' id='word_1_196' title='bbox 628 2456 793 2540; x_wconf 80' lang='lat' dir='ltr'>ceterisque</span> <span class='ocrx_word' id='word_1_197' title='bbox 822 2457 968 2520; x_wconf 84' lang='lat' dir='ltr'>sideribus</span> <span class='ocrx_word' id='word_1_198' title='bbox 992 2466 1124 2541; x_wconf 87' lang='lat' dir='ltr'>apparet.</span> <span class='ocrx_word' id='word_1_199' title='bbox 1170 2453 1248 2518; x_wconf 85' lang='lat' dir='ltr'>Nam</span> <span class='ocrx_word' id='word_1_200' title='bbox 1271 2471 1311 2519; x_wconf 86' lang='lat' dir='ltr'>ex</span> 
     </span>
    </p>
   </div>
   <div class='ocr_carea' id='block_1_3' title="bbox 150 2557 1312 2746">
    <p class='ocr_par' dir='ltr' id='par_1_3' title="bbox 150 2557 1312 2746">
     <span class='ocr_line' id='line_1_23' title="bbox 150 2557 1311 2646; baseline -0.005 -20"><span class='ocrx_word' id='word_1_201' title='bbox 150 2584 187 2626; x_wconf 94' lang='lat' dir='ltr'>eo</span> <span class='ocrx_word' id='word_1_202' title='bbox 207 2563 283 2646; x_wconf 88' lang='lat' dir='ltr'>quod</span> <span class='ocrx_word' id='word_1_203' title='bbox 302 2562 369 2624; x_wconf 91' lang='lat' dir='ltr'>luna</span> <span class='ocrx_word' id='word_1_204' title='bbox 391 2569 546 2636; x_wconf 82' lang='lat' dir='ltr'>irascatur,</span> <span class='ocrx_word' id='word_1_205' title='bbox 582 2570 632 2621; x_wconf 92' lang='lat' dir='ltr'>aut</span> <span class='ocrx_word' id='word_1_206' title='bbox 650 2560 821 2635; x_wconf 83' lang='lat' dir='ltr'>decrescat,</span> <span class='ocrx_word' id='word_1_207' title='bbox 853 2570 1051 2642; x_wconf 79' lang='lat' dir='ltr'>augeaturne,</span> <span class='ocrx_word' id='word_1_208' title='bbox 1085 2559 1163 2621; x_wconf 91' lang='lat' dir='ltr'>nulla</span> <span class='ocrx_word' id='word_1_209' title='bbox 1186 2557 1311 2620; x_wconf 87' lang='lat' dir='ltr'>illiusin</span> 
     </span>
     <span class='ocr_line' id='line_1_24' title="bbox 152 2659 1312 2746; baseline -0.004 -20"><span class='ocrx_word' id='word_1_210' title='bbox 152 2685 250 2726; x_wconf 85' lang='lat' dir='ltr'>mores</span> <span class='ocrx_word' id='word_1_211' title='bbox 277 2661 399 2725; x_wconf 87' lang='lat' dir='ltr'>mutatio</span> <span class='ocrx_word' id='word_1_212' title='bbox 425 2661 579 2724; x_wconf 82' lang='lat' dir='ltr'>redundat.</span> <span class='ocrx_word' id='word_1_213' title='bbox 611 2659 687 2724; x_wconf 81' lang='lat' dir='ltr'>tam</span> <span class='ocrx_word' id='word_1_214' title='bbox 711 2682 785 2725; x_wconf 82' lang='lat' dir='ltr'>vero</span> <span class='ocrx_word' id='word_1_215' title='bbox 808 2660 857 2746; x_wconf 88' lang='lat' dir='ltr'>qui</span> <span class='ocrx_word' id='word_1_216' title='bbox 881 2662 944 2725; x_wconf 90' lang='lat' dir='ltr'>lieri</span> <span class='ocrx_word' id='word_1_217' title='bbox 970 2671 1082 2745; x_wconf 88' lang='lat' dir='ltr'>potest,</span> <span class='ocrx_word' id='word_1_218' title='bbox 1116 2672 1148 2723; x_wconf 88' lang='lat' dir='ltr'>ut</span> <span class='ocrx_word' id='word_1_219' title='bbox 1169 2678 1312 2742; x_wconf 78' lang='lat' dir='ltr'>corporea</span> 
     </span>
    </p>
   </div>
   <div class='ocr_carea' id='block_1_4' title="bbox 55 2763 1449 4381">
    <p class='ocr_par' dir='ltr' id='par_1_4' title="bbox 55 2763 1449 3662">
     <span class='ocr_line' id='line_1_25' title="bbox 153 2763 1313 2849; baseline -0.003 -21"><span class='ocrx_word' id='word_1_220' title='bbox 153 2766 202 2828; x_wconf 88' lang='lat' dir='ltr'>illa</span> <span class='ocrx_word' id='word_1_221' title='bbox 220 2786 254 2828; x_wconf 85' lang='lat' dir='ltr'>ae</span> <span class='ocrx_word' id='word_1_222' title='bbox 273 2763 453 2848; x_wconf 88' lang='lat' dir='ltr'>corruptioni</span> <span class='ocrx_word' id='word_1_223' title='bbox 471 2763 603 2827; x_wconf 80' lang='lat' dir='ltr'>subiecta</span> <span class='ocrx_word' id='word_1_224' title='bbox 624 2764 696 2826; x_wconf 78' lang='lat' dir='ltr'>deris</span> <span class='ocrx_word' id='word_1_225' title='bbox 714 2764 837 2827; x_wconf 88' lang='lat' dir='ltr'>subinde</span> <span class='ocrx_word' id='word_1_226' title='bbox 858 2765 988 2849; x_wconf 85' lang='lat' dir='ltr'>perlecta</span> <span class='ocrx_word' id='word_1_227' title='bbox 1008 2764 1159 2826; x_wconf 84' lang='lat' dir='ltr'>voluntate</span> <span class='ocrx_word' id='word_1_228' title='bbox 1177 2783 1230 2825; x_wconf 89' lang='lat' dir='ltr'>sua</span> <span class='ocrx_word' id='word_1_229' title='bbox 1246 2783 1313 2846; x_wconf 91' lang='lat' dir='ltr'>pro·</span> 
     </span>
     <span class='ocr_line' id='line_1_26' title="bbox 153 2864 1312 2950; baseline -0.001 -21"><span class='ocrx_word' id='word_1_230' title='bbox 153 2867 279 2943; x_wconf 87' lang='lat' dir='ltr'>crearit,</span> <span class='ocrx_word' id='word_1_231' title='bbox 314 2888 379 2929; x_wconf 87' lang='lat' dir='ltr'>eum</span> <span class='ocrx_word' id='word_1_232' title='bbox 399 2883 489 2945; x_wconf 88' lang='lat' dir='ltr'>vero,</span> <span class='ocrx_word' id='word_1_233' title='bbox 524 2866 895 2950; x_wconf 84' lang='lat' dir='ltr'>quemeseipsogenuit,</span> <span class='ocrx_word' id='word_1_234' title='bbox 933 2887 1020 2929; x_wconf 93' lang='lat' dir='ltr'>unum</span> <span class='ocrx_word' id='word_1_235' title='bbox 1040 2887 1080 2929; x_wconf 88' lang='lat' dir='ltr'>ex</span> <span class='ocrx_word' id='word_1_236' title='bbox 1097 2887 1173 2941; x_wconf 76' lang='lat' dir='ltr'>urio,</span> <span class='ocrx_word' id='word_1_237' title='bbox 1206 2864 1312 2948; x_wconf 87' lang='lat' dir='ltr'>quique</span> 
     </span>
     <span class='ocr_line' id='line_1_27' title="bbox 153 2967 1312 3053; baseline 0 -22"><span class='ocrx_word' id='word_1_238' title='bbox 153 2968 227 3052; x_wconf 87' lang='lat' dir='ltr'>apud</span> <span class='ocrx_word' id='word_1_239' title='bbox 245 2969 422 3031; x_wconf 81' lang='lat' dir='ltr'>existentem</span> <span class='ocrx_word' id='word_1_240' title='bbox 445 2981 585 3053; x_wconf 88' lang='lat' dir='ltr'>perpetuo</span> <span class='ocrx_word' id='word_1_241' title='bbox 604 2990 656 3053; x_wconf 91' lang='lat' dir='ltr'>per</span> <span class='ocrx_word' id='word_1_242' title='bbox 674 2969 896 3052; x_wconf 80' lang='lat' dir='ltr'>generationem</span> <span class='ocrx_word' id='word_1_243' title='bbox 914 2970 1042 3046; x_wconf 87' lang='lat' dir='ltr'>existat,</span> <span class='ocrx_word' id='word_1_244' title='bbox 1074 2967 1256 3039; x_wconf 78' lang='lat' dir='ltr'>accessionis</span> <span class='ocrx_word' id='word_1_245' title='bbox 1274 2987 1312 3031; x_wconf 81' lang='lat' dir='ltr'>ae</span> 
     </span>
     <span class='ocr_line' id='line_1_28' title="bbox 153 3069 1312 3155; baseline 0.002 -23"><span class='ocrx_word' id='word_1_246' title='bbox 153 3069 373 3155; x_wconf 84' lang='lat' dir='ltr'>progressionis</span> <span class='ocrx_word' id='word_1_247' title='bbox 391 3082 525 3154; x_wconf 83' lang='lat' dir='ltr'>egentem</span> <span class='ocrx_word' id='word_1_248' title='bbox 544 3070 739 3153; x_wconf 74' lang='lat' dir='ltr'>produxerit?</span> <span class='ocrx_word' id='word_1_249' title='bbox 784 3069 895 3134; x_wconf 87' lang='lat' dir='ltr'>Desine</span> <span class='ocrx_word' id='word_1_250' title='bbox 911 3071 1018 3153; x_wconf 88' lang='lat' dir='ltr'>igitur,</span> <span class='ocrx_word' id='word_1_251' title='bbox 1045 3072 1130 3148; x_wconf 79' lang='lat' dir='ltr'>neri,</span> <span class='ocrx_word' id='word_1_252' title='bbox 1164 3071 1312 3134; x_wconf 78' lang='lat' dir='ltr'>Aristote-</span> 
     </span>
     <span class='ocr_line' id='line_1_29' title="bbox 152 3170 1449 3237; baseline -0.002 -1"><span class='ocrx_word' id='word_1_253' title='bbox 152 3173 225 3236; x_wconf 80' lang='lat' dir='ltr'>liess</span> <span class='ocrx_word' id='word_1_254' title='bbox 253 3173 511 3236; x_wconf 85' lang='lat' dir='ltr'>illustuasroces</span> <span class='ocrx_word' id='word_1_255' title='bbox 534 3174 683 3236; x_wconf 86' lang='lat' dir='ltr'>ctinanrs</span> <span class='ocrx_word' id='word_1_256' title='bbox 706 3174 876 3237; x_wconf 90' lang='lat' dir='ltr'>obtrudere.</span> <span class='ocrx_word' id='word_1_257' title='bbox 922 3170 1114 3236; x_wconf 89' lang='lat' dir='ltr'>Nobiscuim</span> <span class='ocrx_word' id='word_1_258' title='bbox 1134 3174 1312 3236; x_wconf 84' lang='lat' dir='ltr'>citraullnm</span> <span class='ocrx_word' id='word_1_259' title='bbox 1412 3215 1449 3235; x_wconf 65' lang='lat'><strong><em>„</em></strong></span> 
     </span>
     <span class='ocr_line' id='line_1_30' title="bbox 152 3273 1313 3359; baseline -0.001 -22"><span class='ocrx_word' id='word_1_260' title='bbox 152 3274 264 3337; x_wconf 88' lang='lat' dir='ltr'>erroris</span> <span class='ocrx_word' id='word_1_261' title='bbox 288 3273 448 3359; x_wconf 90' lang='lat' dir='ltr'>periculum</span> <span class='ocrx_word' id='word_1_262' title='bbox 474 3275 637 3338; x_wconf 88' lang='lat' dir='ltr'>certissima</span> <span class='ocrx_word' id='word_1_263' title='bbox 666 3273 779 3339; x_wconf 81' lang='lat' dir='ltr'>Christi</span> <span class='ocrx_word' id='word_1_264' title='bbox 804 3275 936 3339; x_wconf 90' lang='lat' dir='ltr'>doctrina</span> <span class='ocrx_word' id='word_1_265' title='bbox 964 3276 1087 3353; x_wconf 88' lang='lat' dir='ltr'>sufficit,</span> <span class='ocrx_word' id='word_1_266' title='bbox 1120 3297 1185 3338; x_wconf 91' lang='lat' dir='ltr'>cum</span> <span class='ocrx_word' id='word_1_267' title='bbox 1203 3276 1245 3338; x_wconf 91' lang='lat' dir='ltr'>ita</span> <span class='ocrx_word' id='word_1_268' title='bbox 1270 3275 1313 3337; x_wconf 91' lang='lat' dir='ltr'>lo·</span> 
     </span>
     <span class='ocr_line' id='line_1_31' title="bbox 151 3374 1312 3460; baseline -0.001 -21"><span class='ocrx_word' id='word_1_269' title='bbox 151 3376 267 3460; x_wconf 61' lang='lat' dir='ltr'>gullure</span> <span class='ocrx_word' id='word_1_270' title='bbox 292 3382 355 3457; x_wconf 82' lang='lat' dir='ltr'>Ego</span> <span class='ocrx_word' id='word_1_271' title='bbox 368 3382 475 3439; x_wconf 83' lang='lat' dir='ltr'>eaer‘cr&#39;n</span> <span class='ocrx_word' id='word_1_272' title='bbox 484 3390 585 3458; x_wconf 82' lang='lat' dir='ltr'>putre,</span> <span class='ocrx_word' id='word_1_273' title='bbox 611 3391 639 3440; x_wconf 86' lang='lat' dir='ltr'>et</span> <span class='ocrx_word' id='word_1_274' title='bbox 655 3383 736 3440; x_wconf 83' lang='lat' dir='ltr'>cado.</span> <span class='ocrx_word' id='word_1_275' title='bbox 784 3374 877 3442; x_wconf 82' lang='lat' dir='ltr'>Cuius</span> <span class='ocrx_word' id='word_1_276' title='bbox 896 3376 1032 3440; x_wconf 88' lang='lat' dir='ltr'>dictionis</span> <span class='ocrx_word' id='word_1_277' title='bbox 1051 3378 1096 3439; x_wconf 82' lang='lat' dir='ltr'>uis</span> <span class='ocrx_word' id='word_1_278' title='bbox 1114 3400 1172 3440; x_wconf 90' lang='lat' dir='ltr'>non</span> <span class='ocrx_word' id='word_1_279' title='bbox 1192 3377 1222 3439; x_wconf 92' lang='lat' dir='ltr'>iu</span> <span class='ocrx_word' id='word_1_280' title='bbox 1241 3376 1312 3439; x_wconf 91' lang='lat' dir='ltr'>abu·</span> 
     </span>
     <span class='ocr_line' id='line_1_32' title="bbox 151 3479 1313 3566; baseline -0.001 -24"><span class='ocrx_word' id='word_1_281' title='bbox 151 3479 237 3542; x_wconf 86' lang='lat' dir='ltr'>sione</span> <span class='ocrx_word' id='word_1_282' title='bbox 256 3479 315 3543; x_wconf 87' lang='lat' dir='ltr'>ulla</span> <span class='ocrx_word' id='word_1_283' title='bbox 334 3479 486 3559; x_wconf 88' lang='lat' dir='ltr'>consistit,</span> <span class='ocrx_word' id='word_1_284' title='bbox 519 3480 571 3542; x_wconf 90' lang='lat' dir='ltr'>sed</span> <span class='ocrx_word' id='word_1_285' title='bbox 599 3479 698 3543; x_wconf 83' lang='lat' dir='ltr'>diuina</span> <span class='ocrx_word' id='word_1_286' title='bbox 725 3480 906 3566; x_wconf 79' lang='lat' dir='ltr'>perfectione</span> <span class='ocrx_word' id='word_1_287' title='bbox 931 3501 965 3542; x_wconf 86' lang='lat' dir='ltr'>ec</span> <span class='ocrx_word' id='word_1_288' title='bbox 986 3480 1127 3564; x_wconf 85' lang='lat' dir='ltr'>dignitate</span> <span class='ocrx_word' id='word_1_289' title='bbox 1151 3480 1313 3564; x_wconf 80' lang='lat' dir='ltr'>praeditam</span> 
     </span>
     <span class='ocr_line' id='line_1_33' title="bbox 55 3581 464 3662; baseline 0.007 -21"><span class='ocrx_word' id='word_1_290' title='bbox 55 3612 65 3631; x_wconf 91' lang='lat'><strong>·</strong></span> <span class='ocrx_word' id='word_1_291' title='bbox 152 3590 285 3642; x_wconf 91' lang='lat' dir='ltr'>naturam</span> <span class='ocrx_word' id='word_1_292' title='bbox 308 3581 464 3662; x_wconf 78' lang='lat' dir='ltr'>siguificat.</span> 
     </span>
    </p>

    <p class='ocr_par' dir='ltr' id='par_1_5' title="bbox 149 3679 1388 4381">
     <span class='ocr_line' id='line_1_34' title="bbox 234 3679 1311 3766; baseline 0.001 -22"><span class='ocrx_word' id='word_1_293' title='bbox 234 3682 315 3744; x_wconf 78' lang='lat' dir='ltr'>Aelii</span> <span class='ocrx_word' id='word_1_294' title='bbox 336 3679 432 3764; x_wconf 85' lang='lat' dir='ltr'>Caput</span> <span class='ocrx_word' id='word_1_295' title='bbox 448 3680 492 3746; x_wconf 84' lang='lat' dir='ltr'>X.</span> <span class='ocrx_word' id='word_1_296' title='bbox 538 3679 572 3746; x_wconf 82' lang='lat' dir='ltr'>si</span> <span class='ocrx_word' id='word_1_297' title='bbox 594 3685 721 3766; x_wconf 85' lang='lat' dir='ltr'>perlecta</span> <span class='ocrx_word' id='word_1_298' title='bbox 745 3685 783 3746; x_wconf 88' lang='lat' dir='ltr'>sit</span> <span class='ocrx_word' id='word_1_299' title='bbox 803 3685 902 3765; x_wconf 84' lang='lat' dir='ltr'>genita</span> <span class='ocrx_word' id='word_1_300' title='bbox 922 3684 1058 3760; x_wconf 89' lang='lat' dir='ltr'>soboles,</span> <span class='ocrx_word' id='word_1_301' title='bbox 1094 3685 1195 3746; x_wconf 85' lang='lat' dir='ltr'>eadem</span> <span class='ocrx_word' id='word_1_302' title='bbox 1213 3684 1242 3745; x_wconf 92' lang='lat' dir='ltr'>in</span> <span class='ocrx_word' id='word_1_303' title='bbox 1267 3683 1311 3745; x_wconf 92' lang='lat' dir='ltr'>iu·</span> 
     </span>
     <span class='ocr_line' id='line_1_35' title="bbox 151 3783 1310 3869; baseline 0.002 -23"><span class='ocrx_word' id='word_1_304' title='bbox 151 3785 252 3867; x_wconf 86' lang='lat' dir='ltr'>genito</span> <span class='ocrx_word' id='word_1_305' title='bbox 273 3785 347 3861; x_wconf 89' lang='lat' dir='ltr'>erit,</span> <span class='ocrx_word' id='word_1_306' title='bbox 381 3805 439 3846; x_wconf 90' lang='lat' dir='ltr'>non</span> <span class='ocrx_word' id='word_1_307' title='bbox 463 3805 503 3847; x_wconf 87' lang='lat' dir='ltr'>ex</span> <span class='ocrx_word' id='word_1_308' title='bbox 527 3783 562 3847; x_wconf 89' lang='lat' dir='ltr'>iis</span> <span class='ocrx_word' id='word_1_309' title='bbox 587 3805 661 3867; x_wconf 88' lang='lat' dir='ltr'>quue</span> <span class='ocrx_word' id='word_1_310' title='bbox 685 3807 751 3847; x_wconf 92' lang='lat' dir='ltr'>cnm</span> <span class='ocrx_word' id='word_1_311' title='bbox 770 3785 805 3848; x_wconf 87' lang='lat' dir='ltr'>ab</span> <span class='ocrx_word' id='word_1_312' title='bbox 826 3786 957 3868; x_wconf 88' lang='lat' dir='ltr'>ingenito</span> <span class='ocrx_word' id='word_1_313' title='bbox 979 3786 1152 3869; x_wconf 85' lang='lat' dir='ltr'>gigneretur</span> <span class='ocrx_word' id='word_1_314' title='bbox 1172 3785 1310 3848; x_wconf 87' lang='lat' dir='ltr'>obtinuit.</span> 
     </span>
     <span class='ocr_line' id='line_1_36' title="bbox 150 3876 1388 3973; baseline -0.001 -21"><span class='ocrx_word' id='word_1_315' title='bbox 150 3888 229 3952; x_wconf 84' lang='lat' dir='ltr'>Nam</span> <span class='ocrx_word' id='word_1_316' title='bbox 249 3888 347 3971; x_wconf 90' lang='lat' dir='ltr'>genita</span> <span class='ocrx_word' id='word_1_317' title='bbox 373 3899 476 3950; x_wconf 92' lang='lat' dir='ltr'>natura</span> <span class='ocrx_word' id='word_1_318' title='bbox 500 3887 530 3948; x_wconf 97' lang='lat' dir='ltr'>iu</span> <span class='ocrx_word' id='word_1_319' title='bbox 555 3887 685 3968; x_wconf 85' lang='lat' dir='ltr'>ingenita</span> <span class='ocrx_word' id='word_1_320' title='bbox 711 3886 876 3951; x_wconf 89' lang='lat' dir='ltr'>substantia</span> <span class='ocrx_word' id='word_1_321' title='bbox 903 3908 970 3951; x_wconf 89' lang='lat' dir='ltr'>esse</span> <span class='ocrx_word' id='word_1_322' title='bbox 1000 3911 1057 3950; x_wconf 92' lang='lat' dir='ltr'>uon</span> <span class='ocrx_word' id='word_1_323' title='bbox 1082 3898 1195 3973; x_wconf 79' lang='lat' dir='ltr'>potest3</span> <span class='ocrx_word' id='word_1_324' title='bbox 1232 3899 1312 3951; x_wconf 83' lang='lat' dir='ltr'>esset</span> <span class='ocrx_word' id='word_1_325' title='bbox 1382 3876 1388 3889; x_wconf 56' lang='lat'>⁸</span> 
     </span>
     <span class='ocr_line' id='line_1_37' title="bbox 149 3987 1311 4073; baseline -0.002 -19"><span class='ocrx_word' id='word_1_326' title='bbox 149 3991 227 4055; x_wconf 91' lang='lat' dir='ltr'>enim</span> <span class='ocrx_word' id='word_1_327' title='bbox 246 3991 332 4053; x_wconf 91' lang='lat' dir='ltr'>simul</span> <span class='ocrx_word' id='word_1_328' title='bbox 347 3989 440 4066; x_wconf 89' lang='lat' dir='ltr'>idem,</span> <span class='ocrx_word' id='word_1_329' title='bbox 473 4001 502 4050; x_wconf 91' lang='lat' dir='ltr'>ct</span> <span class='ocrx_word' id='word_1_330' title='bbox 520 4010 577 4050; x_wconf 88' lang='lat' dir='ltr'>non</span> <span class='ocrx_word' id='word_1_331' title='bbox 603 3999 693 4050; x_wconf 89' lang='lat' dir='ltr'>esset.</span> <span class='ocrx_word' id='word_1_332' title='bbox 740 3987 818 4051; x_wconf 90' lang='lat' dir='ltr'>Nam</span> <span class='ocrx_word' id='word_1_333' title='bbox 838 3991 913 4072; x_wconf 91' lang='lat' dir='ltr'>quod</span> <span class='ocrx_word' id='word_1_334' title='bbox 931 3990 1062 4072; x_wconf 88' lang='lat' dir='ltr'>genitum</span> <span class='ocrx_word' id='word_1_335' title='bbox 1082 4000 1129 4053; x_wconf 88' lang='lat' dir='ltr'>est</span> <span class='ocrx_word' id='word_1_336' title='bbox 1149 3989 1311 4073; x_wconf 88' lang='lat' dir='ltr'>ingenitum</span> 
     </span>
     <span class='ocr_line' id='line_1_38' title="bbox 150 4088 1311 4176; baseline -0.001 -21"><span class='ocrx_word' id='word_1_337' title='bbox 150 4104 295 4168; x_wconf 89' lang='lat' dir='ltr'>nonest,</span> <span class='ocrx_word' id='word_1_338' title='bbox 328 4103 357 4154; x_wconf 85' lang='lat' dir='ltr'>et</span> <span class='ocrx_word' id='word_1_339' title='bbox 382 4093 457 4175; x_wconf 91' lang='lat' dir='ltr'>quod</span> <span class='ocrx_word' id='word_1_340' title='bbox 476 4090 637 4174; x_wconf 87' lang='lat' dir='ltr'>ingenitum</span> <span class='ocrx_word' id='word_1_341' title='bbox 658 4101 719 4166; x_wconf 90' lang='lat' dir='ltr'>est,</span> <span class='ocrx_word' id='word_1_342' title='bbox 752 4091 882 4174; x_wconf 88' lang='lat' dir='ltr'>genitum</span> <span class='ocrx_word' id='word_1_343' title='bbox 901 4113 959 4153; x_wconf 91' lang='lat' dir='ltr'>unu</span> <span class='ocrx_word' id='word_1_344' title='bbox 981 4090 1044 4154; x_wconf 88' lang='lat' dir='ltr'>luit.</span> <span class='ocrx_word' id='word_1_345' title='bbox 1091 4088 1207 4176; x_wconf 82' lang='lat' dir='ltr'>Quippe</span> <span class='ocrx_word' id='word_1_346' title='bbox 1225 4092 1311 4154; x_wconf 87' lang='lat' dir='ltr'>dissi-</span> 
     </span>
     <span class='ocr_line' id='line_1_39' title="bbox 151 4192 1312 4279; baseline 0.003 -23"><span class='ocrx_word' id='word_1_347' title='bbox 151 4195 247 4258; x_wconf 92' lang='lat' dir='ltr'>milem</span> <span class='ocrx_word' id='word_1_348' title='bbox 262 4194 387 4278; x_wconf 79' lang='lat' dir='ltr'>aliquam</span> <span class='ocrx_word' id='word_1_349' title='bbox 404 4195 460 4256; x_wconf 86' lang='lat' dir='ltr'>deo</span> <span class='ocrx_word' id='word_1_350' title='bbox 474 4204 584 4279; x_wconf 86' lang='lat' dir='ltr'>partem</span> <span class='ocrx_word' id='word_1_351' title='bbox 602 4194 752 4277; x_wconf 85' lang='lat' dir='ltr'>affingere,</span> <span class='ocrx_word' id='word_1_352' title='bbox 778 4192 923 4257; x_wconf 88' lang='lat' dir='ltr'>maledicti</span> <span class='ocrx_word' id='word_1_353' title='bbox 938 4193 967 4255; x_wconf 92' lang='lat' dir='ltr'>in</span> <span class='ocrx_word' id='word_1_354' title='bbox 984 4214 1049 4256; x_wconf 89' lang='lat' dir='ltr'>eum</span> <span class='ocrx_word' id='word_1_355' title='bbox 1065 4213 1099 4255; x_wconf 90' lang='lat' dir='ltr'>ac</span> <span class='ocrx_word' id='word_1_356' title='bbox 1117 4194 1312 4260; x_wconf 88' lang='lat' dir='ltr'>contumeliae</span> 
     </span>
     <span class='ocr_line' id='line_1_40' title="bbox 152 4298 443 4381; baseline 0.007 -25"><span class='ocrx_word' id='word_1_357' title='bbox 152 4298 279 4379; x_wconf 89' lang='lat' dir='ltr'>speciem</span> <span class='ocrx_word' id='word_1_358' title='bbox 303 4298 443 4381; x_wconf 79' lang='lat' dir='ltr'>praefert.</span> 
     </span>
    </p>
   </div>
   <div class='ocr_carea' id='block_1_5' title="bbox 149 4463 1270 4604">
    <p class='ocr_par' dir='ltr' id='par_1_6' title="bbox 149 4463 1270 4604">
     <span class='ocr_line' id='line_1_41' title="bbox 188 4463 1215 4532; baseline 0.002 -18"><span class='ocrx_word' id='word_1_359' title='bbox 188 4465 224 4514; x_wconf 80' lang='grc'>15.</span> <span class='ocrx_word' id='word_1_360' title='bbox 243 4463 320 4520; x_wconf 71' lang='grc' dir='ltr'>αὐτοῦ</span> <span class='ocrx_word' id='word_1_361' title='bbox 340 4470 430 4517; x_wconf 80' lang='lat' dir='ltr'>restitui</span> <span class='ocrx_word' id='word_1_362' title='bbox 445 4483 475 4518; x_wconf 78' lang='lat' dir='ltr'>ee</span> <span class='ocrx_word' id='word_1_363' title='bbox 488 4470 556 4519; x_wconf 83' lang='lat' dir='ltr'>codd.</span> <span class='ocrx_word' id='word_1_364' title='bbox 575 4482 630 4519; x_wconf 73' lang='lat' dir='ltr'>onst.</span> <span class='ocrx_word' id='word_1_365' title='bbox 666 4463 715 4523; x_wconf 84' lang='lat' dir='ltr'>ud·</span> <span class='ocrx_word' id='word_1_366' title='bbox 765 4487 768 4494; x_wconf 95' lang='lat'>·</span> <span class='ocrx_word' id='word_1_367' title='bbox 787 4466 825 4519; x_wconf 81' lang='lat'>16.</span> <span class='ocrx_word' id='word_1_368' title='bbox 843 4464 909 4520; x_wconf 79' lang='grc' dir='ltr'>κατὰ</span> <span class='ocrx_word' id='word_1_369' title='bbox 925 4463 972 4532; x_wconf 69' lang='grc' dir='ltr'>τὴν</span> <span class='ocrx_word' id='word_1_370' title='bbox 989 4469 1079 4518; x_wconf 85' lang='lat' dir='ltr'>uolebat</span> <span class='ocrx_word' id='word_1_371' title='bbox 1096 4470 1215 4522; x_wconf 76' lang='lat' dir='ltr'>Petamus.</span> 
     </span>
     <span class='ocr_line' id='line_1_42' title="bbox 149 4533 1270 4604; baseline 0.009 -20"><span class='ocrx_word' id='word_1_372' title='bbox 149 4533 200 4584; x_wconf 77' lang='grc' dir='ltr'>τῶν</span> <span class='ocrx_word' id='word_1_373' title='bbox 217 4536 331 4588; x_wconf 78' lang='lat' dir='ltr'>editorum</span> <span class='ocrx_word' id='word_1_374' title='bbox 347 4542 380 4585; x_wconf 87' lang='lat' dir='ltr'>est</span> <span class='ocrx_word' id='word_1_375' title='bbox 397 4539 487 4586; x_wconf 77' lang='lat' dir='ltr'>vitium.</span> <span class='ocrx_word' id='word_1_376' title='bbox 788 4533 848 4590; x_wconf 83' lang='grc' dir='ltr'>1.τό</span> <span class='ocrx_word' id='word_1_377' title='bbox 866 4552 913 4589; x_wconf 87' lang='lat' dir='ltr'>nco</span> <span class='ocrx_word' id='word_1_378' title='bbox 930 4542 1048 4603; x_wconf 71' lang='lat' dir='ltr'>rempmret</span> <span class='ocrx_word' id='word_1_379' title='bbox 1063 4539 1089 4591; x_wconf 80' lang='lat' dir='ltr'>tn</span> <span class='ocrx_word' id='word_1_380' title='bbox 1105 4541 1270 4604; x_wconf 69' lang='lat' dir='ltr'>morderem.</span> 
     </span>
    </p>
   </div>
   <div class='ocr_carea' id='block_1_6' title="bbox 0 0 1556 5070">
    <p class='ocr_par' dir='ltr' id='par_1_7' title="bbox 0 0 1556 5070">
     <span class='ocr_line' id='line_1_43' title="bbox 0 0 1556 5070; baseline 0 0"><span class='ocrx_word' id='word_1_381' title='bbox 0 0 1556 5070; x_wconf 95' lang='lat' dir='ltr'> </span> 
     </span>
    </p>
   </div>
  </div>
 </body>
</html>
