3096 5070
634 346 887 404 innexuerunt.
1282 330 1344 402 ssi

219 479 277 526 tto.
289 504 317 514 -
336 474 435 525 crebras
445 471 553 523 lotiones
568 480 749 538 usurpantma-
786 469 854 521 Elias
869 471 1000 537 prosapia,
1026 480 1053 520 et
1070 468 1226 537 quorundam
1241 468 1346 521 aliorum

219 560 284 610 xime
292 571 349 626 post
358 558 486 609 mulierum
497 555 639 623 complexus
648 555 708 606 ibid.
717 584 749 595 -

819 555 997 622 prophetarum
1016 554 1124 621 origines
1141 557 1200 607 410.

219 644 388 712 virginitatem
404 641 539 709 prohibent
561 639 621 690 ibid.
640 666 674 679 -—
708 639 749 690 ubi
785 639 849 689 Elias
868 656 882 690 a
900 638 949 690 deo
966 639 1041 691 alitur
1068 639 1124 690 cibo
1147 637 1256 707 quodam
1271 639 1346 690 inco·

221 747 290 779 suam
302 728 424 779 haeresim
434 735 635 794 propagaverunt
646 724 706 775 ibid.
720 753 747 763 -

818 722 889 790 gnito
909 726 966 774 ⁶9³.

221 812 321 881 quidde
330 812 428 862 Christo
436 811 559 861 sentirent
567 809 668 860 ibid.-
695 808 749 860 solo
785 807 875 871 Elusa,
894 808 1048 859 Palaestinae
1064 807 1185 877 oppidum
1198 811 1258 858 444.
1278 806 1347 875 (40-

219 896 341 947 Matthaoi
359 896 488 964 evangelio
507 905 609 946 utuntur
628 899 683 945 12⁷.

819 892 909 960 aena.)

186 981 266 1033 Ebion
293 981 390 1032 loannis
412 992 526 1048 tempore
547 980 609 1031 vixit
634 984 690 1029 149.
717 1007 748 1018 -
787 978 855 1029 Elxai
871 977 1092 1046 pseudopropheta
1108 981 1150 1028 40.
1169 1006 1202 1018 -
1228 988 1255 1028 et
1269 976 1349 1028 l'rater

221 1077 245 1117 et
264 1065 368 1116 Ebionei
384 1065 460 1117 Paulo
478 1064 630 1116 maledicunt
646 1062 706 1114 ibid.

188 1150 319 1202 Ebrietatis
333 1162 358 1201 et
374 1150 504 1201 edacitatis
517 1149 676 1201 incommoda
691 1151 749 1198 401.

187 1236 297 1287 Ecclesia
314 1247 351 1285 est
366 1245 423 1287 toto
441 1235 502 1286 orbe
518 1234 623 1295 diffusa,
650 1245 676 1284 et
692 1233 749 1284 nbi-

222 1337 269 1388 que
285 1331 406 1371 terrarum
421 1325 521 1373 501-
540 1319 677 1387 eademque
693 1319 750 1369 nari

222 1415 381 1473 comparatur
398 1409 455 1455 000.

818 1063 872 1114 eius
888 1065 1005 1125 lenaeus,
1023 1074 1049 1112 et
1063 1062 1150 1130 quibus
1163 1061 1274 1114 muribus
1289 1062 1349 1113 lue-

819 1149 852 1198 rit
873 1149 933 1199 ibisl.
961 1177 992 1187 -
1036 1147 1087 1197 eius
1109 1145 1278 1198 iusiurandum
1303 1163 1349 1214 per

818 1232 895 1282 salem
908 1242 934 1282 et
949 1243 1058 1293 terram,
1076 1241 1126 1285 etc.
1142 1230 1203 1282 ibid.
1224 1258 1255 1271 -
1290 1247 1350 1282 osor

819 1317 983 1385 virginitatis,
1003 1316 1071 1384 cogit
1088 1316 1121 1367 ad
1138 1316 1237 1384 nuptiae
1251 1315 1313 1367 ibid.

785 1403 891 1454 Elsseus
910 1401 1130 1471 pseudopropheta
1148 1405 1206 1451 111.

188 1490 299 1542 Ecclesia
313 1491 395 1541 varios
412 1490 488 1541 habet
506 1488 620 1551 ordines,
638 1488 684 1538 sed
698 1505 749 1539 non
786 1488 855 1538 Elxai
873 1497 962 1539 auctor
977 1499 1085 1555 quatuor
1101 1496 1224 1537 sectarum
1237 1488 1280 1536 48.

224 1591 310 1626 omnes
328 1575 418 1643 passim
435 1574 546 1625 admittit
564 1577 620 1623 000.

188 1659 297 1712 Ecclesia
319 1659 360 1710 dei
379 1659 470 1711 dicitur
492 1660 560 1726 regia
577 1659 630 1724 ria,
658 1669 686 1710 et
703 1659 751 1709 iter

222 1744 334 1796 veritatis
352 1748 412 1796 bol.

189 1832 219 1882 lu
243 1830 347 1881 ecclesia
371 1829 533 1881 sacerdotalis
557 1839 611 1896 est,
638 1840 665 1879 et
681 1828 750 1896 regia

225 1915 334 1983 dignitas
352 1920 409 1967 118.

188 2000 299 2051 Ecclesia
321 2001 347 2051 in
372 2017 419 2050 uns
442 1999 491 2049 fide
509 2000 634 2049 consentit
649 2000 675 2049 in
694 2008 750 2050 toto

223 2086 299 2145 orbe,
326 2085 395 2152 quasi
416 2086 442 2135 in
467 2102 515 2135 una
537 2084 613 2135 domo
635 2083 750 2134 habitans

224 2174 281 2221 202.
300 2200 331 2209 -
367 2181 524 2237 comparatur
544 2169 592 2220 soli
609 2169 676 2237 quod
698 2168 751 2218 eius

224 2254 339 2322 exemplo
350 2265 430 2304 totum
439 2254 558 2304 mundum
567 2254 676 2305 illustret
690 2253 750 2304 ibid.

223 2368 257 2379 —
275 2357 329 2390 eam
341 2339 445 2407 perinde
461 2339 576 2390 obtinent
586 2339 696 2389 inientes
710 2349 749 2389 et·

225 2442 273 2492 que
289 2423 484 2491 eloquentissimi
500 2423 559 2475 ibid.
572 2453 602 2462 -
635 2424 753 2474 scientiae

227 2508 300 2576 copia
323 2509 401 2560 maior
419 2509 495 2560 fiden
512 2526 562 2559 non
577 2508 692 2559 immutat
708 2525 751 2558 eo-

227 2594 316 2645 elesiae
337 2594 397 2645 ibid.

785 1574 967 1623 Encrutitarum
988 1573 1097 1623 haeresis
1118 1576 1159 1623 tt.
1188 1581 1248 1637 post
1272 1569 1348 1621 chri-

818 1658 988 1720 stianismum,
1015 1657 1067 1707 sive
1090 1659 1262 1708 411911-
1306 1654 1348 1705 ubi

817 1742 973 1808 potissimum
996 1752 1136 1810 propagata
1154 1741 1216 1793 ibid.
1233 1769 1265 1780 -
1300 1757 1347 1790 eo-

819 1844 872 1878 rum
885 1827 1004 1893 dogmata
1020 1828 1078 1878 400.
1097 1856 1128 1866 -
1164 1825 1292 1877 diabolum
1306 1825 1349 1875 in·

818 1922 858 1961 ter
874 1910 997 1978 principie
1014 1929 1097 1962 rerum
1115 1922 1213 1980 ponunt
1237 1910 1298 1961 ibid.
1318 1939 1349 1949 -

818 2012 879 2063 qnos
902 1995 980 2048 libros
1003 1996 1138 2047 admittant
1154 1995 1214 2047 ibid.
1234 2023 1265 2035 —
1300 2013 1349 2045 nu-

819 2081 884 2148 ptias
895 2080 996 2131 diabolo
1009 2081 1105 2132 auctori
1118 2081 1231 2132 tribuunt
1243 2080 1304 2131 ibid.
1316 2107 1350 2119 -

818 2166 850 2216 ab
867 2165 982 2216 animatis
999 2165 1127 2216 abstinent
1144 2165 1203 2216 ibid
1222 2191 1257 2205 -·
1286 2181 1350 2232 equa

818 2251 872 2301 sola
896 2249 922 2300 in
952 2251 1076 2318 mysteriis
1102 2261 1206 2301 utuntur
1229 2250 1290 2302 ibid.
1316 2278 1350 2291 -

820 2336 879 2386 vino
903 2336 1028 2386 abstinent
1050 2335 1111 2385 ibid.
1131 2365 1162 2377 -
1197 2345 1290 2405 negant
1306 2352 1350 2386 re-

819 2407 999 2472 surrectioriem
1013 2432 1168 2472 mortuoram
1179 2420 1241 2472 ibid.
1251 2449 1285 2461 -
1302 2437 1350 2471 eo-

819 2523 875 2556 rum
899 2506 1019 2556 refutatio
1044 2505 1105 2556 ibid.
1132 2534 1164 2546 -
1209 2505 1351 2558 castitatem

820 2591 937 2642 simulant
953 2595 1013 2641 401.

192 2679 319 2731 Ecclesiae
344 2679 406 2729 ritus
421 2679 446 2728 in
465 2679 613 2729 celebrando
632 2677 752 2728 Paschate
788 2676 903 2727 Enochus
928 2675 976 2726 deo
1003 2686 1105 2743 gratus,
1131 2675 1266 2728 translatus
1292 2676 1350 2738 fnit,

225 2769 284 2814 411.

820 2779 867 2811 uec
885 2772 991 2812 mortem
1008 2772 1124 2828 expertus
1142 2767 1168 2811 4.

191 2849 302 2901 Ecclesia
320 2865 374 2898 curn
391 2864 448 2898 arcu
465 2860 638 2916 comparatur,
657 2860 753 2899 etcum
790 2846 875 2898 Enoch
892 2846 1018 2914 quomodo
1035 2846 1167 2898 translatus
1186 2857 1225 2899 est
1247 2849 1273 2900 iu
1291 2866 1350 2901 cor-

224 2933 345 2984 bitumine
361 2936 419 2984 tto.

822 2948 883 2999 pure
900 2935 956 2982 001.

192 3017 302 3071 Ecclesia
328 3018 450 3069 catholica
476 3018 586 3069 omnium
610 3019 753 3087 antiquissi-
789 3014 903 3083 Epicurei
920 3017 1029 3068 haeresis
1048 3023 1088 3068 14.

228 3120 269 3154 ma
287 3107 312 3152 1.

191 3189 302 3241 Ecclesia
320 3204 423 3256 quarum
445 3188 564 3239 virtutum
579 3188 670 3240 hebeat
684 3207 753 3241 eser·

226 3274 369 3340 citamentn,
387 3283 412 3323 et
428 3290 491 3341 quae
506 3273 566 3323 vitia
585 3274 672 3342 fugiat,
692 3292 753 3343 quas

225 3359 330 3410 virtutes
346 3357 512 3426 amplectatur
530 3362 603 3410 1101.

192 3444 317 3495 Ecclesiae
330 3442 469 3494 catholicae
485 3442 603 3510 dogmata
620 3443 685 3495 circa
701 3444 752 3495 vir·

226 3529 357 3595 ginitatem
374 3539 401 3578 et
417 3528 523 3595 nuptias.

788 3102 931 3170 Epiphanes
950 3113 976 3152 et
993 3101 1102 3154 lsidorus
1128 3104 1230 3155 secundi
1256 3105 1347 3156 haere·

821 3187 868 3236 sim
884 3187 993 3254 amplexi
1011 3191 1069 3239 110.
1092 3217 1121 3228 -
1155 3189 1199 3240 ille
1219 3190 1269 3241 luit
1288 3190 1351 3242 Gar-

823 3273 930 3338 pocratis
948 3272 1011 3322 filius
1027 3273 1088 3324 ibid.
1106 3302 1139 3314 -
1178 3274 1215 3325 illi
1232 3275 1258 3325 in
1276 3278 1352 3326 Samo

822 3356 900 3407 divini
923 3357 1031 3408 honores
1055 3360 1209 3426 consecrati,
1234 3369 1261 3411 st
1282 3371 1353 3413 tem-

823 3442 890 3508 plum
908 3453 1047 3494 extructum
1064 3443 1124 3493 ibid.
1140 3454 1167 3494 et
1180 3449 1237 3496 111.
1251 3475 1283 3487 -
1302 3446 1352 3498 Ce-

823 3527 941 3594 phallenii
957 3529 994 3578 illi
1011 3529 1151 3580 sacrificant
1167 3530 1229 3581 ibid.

193 3614 317 3665 Ecclesiae
341 3613 452 3680 singulae
475 3612 618 3664 dioeceseos
646 3612 755 3663 Alexan·
790 3611 928 3679 Epiphania
947 3613 1039 3664 Christi
1055 3619 1114 3665 444.
1133 3615 1277 3684 (Addeud)

225 3700 328 3765 deirae,
354 3718 368 3749 a
390 3697 478 3766 quibus
502 3697 553 3766 regi
578 3709 605 3748 et
627 3697 755 3766 quomodo
790 3696 922 3765 Epiphanii
951 3716 1007 3749 cum
1024 3700 1100 3751 Vitali
1128 3702 1271 3768 congressio
1288 3703 1355 3756 circs

227 3784 311 3834 vocari
325 3783 414 3834 solitae
432 3786 490 3833 tat.
509 3809 541 3820 ·-·
571 3791 677 3850 suntque
693 3783 753 3833 Ale-

227 3867 362 3919 xandrinae
390 3867 510 3917 ecclesiae
537 3866 618 3934 plures
649 3871 705 3918 118.
726 3896 754 3908 -

227 3952 293 4003 inter
310 3970 371 4021 quas
391 3951 438 4002 luit
457 3953 577 4003 Caesarea
595 3951 655 4003 ibid

195 4037 360 4088 Ecclesiastici
377 4036 439 4088 ritus
456 4055 485 4087 ac
502 4037 603 4088 decreta
621 4041 696 4088 110³.

196 4121 332 4174 Ecclesiam
356 4139 429 4173 unam
454 4140 508 4173 esse
533 4123 575 4173 uni
599 4132 625 4174 et
642 4122 756 4190 genitrici

231 4224 292 4257 suae
310 4211 386 4257 toea.

196 4291 308 4343 Ecclesia
325 4292 440 4343 columba
457 4292 548 4344 dicitur
565 4297 623 4345 1162.

192 4367 339 4437 'Exeruere
356 4377 416 4445 quid
432 4377 555 4446 significet
571 4382 630 4431 400.

199 4459 264 4511 Elias
283 4461 354 4530 virgo
370 4462 433 4526 fuit,
451 4474 599 4515 nontamen
617 4464 757 4516 adorandus

232 4555 261 4595 ut
275 4563 322 4598 nec
337 4549 423 4612 Maris,
444 4566 490 4599 nec
501 4549 605 4615 Thecla,
623 4567 669 4603 nec
684 4567 756 4620 quae·

232 4630 270 4682 ris
287 4632 335 4684 alis
354 4644 440 4685 sancta
459 4635 533 4688 10⁶2.

825 3793 936 3835 natiuam
954 3783 1085 3835 liumsuam
1109 3785 1135 3837 in
1162 3785 1261 3839 Christo
1280 3792 1354 3841 1010.

823 3894 858 3908 -·
876 3869 965 3919 Vitalis
982 3885 1053 3919 error
1070 3871 1239 3938 deprehensus
1263 3873 1325 3924 ibid.

791 3953 945 4021 Epiphanius
964 3953 1026 4004 dicit
1050 3954 1178 4007 diabolum
1195 3956 1236 4008 dei
1255 3959 1355 4010 miseri-

773 4038 775 4045 '
826 4038 935 4089 cordiam
950 4050 1010 4090 ante
1029 4037 1121 4092 Christi
1143 4041 1277 4095 adrentum
1295 4063 1355 4113 spe-

828 4142 894 4173 rasse
912 4128 971 4174 289.

794 4208 924 4276 Epiphanii
948 4209 1030 4278 lapsus
1055 4211 1087 4263 de
1114 4213 1269 4266 Elisabethae
1292 4233 1354 4268 cou-

827 4293 884 4360 iuge
903 4298 978 4346 1046.

793 4379 926 4447 Epipheaii
943 4392 1029 4441 netas,
1054 4392 1080 4433 et
1100 4383 1147 4434 sul>
1163 4384 1251 4453 quibus
1274 4387 1357 4456 impe-

826 4466 952 4519 ratoribus
976 4467 1067 4519 vixerit
1092 4475 1116 4520 1.
1143 4499 1174 4512 -
1218 4474 1302 4541 operis
1325 4473 1356 4526 ab

828 4549 969 4620 Epiphanio
986 4552 1094 4605 instituti
1111 4556 1176 4609 rstio
1193 4558 1255 4612 ibid.

1030 4807 1034 4814 .
1078 4732 1161 4810 4⁸*.
