3096 5070
362 305 500 361 eausam
517 308 582 361 tra.
595 309 639 362 m.
664 308 746 362 rou.
758 309 790 359 u.
814 308 930 360 nxros.
948 308 1012 359 sin.
1030 309 1173 362 carnot.
1281 300 1343 366 533

192 440 275 510 rent,
308 449 345 493 ne
365 438 490 492 aetatem
514 429 544 491 in
570 427 630 490 otio
650 428 808 512 degerent,
840 438 892 490 aut
914 426 1009 491 cibum
1032 449 1097 491 cnm
1115 430 1283 515 cuiusquam
1301 432 1347 495 in-

193 533 346 598 commodo
371 540 532 595 sumerent.
578 527 688 614 Magna
712 551 785 594 vero
809 550 848 593 ex
873 538 956 613 parte
975 530 1005 592 iu
1025 531 1214 595 decantandis
1228 533 1346 617 psalmis

192 656 226 700 ac
242 634 389 721 perpetuis
404 632 585 697 orationibus
603 643 632 695 et
649 653 798 696 sacrarum
813 631 976 696 litterarum
992 632 1167 697 lectionibus
1183 634 1346 720 iisdemque

191 737 362 801 memoriter
384 735 607 822 pronuntiandis
630 735 743 819 scipsos
766 745 921 798 exercent.
1089 743 1090 749 ’

274 836 335 902 lam
354 859 427 902 vero
444 837 664 924 hospitalitatis,
689 836 889 916 humanitatis,
913 847 944 898 et
960 837 990 898 in
1010 857 1113 901 omues
1130 858 1274 924 pauperes
1293 838 1344 903 be·
1392 861 1452 930 cap

190 943 363 1006 neficentiae
382 942 492 1005 fructus
513 941 564 1004 toti
584 939 743 1004 catholicae
768 949 798 1002 et
816 938 995 1024 apostolicae
1018 940 1163 1003 ecclesiae
1184 942 1346 1007 communia
1372 931 1470 983 xxm·

191 1044 325 1108 omnibns
351 1053 396 1105 est
420 1044 558 1107 indictus.
609 1040 719 1104 Eadem
743 1061 815 1107 vero
844 1041 970 1105 ecclesia
1000 1062 1053 1126 pro
1083 1040 1215 1105 obsoleta
1243 1043 1324 1106 illa
1315 1065 1346 1107 ru

191 1143 312 1211 Christo
339 1146 561 1209 circumcisione
591 1143 762 1230 baptismum
786 1144 915 1227 accepit,
950 1164 984 1206 ac
1010 1164 1062 1228 pro
1088 1144 1197 1228 exiguo
1223 1144 1346 1210 sabbato

190 1248 311 1311 maioris
335 1248 460 1332 quietem
485 1247 620 1310 admittit.
673 1245 721 1310 Ab
742 1248 870 1310 omnium
894 1246 1056 1309 haereseon
1083 1247 1287 1311 commuuione
1312 1269 1345 1312 se

191 1362 346 1434 segregat,
373 1349 612 1428 fornicationem,
635 1349 808 1413 adulterium
825 1341 1025 1412 ac'libidinein
1043 1348 1200 1433 proscribit
1215 1371 1342 1413 omnem.

192 1449 265 1516 ltem
280 1451 490 1531 idololatriam,
523 1451 725 1532 homicidium,
757 1451 854 1514 scelus
873 1472 977 1530 omne,
1009 1450 1269 1531 malehcnsartes,
1294 1474 1346 1517 ve·

190 1554 312 1634 noticia,
342 1555 567 1632 astronomiam,
598 1554 741 1638 auguria,
778 1552 967 1629 sortitiones,
999 1551 1232 1634 incantationes,
1263 1575 1345 1619 amn-

189 1657 265 1736 leta,
290 1677 363 1741 quae
380 1656 559 1741 phylacteria
575 1666 730 1718 vocantur.
775 1656 822 1719 Ad
840 1656 912 1719 baec
929 1653 1053 1734 theatra,
1077 1667 1229 1740 equestres
1247 1656 1342 1736 ludos,

189 1758 363 1823 venationes
399 1780 433 1822 ao
468 1759 579 1822 musica
613 1758 778 1842 spectacula
815 1757 943 1850 damnat.
997 1756 1075 1819 Tum
1112 1758 1344 1823 maledicentiam

190 1882 323 1940 omnem,
355 1860 581 1938 detractionem,
613 1880 738 1944 pugnam
759 1868 844 1943 atque
863 1859 975 1940 rixam,
1010 1859 1233 1945 blasphemiam,
1268 1862 1344 1925 iniu-

190 1964 281 2040 riam,
312 1962 496 2046 cupiditatem
513 1972 543 2024 et
562 1982 692 2025 usuram.
737 1959 948 2044 Negotiatores
974 1983 1031 2024 uon
1053 1963 1205 2025 admodum
1227 1964 1341 2048 probat,

189 2067 240 2129 aed
261 2065 289 2127 iu
307 2065 434 2127 omnium
459 2064 556 2126 iulimo
580 2063 645 2126 loco
666 2063 833 2138 constituit,
865 2063 1029 2127 oblationes
1050 2064 1085 2126 ab
1107 2064 1151 2128 his
1167 2066 1215 2149 qui
1237 2066 1343 2129 iniuria

189 2167 333 2230 neminem
362 2167 531 2244 affecerint,
562 2186 657 2251 neque
679 2165 775 2229 scelus
801 2167 916 2250 aliquod
942 2167 1155 2250 perpetrarint,
1190 2168 1241 2230 sed
1264 2167 1341 2233 iuste

188 2270 278 2333 vitam
295 2269 465 2347 instituant,
496 2269 631 2331 admittit.
677 2265 786 2332 Preces
804 2269 839 2332 ad
861 2269 945 2330 deum
965 2268 1082 2335 assidue
1102 2270 1244 2350 fundere,
1276 2291 1343 2335 ees·

188 2372 311 2457 demque
329 2370 581 2456 frequentissimas
598 2393 632 2433 ac
650 2371 784 2448 sedulas,
807 2370 931 2455 genibus
952 2371 1067 2433 iuterim
1089 2381 1252 2456 opportuno
1271 2383 1342 2434 tem·

136 2477 141 2489 “
189 2496 259 2561 pore
284 2476 387 2554 llexis,
420 2484 522 2537 unctes
547 2495 581 2535 ac
607 2473 669 2536 dies
697 2473 848 2557 praecipit.
900 2469 995 2535 Porro
1020 2472 1191 2557 quibusdam
1217 2474 1246 2536 iu
1269 2474 1342 2538 locis

188 2577 265 2640 sacri
286 2588 448 2640 conventus
471 2587 501 2639 ct
522 2596 653 2662 synaxes
678 2575 766 2638 etiam
790 2575 918 2639 sabbatis
943 2575 1121 2639 indicuntur.
1176 2574 1248 2639 lllud
1271 2597 1343 2641 vero

190 2699 248 2741 uon
267 2679 302 2740 ab
321 2679 473 2756 omnibus,
498 2680 548 2741 sed
569 2700 586 2740 a
604 2677 865 2763 praestantioribus
883 2678 1074 2758 observatur,
1104 2689 1136 2741 nt
1154 2700 1190 2741 ne
1211 2678 1344 2743 delerent

191 2780 327 2857 omuino,
360 2800 454 2864 neque
479 2781 641 2843 convicium
665 2779 798 2864 cuiqnam
825 2781 950 2859 faciant,
982 2791 1033 2843 aut
1052 2770 1265 2865 imprecentur,
1290 2802 1342 2863 pro

191 2901 227 2944 eo
245 2903 280 2944 nc
302 2882 433 2944 salvator
454 2881 555 2959 iussit,
587 2884 718 2966 adeoque
743 2883 835 2967 quoad
862 2883 890 2944 in
909 2882 980 2966 ipsis
1002 2885 1089 2945 situm
1108 2894 1170 2962 est,
1197 2907 1341 2969 nonquam

190 2985 309 3047 omuino
323 2983 511 3047 mentiantur.
556 2980 695 3069 Plerique
713 2984 875 3048 verobona
893 3005 946 3047 sua
965 2986 1113 3063 vendunt,
1137 2997 1168 3048 et
1185 2987 1215 3049 in
1234 3008 1342 3073 paupe-

190 3106 240 3150 res
263 3086 449 3150 distribuunt.

274 3186 382 3251 Forma
407 3188 520 3272 quidem
544 3209 579 3251 ac
602 3199 671 3252 nota
688 3189 831 3253 ecclesiae
849 3189 1009 3252 catholicae
1028 3199 1074 3252 est
1091 3189 1252 3271 eiusmodi,
1276 3214 1341 3255 cnm
1392 3222 1454 3291 cap.

191 3312 225 3355 ea
244 3291 307 3354 fidei
335 3290 458 3354 formula
475 3313 558 3374 quam
581 3312 668 3377 supra
693 3292 908 3376 proposuimus.
954 3289 1017 3354 Eae
1035 3314 1122 3377 porro
1139 3294 1221 3376 leges
1239 3315 1274 3357 ac
1291 3295 1341 3358 de·
1370 3291 1470 3344 ΧΧΝ·

191 3404 271 3457 creta
296 3393 325 3454 in
351 3413 384 3454 ea
410 3392 605 3456 celebrantur.
653 3392 735 3456 llaec
760 3404 823 3471 est,
855 3395 991 3477 inquam,
1022 3394 1165 3458 ecclesiae
1188 3397 1279 3458 lorma
1302 3417 1342 3461 ex

191 3495 273 3579 lege,
305 3493 472 3579 prophetis,
502 3495 643 3578 apostolis
665 3507 695 3557 et
719 3495 908 3578 evarrgelistis
932 3496 1075 3575 conflata,
1108 3519 1182 3581 quae
1202 3498 1342 3582 exquisiti

173 3597 339 3660 ¹ettiusdam
356 3596 476 3658 antidoti
495 3595 588 3658 instar
602 3607 664 3674 est,
699 3617 737 3660 ex
757 3596 854 3659 multis
874 3597 1030 3682 ungnentis
1046 3599 1081 3662 ad
1100 3619 1201 3663 eorum
1218 3601 1342 3665 salutem

191 3700 238 3782 qui
256 3699 296 3761 uti
314 3698 459 3763 volueriut
476 3698 614 3773 conlecti,
640 3698 675 3759 de
692 3699 842 3761 voluntate
859 3700 961 3783 patris,
986 3701 1034 3763 lilii
1050 3722 1084 3764 ac
1099 3703 1218 3786 spiritns
1234 3703 1339 3768 sancti.

191 3799 273 3865 llaec
298 3812 344 3864 est
365 3802 551 3864 venerandae
571 3797 682 3862 Christi
709 3820 833 3884 sponsae
855 3812 922 3863 trota
943 3802 1097 3887 peculiaria
1117 3824 1151 3866 ao
1171 3805 1339 3890 descriptio.

191 3902 274 3969 llaec
300 3903 377 3967 illius
401 3904 454 3966 dos
481 3913 510 3965 et
529 3901 699 3965 hereditatis
718 3912 936 3966 testamentum.
983 3903 1064 3967 llaec
1088 3905 1226 3970 coelestis
1250 3908 1341 3990 ipsius

190 4007 290 4093 sponsi
308 4003 375 4069 lesu
389 4001 501 4069 Christi
518 4005 625 4067 domini
639 4004 785 4069 voluntas.
831 4002 891 4068 Per
904 4025 988 4089 quem
1004 4017 1032 4068 ct
1048 4028 1170 4090 quocum
1187 4010 1261 4094 patri
1278 4010 1340 4093 glo·

190 4111 250 4187 ria,
283 4110 422 4171 honoret
442 4107 593 4192 imperium
619 4128 684 4170 oum
707 4118 811 4170 sancto
835 4108 936 4193 spiritu
957 4108 985 4170 iu
1008 4109 1124 4172 saecula
1141 4113 1338 4192 saeculorum,

192 4211 299 4274 Amen.

276 4309 388 4376 Omnes
405 4313 452 4396 qai
468 4312 512 4375 hic
531 4324 598 4375 sunt
615 4315 719 4377 iratres
734 4312 887 4398 plurimum
902 4334 957 4377 vos
971 4313 1117 4393 salutant,
1141 4317 1192 4379 sed
1209 4316 1341 4402 inprimis

190 4413 363 4495 Anatolius,
393 4415 511 4499 quibas
530 4426 630 4479 contra
649 4416 796 4500 octogiuta
816 4416 955 4480 haereses
972 4417 1183 4502 disputationes
1205 4431 1339 4484 notarum
