3096 5070
467 280 603 334 ransart
622 280 738 331 meur.
756 280 870 333 rosan.
887 277 988 330 nuru.
1002 276 1097 329 cxxi.
1324 265 1366 330 39

205 421 291 486 qnam
318 401 392 487 pulsi
417 403 566 486 legatique
591 396 753 463 Christiani
775 418 878 462 omnes
901 397 1074 473 rideantur,
1108 397 1240 460 uouuulli
1266 408 1365 462 tamen

204 505 297 566 adhuc
321 516 491 589 supersunt.
537 501 646 585 Neque
669 502 746 563 enim
773 501 838 564 fidei
864 502 930 563 lons
953 518 1092 562 arescere
1115 500 1230 583 penitus
1253 508 1363 585 potest.

204 603 353 689 Quocirca
377 607 458 670 multi
485 626 525 669 ex
541 604 686 667 Audiauis
702 601 841 681 Gotthio,
874 622 910 665 ae
930 599 1090 686 provinciis
1109 600 1219 664 uostris
1235 601 1363 684 egressi,

203 719 233 771 ct
252 709 287 771 ad
302 707 462 793 Euphratis
478 705 616 789 regiones
632 706 696 768 illas
716 705 857 789 proiecti,
890 715 1025 788 quartum
1042 703 1098 765 iam
1115 725 1222 766 anuum
1238 703 1297 768 illic
1314 705 1365 768 ha·

202 811 307 874 bilant.
353 811 400 874 Ad
419 810 525 872 haece
544 807 648 871 Tauro
667 817 764 869 monte
786 827 821 868 ac
837 804 1005 870 Palaestina
1022 816 1053 868 et
1067 805 1178 868 Arabia
1194 808 1363 872 eorumdem

204 915 406 977 Audiauorum
426 909 604 972 monasteria
624 910 739 972 sublata
759 919 839 972 sunt.
886 904 963 972 Olim
982 909 1087 993 quiippe
1106 928 1285 992 magnopere
1308 909 1364 972 dil·

204 1016 260 1078 lusi
285 1013 496 1099 propagatione
522 1014 648 1074 luerunt.
694 1009 792 1073 Hodie
814 1030 887 1073 reru
909 1022 966 1073 tam
987 1011 1135 1074 homiuum
1157 1031 1242 1094 quaro
1262 1031 1364 1075 mona·

202 1117 360 1181 steriorum
385 1115 560 1199 paucissimo
585 1134 707 1176 numero
736 1123 821 1192 suutp
860 1112 934 1176 adeo
962 1124 993 1176 ut
1020 1114 1133 1177 drroltus
1155 1115 1300 1176 duntaxat
1332 1113 1363 1178 iu

203 1218 286 1303 pagis
308 1217 483 1280 domicilium
505 1216 629 1279 habeant
653 1217 681 1279 iu
698 1236 732 1278 ea
755 1237 841 1297 quam
860 1215 923 1279 dixi
947 1216 1115 1299 provincia,
1147 1215 1202 1279 hoc
1219 1225 1364 1280 estcxle·

203 1321 274 1383 riori
292 1317 440 1383 Chalcidis
463 1318 565 1397 limite,
600 1320 674 1381 ultre
699 1315 876 1381 Damascum
900 1328 931 1380 et
956 1314 1222 1401 Mesopotamium
1252 1317 1301 1382 uhi
1325 1317 1363 1382 ad

204 1421 259 1485 hoc
282 1432 393 1507 tempus
417 1422 579 1506 perexigua
602 1420 717 1483 illorum
741 1420 894 1483 multitudo
917 1419 1009 1503 degit.

286 1521 346 1588 Sed
370 1525 406 1588 dc
431 1524 476 1587 his
502 1525 656 1586 hacteuus.
702 1520 792 1586 Nunc
814 1524 850 1585 ad
874 1523 949 1586 alias
967 1534 1172 1602 transeamus3
1206 1542 1244 1586 ue
1260 1522 1363 1607 quida

201 1625 284 1691 nohis
308 1627 559 1711 praetermittatur
582 1626 657 1709 quod
681 1624 856 1687 divisionem
880 1625 1006 1708 aliquam
1030 1647 1065 1689 ae
1092 1626 1175 1688 velut
1198 1625 1362 1690 sectione·

198 1728 360 1807 ccclesiae,
390 1729 456 1792 sive
485 1728 636 1791 dissidium
666 1747 702 1789 ac
732 1725 889 1790 divortium
919 1727 1060 1791 attulerit.
1107 1726 1359 1811 Quaurvisenim,

197 1833 273 1916 quod
297 1832 332 1893 ud
355 1832 437 1894 tudem
462 1842 592 1914 spectat,
623 1850 755 1893 armore
773 1829 838 1913 ipso
862 1829 978 1913 rituque
998 1852 1056 1894 nou
1075 1832 1229 1893 admodum
1250 1833 1361 1895 discre-

199 1944 286 2016 pent,
319 1932 390 1994 uilril
413 1954 468 1995 uos
493 1942 608 2011 tamen,
640 1933 716 2016 quod
738 1951 853 2016 quoque
880 1933 966 1994 modo
991 1933 1027 1994 alr
1050 1934 1177 1997 ecelesia
1201 1933 1358 2014 divulsum,

198 2044 287 2118 atquc
312 2033 389 2096 iuter
412 2034 556 2097 lectiones
579 2034 743 2098 contrarias
765 2033 945 2098 recensitum
969 2035 1073 2114 luerit,
1106 2057 1160 2121 pro
1176 2036 1254 2100 virili
1276 2047 1360 2121 parto

200 2135 479 2221 praetermittemus.

369 2376 643 2452 codrus
688 2376 1189 2469 PHOTINIANOS‚

443 2522 525 2594 qrrae
553 2504 605 2572 esl
631 2497 779 2573 haeresis
804 2496 878 2590 LI,
904 2497 959 2573 vel
985 2495 1113 2572 LXXI.

278 2647 432 2713 Periclem
448 2661 562 2735 tempus
577 2647 735 2728 Photinus,
759 2670 849 2733 aqrro
863 2647 1032 2713 Photiuiani
1052 2649 1235 2735 prodierunt,
1259 2669 1357 2712 emer·
1388 2669 1449 2739 cap.
1460 2671 1481 2724 ι,

195 2773 247 2816 sus
264 2752 426 2815 catholicae
437 2752 585 2816 'ecclesiae
600 2754 744 2837 quondam
759 2752 927 2836 episcopus,
942 2751 989 2836 qui
1005 2750 1080 2814 haud
1096 2751 1236 2815 mediocri
1255 2754 1354 2816 lurore

195 2854 325 2939 percitus
348 2856 517 2940 superiores
540 2876 643 2918 omncs
661 2855 777 2918 insertio
796 2857 963 2938 superavit,
997 2858 1158 2940 eademque
1178 2876 1243 2919 curn
1262 2852 1354 2919 Paulo

195 2953 404 3032 samosateno,
429 2957 487 3018 imo
503 2959 650 3021 atrociora
665 2958 818 3042 quaedam,
844 2959 880 3018 de
894 2956 942 3019 dri
959 2957 1018 3020 lilio
1035 2967 1132 3020 urente
1152 2957 1299 3042 currcepit,
1324 2957 1354 3023 iu

195 3079 280 3143 quem
297 3059 399 3144 plenos
414 3061 609 3122 contumeliae
625 3081 797 3138 sermones,
828 3080 883 3123 nec
900 3059 956 3122 ullu
974 3060 1121 3124 soliditate
1139 3061 1269 3124 tirmatos
1284 3082 1355 3124 evo·

194 3161 279 3225 mult.
326 3158 381 3223 llic
406 3162 545 3246 prodiens
562 3158 672 3226 Sirmio
691 3160 869 3227 Constantio
888 3163 1050 3246 imperante
1072 3162 1178 3226 infelix
1201 3165 1353 3229 doctrinae

150 3312 159 3330 Ι
194 3285 265 3328 suae
284 3263 382 3326 lolium
402 3263 431 3325 in
452 3265 523 3327 urhe
542 3265 763 3342 disseminavit,
794 3274 824 3328 et
847 3265 882 3326 ad
905 3262 978 3327 haee
991 3285 1082 3348 usque
1100 3276 1231 3350 tempora
1248 3287 1352 3352 super·

194 3367 259 3446 luit,
284 3388 349 3430 cum
366 3365 395 3428 iu
413 3364 583 3431 Sardiceusi
597 3369 758 3432 occidentis
772 3367 888 3453 syuodo
903 3367 940 3430 ob
957 3369 1141 3431 execrandus
1156 3368 1352 3456 blasphemias

195 3467 343 3553 depositus
367 3481 458 3534 esset.

280 3669 336 3734 llic
354 3669 503 3739 Christum
518 3697 534 3738 a
551 3676 694 3761 principio
713 3687 799 3757 negat
818 3675 974 3754 extitisse,
997 3677 1048 3740 sed
1067 3677 1123 3739 iam
1141 3687 1200 3737 turn
1218 3695 1236 3737 a
1252 3672 1352 3741 Maria

195 3770 309 3854 virgine
335 3773 448 3838 initium
477 3779 646 3861 occepisse,
678 3799 713 3840 ac
731 3788 878 3842 recentem
895 3799 979 3857 esse3
1011 3800 1052 3842 ex
1069 3798 1127 3861 quo
1143 3777 1280 3860 spiritus,
1306 3778 1350 3841 in·

194 3875 272 3955 quit,
304 3885 423 3938 sauctus
447 3878 475 3939 iu
502 3878 580 3939 illum
606 3879 775 3957 descendit,
807 3891 869 3943 ete
891 3881 994 3965 spiritu
1020 3889 1123 3943 sarrcto
1148 3880 1266 3962 genitus
1290 3890 1347 3944 cst.

194 3972 290 4059 Quem
304 3976 419 4060 quidem
434 3978 568 4062 spiritum
582 3989 716 4040 sanctum
733 3975 845 4043 Christi
862 4002 930 4046 esse
948 3991 1040 4066 putat,
1061 3982 1158 4044 audax
1172 3982 1350 4049 architectus

192 4185 245 4231 lihrt
258 4185 364 4242 retinent,
377 4188 503 4244 mercule
515 4185 637 4246 cornerio,
651 4185 692 4246 qui
705 4197 757 4233 ver·
791 4182 897 4248 pradum
912 4195 994 4235 antem
1010 4184 1212 4239 Koomumtooc‘
1230 4191 1349 4244 Percotes

192 4253 220 4299 lit
237 4269 251 4297 a
270 4251 342 4298 nohis
360 4269 410 4299 non
430 4250 589 4317 relinquetur.
790 4255 892 4303 Dlalhtaet‘
908 4257 1000 4304 inlert'nt
1014 4261 1065 4317 peel
1079 4252 1165 4320 καιρὸς
1181 4246 1221 4323 ἦν.

226 4319 252 4377 ‘l
270 4321 296 4369 ln
318 4320 364 4381 pue
385 4323 469 4380 capntls
492 4324 518 4370 r'u
538 4323 605 4370 codd.
624 4334 678 4370 msa.
695 4325 758 4370 utro·
823 4325 848 4371 2.
867 4323 932 4371 Litrrr'
949 4325 1031 4373 lmhrnt
1050 4323 1247 4379 Kmucrurrluou.

191 4401 235 4449 qaue
251 4390 335 4450 lepitur
350 4389 460 4437 additum
476 4386 556 4447 Titos
571 4389 615 4441 τοῦ
633 4389 691 4454 περὶ
707 4388 757 4442 τῶν
824 4389 849 4442 3.
868 4384 945 4442 atinde
960 4408 1006 4442 aon
1023 4394 1089 4442 hebal
1106 4395 1157 4443 eod.
1175 4394 1271 4459 llhrdip.

192 4449 318 4506 addianis
337 4455 484 4524 οχῑοματος.
825 4456 850 4509 4.
872 4460 978 4510 Rescribe
991 4455 1070 4526 aderio
1086 4476 1140 4513 cum
1158 4464 1286 4528 Cornurr'o,
1308 4467 1350 4530 put

227 4522 286 4572 Cir.
298 4525 317 4574 l.
335 4552 365 4564 -
397 4523 586 4588 l.„h1cndosus
600 4524 679 4577 locus.
705 4526 758 4577 Le-
790 4530 858 4580 oerllt
874 4527 962 4596 ipsam.
