3096 5070
411 274 546 327 sennan
563 274 627 326 urs.
641 274 684 326 ru.
699 274 781 327 rou.
795 275 816 326 1.
834 273 934 326 anun.
949 275 1069 327 uxxvr.
1253 264 1310 329 23¹

166 392 270 457 nullam
289 392 338 456 vel
353 393 530 456 levissimam
549 395 689 479 temporis
707 394 880 458 divisionem
898 393 1049 456 admittet?
1092 391 1219 459 Proinde
1239 397 1316 460 seire

167 507 194 560 te
209 495 277 558 illud
296 506 429 580 oportet,
461 496 545 558 deum
562 497 645 560 initio
663 507 829 574 carentem,
858 507 887 557 et
906 516 923 558 a
942 496 1019 558 nullo
1038 498 1162 574 factum,
1191 497 1315 561 similem

163 597 218 662 sibi
236 598 321 661 deum
336 619 352 661 e
368 599 465 682 seipso
481 599 636 681 genuisse,
662 600 791 682 adeoque
810 601 838 660 in
857 596 990 661 ominibus
1008 598 1172 682 aequalem.
1217 595 1314 682 Quem

163 699 276 783 quidem
295 700 412 762 minime
426 721 545 764 creasse
563 701 684 780 dieitur,
716 721 753 765 ne
771 701 796 763 si
814 711 929 764 creatus
949 709 1029 763 esset
1046 701 1170 784 ideoque
1189 700 1315 764 dissimi-

161 802 198 867 lis
214 803 308 880 leret,
340 803 508 866 diversitate
525 803 726 887 varietateque
741 824 793 866 sua
808 802 854 865 dei
872 802 1094 887 appellationem
1112 823 1129 866 e
1147 804 1242 866 aredio
1260 803 1315 866 tel·

160 904 247 968 leret.
293 901 410 967 Etenim
435 904 497 967 lieri
521 926 579 968 eon
603 915 699 989 potest
722 915 754 967 ut
771 904 818 988 qui
835 914 958 988 generat
981 904 1148 967 dissimilem
1168 905 1213 968 sei
1232 907 1314 968 inae·

159 1006 331 1091 qualemque
353 1006 509 1089 producat,
540 1018 589 1069 aut
606 1018 635 1070 nt
651 1005 767 1090 genitus
785 1005 954 1090 generantis
970 1006 1009 1068 sit
1025 1005 1186 1068 dissimilis.
1232 1003 1314 1088 Que-

159 1109 240 1172 eirea
254 1108 413 1171 naturalem
429 1109 579 1192 utriusque
595 1109 775 1170 identitatem
792 1109 900 1170 retinet
914 1107 940 1169 id
957 1107 1032 1190 qued
1046 1107 1216 1191 evangelieo
1232 1108 1313 1171 testi·

159 1210 259 1274 monio
276 1212 384 1287 fertur,
419 1211 447 1273 in
469 1232 526 1293 quo
543 1210 582 1272 ita
598 1209 738 1295 seriptum
761 1221 824 1272 est:
860 1214 958 1271 omnm
973 1231 1045 1291 qaue
1058 1215 1151 1289 putris
1169 1223 1238 1272 snat
1253 1231 1312 1272 mee

158 1325 240 1387 eant,
266 1310 321 1374 boe
336 1323 398 1390 est,
423 1314 494 1375 deus
510 1323 556 1376 est
572 1322 671 1397 pater,
695 1332 751 1394 ego
767 1310 971 1390 itidem-deasq
997 1312 1056 1372 vita
1073 1321 1119 1373 est
1137 1322 1231 1395 pater,
1256 1333 1312 1395 ego

161 1414 246 1478 etiam
263 1413 340 1492 rita,
364 1425 395 1477 et
407 1424 505 1478 cetera
523 1417 618 1477 omnia
634 1435 709 1497 qnae
725 1413 817 1497 patri,
842 1413 900 1475 illie
918 1423 947 1475 et
962 1411 1075 1496 spiritui
1092 1426 1193 1476 saneto
1211 1415 1239 1476 in
1256 1435 1311 1477 una

163 1515 311 1579 divinitate
327 1517 523 1594 conveniunt,
548 1538 611 1580 eum
629 1515 699 1579 nibil
720 1516 758 1580 sit
776 1515 804 1577 in
823 1515 951 1578 trinitate
971 1515 1136 1592 diversum,
1168 1536 1202 1578 ac
1219 1515 1312 1578 urrani·

164 1618 236 1681 leste
263 1617 347 1681 nobis
373 1619 560 1681 subsistentis
579 1619 643 1680 sinc
666 1617 726 1680 ullo
748 1617 831 1679 initio
856 1637 890 1678 ae
917 1628 1046 1701 tempore
1071 1618 1182 1701 paterni
1214 1619 1308 1696 verbi,

163 1719 350 1784 assimiliter
372 1720 560 1783 subsistentis
582 1719 701 1803 spiritns
724 1720 834 1794 soracti,
867 1719 914 1803 qui
941 1741 979 1781 ex
1004 1728 1085 1802 patre
1112 1719 1219 1801 liliique
1244 1741 1310 1803 pre·

162 1821 232 1908 priis
251 1824 364 1899 oritur,
394 1824 521 1906 perlecta
542 1823 625 1885 nobis
645 1823 740 1885 oblata
758 1821 884 1905 cognitio
903 1820 958 1899 sit,
991 1831 1078 1905 atque
1101 1822 1178 1884 oanni
1196 1823 1311 1885 ratione

161 1925 281 1989 firmata.

241 2027 321 2090 darii
332 2023 429 2111 Caput
443 2024 483 2090 ΙΙ.
509 2025 542 2090 Si
563 2027 710 2109 ingenitus
729 2027 801 2089 deus
819 2045 922 2087 caussa
943 2034 988 2086 est
1004 2025 1081 2086 enrni
1100 2027 1308 2108 praestantior,

157 2128 214 2192 erit
232 2131 318 2190 etiem
337 2129 527 2211 generatione
545 2129 606 2212 ipsa
631 2128 845 2213 praestantior:
871 2127 908 2204 si,
934 2127 1061 2210 inquam,
1086 2128 1199 2190 caussis
1216 2131 1310 2191 omni·

155 2229 210 2293 bos
236 2231 402 2309 antecellit,
432 2229 615 2314 generationi
640 2229 737 2293 itidem
756 2228 923 2292 antecellet.
968 2226 1075 2311 Neque
1098 2230 1174 2292 enim
1198 2241 1247 2293 aut
1272 2230 1308 2293 ab

159 2332 252 2396 altera
269 2343 373 2396 notura
391 2344 422 2396 ut
441 2344 521 2396 esset
537 2333 669 2417 aceepit,
693 2342 744 2395 aut
764 2332 833 2394 illud
856 2331 918 2415 ipse
941 2329 996 2394 sibi
1021 2332 1153 2394 contulit.

241 2430 363 2499 Conlut.
384 2433 424 2498 ΙΙ.
459 2432 493 2499 si
511 2435 658 2517 ingenitus
675 2454 779 2496 caussa
795 2444 840 2497 est
854 2432 932 2495 omni
952 2433 1165 2517 praestantior,
1190 2434 1224 2495 ab
1244 2434 1308 2519 ipse

154 2556 244 2623 perro
255 2538 372 2620 genitus
387 2538 461 2601 band
477 2537 528 2600 illo
543 2537 628 2619 digne
643 2536 759 2620 genitus
775 2547 832 2613 est,
857 2555 912 2598 nee
928 2535 1069 2618 aequalis,
1095 2545 1235 2599 ettamen
1255 2558 1308 2601 err·

154 2639 271 2703 eelleuti
287 2639 336 2703 illa
356 2638 446 2724 patris
462 2638 653 2725 appellatione
673 2639 855 2715 continetur,
889 2658 1029 2700 summam
1047 2637 1173 2718 genitori
1191 2639 1307 2720 genitus

154 2740 341 2826 ignominiam
361 2742 457 2820 allent,
482 2741 528 2824 qui
547 2740 668 2803 alterius
686 2761 770 2823 quam
787 2749 904 2802 creatae
923 2761 971 2803 res
988 2751 1104 2803 ceterae
1123 2741 1249 2804 nominis
1264 2741 1306 2804 di·

154 2841 265 2926 gnitate
281 2843 422 2927 gandeat,
448 2864 541 2926 neque
559 2852 590 2904 ut
606 2852 702 2906 cetera
718 2843 779 2919 illa,
804 2862 877 2925 quae
897 2843 971 2905 laeta
985 2853 1065 2920 sunt,
1089 2842 1231 2905 conditori
1251 2863 1305 2905 sue

157 2944 466 3008 eultumetbonerem
490 2944 635 3008 adhibeat.
680 2930 983 3026 Namoliaquidenr,
1019 2966 1091 3028 quae
1117 2956 1201 3007 extra
1225 2945 1305 3008 illum
1394 2944 1396 2946 ’

157 3055 240 3124 suot,
272 3046 415 3111 conditori
433 3068 486 3110 sue
509 3048 597 3110 decus
623 3047 822 3130 honoremque
845 3045 989 3126 tribuum3
1023 3046 1068 3110 eui
1095 3068 1149 3110 nec
1171 3048 1306 3131 aequalia

157 3157 242 3227 sunt,
271 3170 324 3212 nee
342 3151 443 3212 eadem
462 3171 526 3212 cum
543 3150 592 3212 illo
610 3148 801 3234 appellatione
819 3141 1004 3225 censentur,
1026 3150 1076 3210 sed
1097 3151 1214 3212 servilis
1234 3172 1305 3212 cen-

156 3248 275 3315 ditionis
297 3262 381 3329 sunt,
412 3262 498 3336 atque
524 3254 558 3315 ad
582 3251 725 3314 creaturis
747 3249 869 3333 gloriam
892 3250 1051 3335 preducta,
1084 3273 1140 3334 que
1167 3251 1302 3315 nimirum

156 3371 197 3414 ex
213 3350 371 3416 illustribus
393 3354 450 3416 illis
474 3364 503 3415 et
520 3354 647 3436 egregiis
672 3353 735 3416 eius
756 3352 803 3436 qui
821 3352 980 3415 illustribus
996 3351 1076 3415 hisee
1100 3353 1187 3415 rebus
1204 3353 1304 3417 cnudi-

155 3453 194 3518 tis
213 3454 345 3539 superior
361 3467 407 3518 est
424 3455 592 3539 dignitatem
609 3455 871 3538 excellentiamque
890 3453 1076 3538 proportione
1094 3457 1214 3540 qnadanr
1234 3477 1304 3519 con·

155 3556 337 3640 templemur.
382 3556 424 3621 At
445 3579 517 3620 vero
538 3558 628 3635 alter,
664 3557 711 3639 qni
739 3577 793 3618 nec
816 3555 960 3619 cenomani
985 3566 1149 3620 ceterorum
1176 3558 1304 3642 appella-

154 3658 234 3722 tione
252 3659 436 3736 continetur,
470 3670 500 3721 et
516 3681 568 3743 pre
590 3680 625 3721 eo
645 3658 719 3741 quod
738 3660 894 3723 excellenti
920 3660 958 3721 illi
982 3660 1238 3722 consubstantialis
1258 3670 1305 3723 est

153 3760 295 3823 eiusmodi
312 3761 453 3843 dignitate
469 3762 615 3844 praeditus
633 3769 696 3835 est,
729 3760 806 3822 utin
825 3761 926 3823 eedem
944 3783 1007 3824 eum
1027 3761 1076 3824 illo
1094 3762 1196 3823 ordine
1212 3762 1303 3825 eollo·

151 3873 254 3939 cetur,
280 3861 305 3926 si
326 3885 411 3947 quam
428 3863 534 3925 babeat
552 3862 588 3924 ab
606 3861 716 3923 eximio
734 3861 784 3922 illo
807 3862 1022 3945 praestantique
1039 3863 1226 3940 varietatem,
1251 3885 1304 3926 ne-

151 3984 237 4027 eesse
255 3974 302 4027 est
319 3978 349 4027 ut
364 3966 399 4026 de
421 3964 549 4027 eiusdem
573 3963 710 4044 dignitate
733 3962 838 4045 aliquid
862 3964 1029 4042 imminuat,
1064 3965 1118 4026 bne
1141 3965 1203 4047 ipse
1227 3967 1302 4049 quod

151 4066 392 4130 excellentissimi
420 4066 498 4129 illius
522 4065 551 4128 iu
573 4066 673 4149 genito
699 4063 863 4147 splendoris
887 4067 1051 4128 communie
1075 4068 1227 4130 varietatis
1249 4068 1303 4131 ali·

149 4168 217 4252 quid
237 4189 272 4230 ac
288 4169 467 4232 diversitatis
486 4168 601 4233 babeat.
638 4164 740 4249 erare
756 4166 975 4231 similem'lllum
996 4189 1012 4231 e
1030 4167 1129 4247 sirnili,
1151 4180 1180 4232 et
1195 4191 1303 4254 aequa·

149 4270 215 4352 lem¹
225 4291 265 4333 ex
280 4272 393 4355 aequali
412 4272 539 4343 ioelum,
572 4293 628 4334 nen
650 4292 703 4355 pro
720 4280 804 4354 captu
821 4291 980 4353 corporeae
1001 4272 1122 4333 alienius
1137 4273 1301 4354 intelligen-

151 4370 208 4434 tiae
223 4367 393 4436 Cbristiana
410 4372 465 4434 lide
484 4372 678 4456 concipimus,
713 4373 764 4434 sed
789 4383 923 4455 tanquam
942 4372 1026 4433 deum
1047 4391 1086 4434 ex
1100 4372 1173 4450 dee,
1204 4374 1301 4437 lumen

151 4473 186 4535 de
205 4473 329 4553 lrrrnine,
366 4497 400 4540 ae
416 4475 537 4538 verbum
562 4473 651 4559 patris
674 4474 855 4556 subsistens,
889 4475 963 4543 adeo
987 4484 1018 4537 ut
1035 4474 1207 4540 excellentis
1224 4476 1303 4549 illius
