3096 5070
603 303 927 358 annonrnsnsnosrs
1283 289 1345 357 587

188 432 259 498 tttut
273 431 464 517 praeberetur
476 436 685 511 agnoscerent.
732 423 811 488 Tum
826 423 914 488 etiam
928 423 1048 509 spiritns
1059 435 1180 488 sanetus
1195 423 1347 487 columbae

189 534 289 620 speeie
308 533 443 617 delapsus
459 540 523 609 est,
555 527 797 612 quemadmodum
815 526 844 588 in
861 526 1015 589 muitarum
1033 524 1195 589 haereseon
1215 525 1348 589 oonintn·

188 635 270 701 tinne
287 634 428 699 diximus.
473 632 520 695 Ae
537 651 574 693 ne
590 628 706 693 driuides
723 630 784 713 ipsa
802 628 831 691 iu
847 649 935 691 uuum
952 629 1070 691 redacta
1087 628 1267 711 contusaque
1283 648 1348 691 ere·

189 739 328 814 deretur,
361 735 481 820 spiritns
503 731 619 819 propria
637 732 666 794 in
688 751 813 814 persona
830 730 951 814 figuram
969 729 1047 793 iliam
1073 729 1182 808 induit,
1213 740 1243 793 et
1259 750 1349 814 snper

189 841 269 906 iiium
287 838 415 917 resedit,
440 848 534 922 seque
547 836 576 899 in
595 836 688 921 ipsum
705 830 883 911 insinuavitq
909 832 980 896 ntis
997 833 1042 895 oui
1063 831 1261 895 testimoninm
1278 832 1347 896 iilud

188 941 407 1025 suffragabatur
429 937 604 1023 oonspienns
630 947 727 1014 esset,
763 945 853 1018 utque
879 947 1097 998 sacrosanctam
1123 935 1200 998 iilam
1227 955 1347 999 earnem

189 1044 312 1109 ominem
327 1062 395 1105 esse
416 1042 529 1125 deoque
550 1040 665 1123 plaeere
682 1037 774 1123 patris
791 1058 825 1100 ae
844 1036 964 1120 spiritns
987 1039 1161 1101 anctoritate
1178 1048 1346 1115 constaret3

189 1155 222 1209 ut
239 1155 323 1229 pater
340 1143 520 1227 complaceat
538 1142 593 1204 sibi
611 1140 640 1203 in
658 1140 736 1219 filio,
768 1151 797 1203 et
812 1140 1023 1203 incarnationis
1043 1139 1121 1203 iliius
1146 1161 1252 1225 praeeo
1280 1161 1348 1204 esse

189 1248 343 1324 videatur,
377 1267 412 1310 ae
434 1245 559 1329 denique
584 1264 673 1307 verns
693 1254 725 1306 ut
749 1253 901 1328 appareret
923 1242 1015 1321 filins,
1048 1254 1078 1307 et
1095 1243 1165 1306 illud
1189 1243 1348 1328 prophetae

189 1349 359 1413 vaticinium
378 1348 531 1433 expleret,
566 1351 607 1408 Et
617 1359 685 1428 post
700 1350 769 1407 daeo
788 1350 817 1407 in
834 1358 913 1407 terro
930 1351 1006 1406 ursas
1023 1358 1081 1420 est,
1113 1358 1216 1408 etcum
1230 1351 1349 1409 dommi·
1374 1353 1474 1450 quppi-

191 1453 244 1514 dus
259 1462 452 1513 conversatus.
499 1446 627 1533 Igitura
657 1446 785 1511 iordane
808 1449 960 1531 digressus
987 1458 1069 1511 oerto
1092 1469 1223 1532 vereque
1249 1469 1266 1512 a
1290 1449 1350 1512 dia·
1368 1437 1490 1503 Mitti&

190 1553 258 1617 boio
274 1556 304 1615 in
320 1553 438 1616 deserto
457 1561 586 1616 tentatus
600 1561 663 1629 est,
687 1561 716 1614 et
734 1560 799 1634 post
813 1550 951 1614 ieiunium
969 1549 1091 1631 esuriit,
1116 1562 1147 1614 ut
1165 1551 1242 1635 qnod
1258 1571 1349 1615 verse

190 1655 273 1721 sarni
289 1666 444 1741 susceptae
460 1665 690 1718 consentaneum
707 1663 753 1715 est
765 1653 957 1739 exprimeret.
990 1650 1158 1717 Secundum
1174 1654 1246 1718 haee
1261 1653 1349 1718 disni-

190 1759 274 1844 pnios
290 1757 396 1840 elegit,
429 1757 584 1822 veritatem
605 1755 803 1842 praedicavit,
835 1754 1034 1838 aegritudines
1051 1756 1184 1837 sanavit,
1218 1758 1346 1835 dormiit,

191 1859 313 1939 esuriit,
336 1859 395 1922 iter
411 1860 496 1936 feeit,
520 1859 652 1944 prodigia
671 1857 817 1943 patravit,
848 1867 979 1920 mortuos
997 1858 1158 1936 excitavit,
1190 1863 1287 1924 eaesis
1305 1861 1349 1925 vi-

191 1981 255 2026 sum
272 1961 522 2045 repraesentavit,
546 1961 658 2024 alaudis
675 1972 705 2023 et
726 1959 894 2045 paralyticis
915 1958 996 2023 vires
1015 1961 1159 2040 restitnit,
1191 1964 1239 2047 qui
1260 1985 1350 2027 evan·

190 2062 298 2147 gadium
325 2062 418 2146 ipsum
445 2062 583 2127 coelestis
607 2063 691 2146 regni
713 2064 888 2139 ueritatem,
923 2082 957 2124 ao
983 2083 1048 2124 enm
1074 2061 1166 2146 ipsius
1188 2064 1255 2142 filii,
1290 2077 1349 2129 tum

191 2166 281 2251 patris
297 2186 332 2229 an
346 2165 466 2250 spiritns
479 2164 573 2227 saneti
592 2164 750 2229 bonitatem
764 2165 1029 2247 humanitatemque
1044 2165 1236 2248 praedicavit.
1270 2165 1349 2232 idem

190 2268 241 2331 itte
260 2288 349 2353 porro
372 2288 477 2331 revera
504 2268 652 2331 eruciatus
670 2269 699 2332 iu
722 2289 775 2331 sua
793 2287 882 2330 carne
901 2276 929 2329 et
951 2267 1079 2351 periente
1101 2268 1227 2333 hominis
1245 2282 1349 2336 natura

191 2370 349 2449 sustinuit,
379 2390 450 2434 vere
473 2370 503 2432 in
520 2390 608 2435 eruce
633 2390 737 2455 passus
756 2381 818 2447 est,
853 2370 893 2433 ita
914 2369 1029 2452 quidem
1055 2381 1088 2433 nt
1109 2370 1139 2433 in
1157 2392 1193 2434 en
1213 2373 1350 2439 diuinitas

161 2491 164 2495 ’
192 2474 355 2552 existeret,
378 2473 431 2536 sed
449 2473 489 2535 ad
506 2473 672 2556 patiendum
690 2471 807 2535 minime
825 2491 893 2535 sese
909 2482 1109 2552 converteret,
1133 2473 1184 2536 sed
1205 2474 1350 2558 passionis

191 2595 301 2660 expers
320 2586 349 2638 et
366 2574 552 2638 immutabitis
569 2585 711 2637 maneret.
758 2571 823 2656 Qua
837 2575 867 2637 in
883 2594 915 2637 re
932 2575 988 2637 duu
1003 2573 1053 2637 itta
1068 2586 1269 2639 consentanea
1285 2597 1350 2640 oer-

191 2675 305 2740 tissime
322 2676 543 2760 intelliguntur,-
575 2687 607 2739 ut
624 2687 655 2739 et
669 2673 806 2740 Christus
825 2697 877 2761 pro
895 2676 979 2739 nobis
1002 2697 1092 2740 earne
1110 2678 1149 2741 sit
1168 2700 1289 2763 passus,
1320 2691 1351 2744 et

192 2777 339 2861 passionis
354 2798 464 2862 expers
480 2778 510 2841 in
526 2779 678 2843 divinitate
693 2789 874 2864 permaneat.
919 2770 990 2842 Nou
1010 2780 1084 2863 quod
1102 2780 1227 2844 hominis
1246 2793 1349 2846 natura

192 2900 229 2944 ao
249 2879 389 2944 divinitas
413 2892 567 2964 separatae
589 2903 606 2944 a
631 2881 814 2947 seinvicem
839 2881 988 2961 existant,
1027 2903 1128 2946 verum
1152 2883 1269 2947 tametsi
1290 2907 1348 2951 una

192 2993 275 3046 esset
298 2981 454 3060 divinitas,
489 2983 561 3047 nihii
585 2983 622 3048 ob
644 2985 789 3048 sinceram
813 2995 845 3049 et
865 2984 1122 3069 incomparabilem
1144 2997 1277 3050 naturam
1303 3000 1349 3053 est

193 3105 343 3169 perpessa.
391 3086 433 3149 As
454 3081 591 3150 Christus
616 3098 646 3151 et
665 3088 694 3150 in
719 3107 808 3151 earne
825 3108 927 3172 passus
944 3098 1007 3166 est,
1038 3097 1068 3150 et
1089 3087 1236 3152 ineadem
1254 3103 1349 3155 morte

193 3198 239 3251 ast
253 3187 393 3265 adsutus,
425 3209 490 3251 uum
508 3188 625 3251 interi·
643 3189 796 3252 divinitate
817 3189 879 3273 ipsa
901 3189 1015 3252 viveret
1035 3210 1070 3252 ao
1089 3202 1220 3257 mortuos
1237 3194 1349 3257 exeita·

193 3300 256 3367 ret,
280 3310 386 3375 eorpus
406 3310 478 3354 vero
497 3311 603 3354 revera
618 3290 776 3376 sepultum,
800 3311 834 3352 ao
852 3289 948 3354 triduo
966 3291 1063 3356 anima
1077 3313 1182 3357 sarens
1200 3306 1230 3358 et
1241 3296 1348 3380 'spiritu

191 3403 329 3477 motuque
353 3392 482 3472 iaceret,
506 3392 675 3457 obvolutum
699 3393 842 3472 sindone,
875 3392 905 3457 in
931 3406 1148 3458 mouumentum
1171 3397 1345 3482 depositum,

192 3495 340 3559 neuinsnm
366 3494 459 3579 lapide
481 3517 515 3558 ao
539 3496 643 3579 sigiliis
669 3495 865 3578 obsignatum.
911 3495 1020 3582 Neque
1042 3519 1115 3562 vero
1133 3498 1197 3584 ipsa
1215 3512 1260 3564 est
1278 3524 1348 3565 eun·

192 3598 273 3660 niusa
288 3595 445 3673 divinitas,
476 3607 525 3660 aut
544 3597 675 3681 sepulta,
700 3597 751 3659 sed
770 3620 835 3660 oum
854 3599 1041 3665 sanctissima
1056 3601 1120 3664 eius
1139 3603 1235 3666 anima
1253 3605 1287 3667 ad
1304 3605 1348 3668 iu·

191 3699 271 3762 ieros
290 3698 459 3775 deseendit,
482 3698 667 3782 indidemque
682 3698 813 3784 captivas
831 3700 943 3764 animas
962 3703 1087 3787 eripuit,
1110 3709 1254 3767 stimulum
1272 3730 1346 3769 mor·
1380 3722 1462 3767 tum

191 3806 228 3863 tt‘s
246 3805 380 3884 infregit,
411 3805 556 3876 elaustro,
588 3813 616 3863 et
630 3804 811 3863 adamantino
827 3807 966 3884 repagulo
978 3812 1119 3887 perrupit.
1167 3805 1275 3873 Mortis
1293 3810 1345 3872 do·
1375 3773 1464 3870 ltiifii.

190 3902 269 3967 iores
284 3925 336 3967 sua
350 3914 494 3990 potestate
508 3903 659 3982 dissolvit;
684 3913 743 3966 tum
758 3925 815 3967 una
830 3926 895 3968 enm
911 3907 1007 3970 anima
1022 3908 1143 3972 emersit
1157 3911 1192 3973 ad
1208 3932 1344 3997 superus.
1383 3876 1429 3934 Μ’
1441 3879 1461 3922 ⁸⁸

191 4002 277 4089 Quae
294 4007 409 4091 quidem
427 4011 521 4069 unsina
538 4010 650 4067 mentitae
665 4010 742 4086 opud
756 4009 862 4086 roseros
881 4012 982 4070 red'etu
995 4012 1073 4091 fuit,
1098 4034 1186 4094 neque
1201 4036 1270 4075 euro
1283 4037 1346 4076 555-
1375 4031 1460 4140 iifl&

223 4144 265 4194 55.
283 4145 342 4197 θεοῦ
367 4147 463 4210 σημεῖα
486 4144 555 4194 codd.
574 4156 629 4193 mss.
651 4147 673 4192 et
693 4144 749 4194 edtt.
816 4142 856 4196 59.
876 4144 1015 4213 σφραγίδος
1037 4151 1151 4212 smmum
1167 4157 1200 4201 est
1220 4155 1305 4216 utique
1320 4157 1345 4206 ia
1359 4141 1434 4233 „3⁸⁸2
1455 4190 1481 4235 π

187 4214 264 4272 nnnc.
297 4211 452 4278 θεοσημείας
467 4214 522 4261 edtt.
540 4212 622 4263 Petne.
780 4213 850 4264 5555.
867 4226 922 4265 mss.
1435 4221 1442 4245 ⁸
1481 4222 1488 4238 ·

224 4279 265 4330 56.
282 4275 360 4333 αὐτοῦ
377 4282 445 4331 codd
463 4293 516 4330 mss
534 4285 555 4330 et
570 4280 624 4329 edis
639 4284 714 4342 pune.
816 4281 856 4333 60.
871 4275 935 4351 ᾅδου
949 4287 1033 4346 untur
1045 4288 1071 4336 tn
1084 4289 1189 4338 Ponon'o
1204 4303 1262 4352 pop.
1273 4288 1345 4342 1099.

224 4345 264 4398 57.
292 4347 385 4407 „Adde
408 4345 453 4400 sent
476 4349 525 4415 τῆς
548 4344 670 4415 θεότητος
693 4343 750 4402 κατ’
782 4365 825 4412 pru
843 4348 960 4404 θανάτου.

191 4411 283 4468 tutona
318 4417 437 4467 Petuudus.
816 4417 858 4469 61.
876 4416 902 4471 du
918 4423 987 4471 5555
1002 4435 1057 4472 mss.
1077 4427 1098 4472 tt
1119 4425 1173 4473 edtt.
1188 4428 1264 4486 prino.
1300 4424 1345 4481 edu

223 4482 263 4534 56.
290 4479 320 4536 δὲ
341 4480 384 4538 διὰ
400 4486 455 4535 edit.
469 4487 567 4549 seton,
591 4488 671 4538 inuitis
685 4488 750 4538 tituta
782 4489 837 4537 edtt.
856 4489 939 4538 Petou.

188 4555 243 4602 ortt.
816 4555 858 4610 62.
877 4552 914 4630 μή
1002 4556 1093 4628 totone
1107 4561 1176 4612 5555.
1193 4575 1248 4615 mss.
1281 4565 1345 4623 Nom
