3096 5070
380 289 518 341 rinnau
534 290 597 340 eru
615 290 658 340 ur.
678 288 760 341 ron.
775 289 793 338 r.
810 286 912 337 noan.
926 287 1046 338 uxxrv.
1234 278 1294 342 too

134 407 288 472 Postremo
305 408 429 472 infinitis
446 409 474 471 in
492 411 655 494 scripturae
679 409 753 475 louis
777 407 931 491 sqirituum
955 407 1060 470 tactam
1080 427 1147 470 esse
1169 408 1294 471 mentio-

134 533 199 576 nem
215 513 363 595 sapientes
378 512 556 594 intelligunt.
605 509 665 575 Sed
682 511 921 594 quomadmodum
940 508 1037 592 plures
1054 519 1123 571 sunt
1137 509 1293 594 adoptione

133 613 179 678 vei
196 615 352 678 vocatione
371 615 441 694 iiiii,
466 636 524 677 non
550 614 693 691 veritate,
719 635 754 677 eo
773 614 848 697 quod
866 623 897 674 ct
916 612 999 674 initio
1020 621 1050 674 et
1065 611 1124 673 tine
1144 621 1291 691 constant,

132 717 209 779 etad
230 719 407 802 peccandum
431 717 568 801 propensi
590 727 677 794 sunt,
709 715 752 778 sio
778 726 807 778 et
829 714 949 799 spiritus
974 713 1130 798 adoptione
1153 723 1222 775 sunt
1244 725 1295 777 aut

131 820 287 882 vocatione
312 820 495 904 complures,
529 819 677 902 quietio
701 817 953 903 pcccatomproni
980 825 1049 879 sunt
1075 837 1109 877 ac
1135 816 1291 901 proclives.
1315 801 1320 820 ⁸

131 921 173 985 At
190 922 310 1005 spiritns
336 933 456 984 sanctos
480 921 560 984 sotus
583 932 700 1005 apatre
722 932 752 983 ct
770 920 848 998 titio,
880 924 1007 1000 Spiritus
1025 923 1168 993 ueritatis,
1201 931 1231 979 et
1247 922 1295 980 dei
1318 925 1395 1020 {pepp

129 1029 264 1105 sptrr'tus,
297 1037 328 1085 ct
341 1029 459 1106 spiritus
480 1027 603 1096 Christi,
633 1035 663 1084 et
675 1029 794 1104 spiritus
807 1028 923 1103 gratioe
944 1023 1122 1084 nominatur.
1169 1018 1292 1084 Gratiii-
1344 1010 1351 1032 '
1390 1007 1396 1020 ⁸

132 1137 216 1189 natur
232 1127 309 1188 enim
327 1126 500 1208 unicnique,
525 1146 560 1188 ac
578 1125 684 1188 bonum
703 1127 794 1188 variis
812 1128 904 1187 modis
926 1124 1102 1209 impertitor.
1149 1126 1222 1185 Nom
1240 1126 1375 1185 otuuco·
1385 1132 1446 1186 1¹,ss-

130 1234 250 1309 rpiio'tus
266 1234 421 1309 sopr'entrirc
440 1232 622 1302 conceditur,
656 1232 745 1290 citeri
762 1234 880 1310 spiritus
904 1232 1053 1299 scientius,
1088 1229 1154 1286 duic
1175 1230 1294 1306 spiritus

122 1333 327 1412 fortitudinis,
362 1334 410 1392 tto·
427 1336 545 1412 opimius
566 1336 760 1405 curationum,
798 1331 844 1392 isti
873 1335 992 1411 spiritur
1009 1332 1191 1409 prophetiae,
1228 1327 1294 1390 boio

130 1437 250 1512 spiritus
271 1438 464 1508 discretionis,
490 1439 751 1514 interpretationum
774 1436 828 1495 ilii.
876 1433 922 1496 Ae
941 1441 1041 1494 cetera
1061 1431 1185 1513 denique
1203 1433 1291 1507 dona,

131 1545 163 1598 ut
176 1546 299 1600 testatur
314 1537 479 1620 apostotus:
508 1541 585 1599 Unus
593 1559 683 1617 porro
698 1548 726 1598 et
741 1541 812 1598 ritem
829 1540 947 1616 spiritus
964 1547 1016 1609 est,
1042 1538 1168 1595 dimiiens
1183 1537 1293 1595 uuicui-

130 1661 183 1720 pue
194 1651 283 1719 proin
299 1643 375 1700 uult:
400 1645 529 1720 quonimn
546 1644 665 1720 spim'rus
681 1651 747 1701 tuus
763 1641 850 1700 dorsus
865 1642 982 1700 deducet
1001 1660 1043 1699 me
1060 1641 1144 1711 deus,
1170 1636 1211 1698 ait
1229 1634 1289 1699 Da·
1322 1629 1418 1738 ἷξξξῖὶ

129 1741 189 1803 vid.
226 1739 294 1818 Vei,
317 1746 445 1823 Spiritus
461 1745 512 1804 ubi
523 1744 586 1803 uult
598 1747 700 1822 spirat,
749 1739 863 1823 Quibus
881 1741 979 1804 verbis
996 1740 1204 1803 subsistentem
1224 1759 1291 1801 csse
1305 1734 1445 1791 ΜΝ

129 1844 261 1928 spiritum
286 1858 417 1907 sonetum
443 1845 526 1906 nobis
553 1845 693 1907 ostendit.
740 1849 779 1905 Et
799 1866 889 1904 uocem
913 1849 973 1905 cius
997 1848 1094 1917 orodis,
1130 1845 1181 1904 sed
1200 1845 1292 1904 ncscr's

129 1949 202 2008 unde
220 1952 311 2020 uertit,
336 1959 389 2007 out
400 1969 454 2027 quo
472 1951 559 2008 ondit.
587 1984 590 1988 >
608 1945 700 2009 item:
732 1951 802 2008 Nisi
811 1951 902 2026 genr’tr
916 1950 1030 2026 suerr'tu
1046 1970 1083 2007 em
1097 1967 1172 2026 aquo
1187 1957 1217 2006 ct
1231 1949 1289 2025 spi·
1340 1957 1397 2003 toto.

129 2053 200 2110 ritu·
249 2044 304 2111 Cui
328 2059 556 2111 consentaneum
581 2049 648 2112 iliud
674 2059 719 2111 cst
738 2046 839 2111 Pauli:
873 2053 946 2110 Nom
967 2054 996 2109 in
1015 2051 1128 2108 Christo
1150 2052 1215 2108 lesu
1235 2071 1288 2129 ego
1299 2063 1444 2120 resecto.

125 2156 289 2231 geum‘oos.
336 2148 382 2213 Dc
398 2153 499 2213 eodem
521 2152 624 2234 spirito
645 2152 779 2216 dominus
796 2152 833 2214 ita
853 2152 996 2234 loquitur:
1030 2155 1098 2212 Cum
1118 2155 1290 2232 oencn'tpo-
1327 2171 1404 2214 ronna.

127 2256 268 2325 ructetur,
294 2275 373 2332 prtem
388 2276 441 2333 ego
459 2259 566 2316 mittum
589 2256 680 2328 mois,
715 2260 834 2335 spiritus
849 2259 977 2316 ueritatis
996 2257 1076 2334 puio
1090 2264 1176 2333 putre
1188 2275 1288 2333 proce-
1330 2224 1362 2279 ω’
1376 2224 1407 2267 η

127 2360 185 2431 dr‘t,
210 2358 261 2416 itte
274 2360 460 2417 testiinonium
473 2358 635 2436 perhibebit
650 2361 684 2418 dc
699 2381 751 2419 mc.
798 2355 889 2420 item:
914 2360 1018 2418 Adhuc
1034 2358 1122 2416 multo
1138 2357 1226 2416 bodco
1248 2361 1291 2417 di·

127 2462 232 2532 cendo,
257 2463 375 2520 sednon
389 2465 509 2539 potestis
521 2462 603 2539 serre
620 2463 715 2521 modo:
741 2465 809 2521 Corn
826 2464 935 2521 uenerit
950 2462 999 2520 iiie
1012 2462 1131 2539 spiritus
1148 2463 1287 2534 omtctr‘s,

128 2564 243 2623 rirducet
258 2583 306 2623 uos
319 2566 348 2623 in
361 2584 466 2623 omnem
482 2567 644 2623 oerr'tntem:
667 2565 733 2623 Non
747 2567 819 2623 enim
838 2567 1000 2643 loquetura
1015 2565 1117 2640 serpso,
1141 2565 1192 2622 sed
1205 2582 1290 2641 quoe·

127 2685 244 2745 cumque
259 2669 354 2727 audiet
368 2667 509 2744 loquetur,
535 2676 563 2725 et
579 2675 699 2725 uenturo
713 2667 854 2727 numento
865 2667 960 2727 uobis.-
983 2666 1092 2726 literne
1105 2664 1286 2743 clurfficodit,

127 2769 193 2844 pou
215 2770 250 2827 de
270 2788 328 2827 meo
349 2770 483 2846 accipiet,
508 2777 537 2826 et
557 2768 635 2827 uobis
657 2771 748 2828 onmrir
769 2770 920 2829 nunnbdit.

212 2866 324 2949 igitur,
357 2873 386 2930 si
403 2891 421 2930 a
435 2880 520 2949 potre
540 2870 684 2949 procedit,
716 2873 796 2931 etde
812 2893 886 2943 meo,
922 2869 961 2933 nit
985 2868 1138 2944 dominus,
1168 2873 1282 2949 occipit,
1306 2875 1366 2942 cap.
1386 2877 1419 2928 Χ.

129 2974 355 3049 quernodmodum
373 2994 451 3033 nemo
473 2975 554 3032 nouit
565 2983 675 3052 patrem
694 2974 863 3053 oriifilrirs,
897 2995 987 3054 neque
997 2973 1098 3052 fliium
1115 2976 1174 3033 nisi
1187 2984 1283 3051 poter,
1318 2941 1403 3050 ppppp

127 3070 167 3132 ita
185 3072 318 3157 catholici
336 3073 432 3136 dicere
448 3075 573 3151 audent,
599 3094 695 3158 neque
712 3073 844 3157 spiritum
866 3076 946 3136 novit
963 3075 1105 3158 quispiam
1123 3075 1177 3136 nisi
1198 3073 1286 3150 tilius,

127 3193 142 3234 a
160 3192 217 3255 qoo
233 3175 363 3258 accepit,
388 3186 416 3236 et
433 3185 532 3259 puter,
557 3197 573 3239 a
592 3198 649 3261 quo
665 3177 815 3259 procedit,
843 3197 936 3261 neque
954 3177 1046 3239 biinm
1065 3188 1094 3239 et
1109 3187 1219 3260 patrem
1236 3199 1287 3240 no-

126 3274 169 3335 vit
193 3273 316 3357 aliquis,
351 3275 408 3339 nisi
431 3276 550 3360 spiritns
573 3290 710 3356 sanctus,
745 3280 793 3362 qui
821 3301 892 3343 vere
917 3279 1047 3343 celebrat
1069 3301 1103 3343 ac
1125 3279 1286 3365 praedicat,

127 3374 174 3460 qui
190 3380 274 3438 docet
288 3384 396 3452 omnib,
422 3379 470 3462 qni
486 3384 520 3440 dc
528 3384 598 3460 filio
616 3386 802 3443 testiinonium
821 3387 906 3455 dicct,
931 3383 978 3466 qui
996 3405 1014 3444 o
1024 3394 1126 3463 putre,
1151 3381 1200 3465 qui
1219 3406 1235 3443 e
1242 3386 1287 3462 st·

126 3480 166 3539 bb
175 3485 319 3560 procedit,
352 3482 432 3543 sotus
453 3481 585 3545 veritatis
602 3484 679 3561 dux,
708 3494 875 3548 satiatorum
893 3484 987 3568 legum
1003 3484 1169 3567 interpres,
1202 3483 1287 3567 spiri-

127 3581 193 3644 talis
215 3582 288 3663 degis
315 3592 487 3661 enarrator,
520 3585 724 3668 prophetarum
753 3587 909 3670 magister,
943 3587 1141 3670 apostotorum
1166 3605 1286 3670 praece·

126 3693 209 3766 ptor,
235 3685 470 3766 evangelicorum
489 3686 654 3766 dogmatum
672 3687 721 3748 tax
737 3697 767 3748 et
784 3689 877 3766 sidus,
902 3700 1068 3752 sanctoruni
1089 3689 1211 3765 elector,
1235 3707 1286 3749 re-

125 3786 563 3849 romlomencvcrolominc.
609 3783 703 3849 Fitius
723 3791 865 3852 naturalis
886 3802 949 3869 est,
982 3789 1185 3865 verustitius,
1219 3810 1286 3874 ger-

125 3908 229 3951 manos
246 3888 340 3964 titius,
375 3888 456 3950 sotus
476 3890 591 3965 esoto,
623 3907 746 3970 quocum
767 3900 797 3951 et
811 3891 931 3976 spiritus
951 3903 1070 3956 sanctus
1088 3892 1286 3975 corrinngitur,

158 4058 201 4111 29.
219 4056 314 4122 πέμψω
332 4062 419 4110 Aneor.
721 4061 791 4108 verbo
817 4060 860 4113 καὶ
884 4057 897 4114 d
920 4060 1019 4128 πατὴρ,
1046 4077 1107 4126 quos
1128 4065 1196 4113 bobet
1216 4066 1287 4113 edom

160 4128 218 4178 Gan.
238 4127 270 4175 X.
289 4156 324 4165 -
343 4126 363 4177 l.
382 4119 410 4179 ὃν
429 4123 477 4193 γὰρ
494 4124 584 4192 τρόπον
604 4130 678 4178 iocor
721 4129 772 4177 cod.
790 4131 854 4191 ten,
871 4132 911 4179 sed
927 4135 1019 4181 oomnis
1035 4133 1127 4182 incluso
1143 4133 1286 4194 abantiquo

158 4195 182 4246 2.
199 4191 321 4262 τολμήσω
337 4197 365 4245 de
382 4210 433 4246 meo
450 4197 521 4245 edidi.
554 4197 616 4245 Nom
634 4198 688 4245 iibri
721 4210 814 4258 manu,
831 4203 851 4246 et
867 4202 960 4259 punctis
975 4205 1064 4250 notato.

124 4267 208 4314 babent
230 4266 357 4329 τολμῶσι,
387 4266 472 4315 Ancor.
489 4265 532 4315 τολ
553 4263 582 4315 oi.
617 4267 687 4315 ruo·
756 4266 781 4313 ὁ.
799 4259 909 4330 ditor-dp
925 4263 997 4319 καὶὸ
1016 4264 1072 4326 υἱός
1089 4256 1195 4334 uup’ou'
1210 4266 1282 4322 duno·

124 4335 177 4381 irtus
192 4335 323 4393 suspicatus
338 4347 362 4382 rs
369 4335 453 4399 τολμῶ
465 4333 525 4384 συλλ
539 4348 599 4398 μιν.
619 4334 688 4394 Quod
722 4327 823 4396 ρεύεται
838 4333 882 4386 καὶ
897 4328 953 4398 παρ’
971 4325 1001 4387 cd
1016 4331 1150 4404 λαμβάνει,
1166 4335 1211 4393 καὶ
1226 4331 1285 4392 οὐδὲ

123 4402 258 4479 probotpooe
274 4416 321 4451 nort
337 4407 407 4453 corat.
720 4397 763 4454 τὸν
780 4398 833 4453 υἱὸν
852 4404 929 4453 Arrcor

159 4466 175 4517 3
202 4482 241 4517 οτι
258 4464 318 4521 οὐδὲ
336 4472 420 4520 ΛηοονΔ
755 4470 781 4524 6.
801 4466 998 4524 ricuinum.

159 4531 183 4584 t.
201 4536 257 4584 rur
277 4550 327 4587 voc.
349 4537 404 4598 ott<
421 4541 473 4590 mo.
493 4539 590 4605 euru.
609 4541 689 4590 mser
757 4539 781 4595 t.
800 4539 845 4599 καὶ
863 4537 892 4599 ἐκ
911 4545 993 4597 Aaou.
