3096 5070
434 315 571 369 eeueuu
589 314 653 366 uun.
665 317 709 366 ru.
726 314 808 367 rou.
820 316 852 366 u.
871 313 972 365 nunu.
983 313 1115 364 uxxrn.
1283 297 1347 363 395

277 432 354 498 Nam
375 435 401 497 si
417 455 489 500 vere
505 436 583 520 loqui
609 434 761 514 uolumus,
794 435 859 521 pius
877 433 998 518 quilibet
1014 433 1104 496 vitam
1127 451 1208 495 suem
1228 452 1286 494 nou
1306 451 1346 495 ex
1391 452 1462 504 cup,

192 537 317 601 humana
336 547 433 600 mente
455 547 616 622 temperat,
641 537 691 601 sed
714 558 753 600 ex
768 558 801 600 ea
822 557 896 621 quoe
915 532 1026 600 Christi
1045 535 1161 621 propria
1181 544 1238 612 est,
1260 553 1349 616 quae·
1365 521 1479 575 xxxv·

192 660 249 725 que
267 640 303 703 ah
322 639 424 704 eodem
441 639 584 725 sapientie
602 639 750 725 repletur,
775 659 849 723 quoe
866 636 987 703 Christo
1008 648 1128 723 propter
1145 635 1284 700 iustitiam
1305 645 1349 698 at-

191 742 346 819 tribuitur,
372 761 447 824 quae
466 760 518 826 per
537 742 602 805 fidei
620 741 833 829 professionem
854 741 882 804 in
901 736 1021 804 Christo
1044 739 1134 817 vivit,
1167 759 1242 823 quae
1258 739 1349 801 hone·

191 856 304 929 storum
330 864 449 928 operum
473 843 622 907 iunctione
645 864 697 929 per
719 840 868 907 Christum
893 842 1016 906 salutem
1040 841 1218 925 assequitur.
1265 839 1348 904 lleee

193 960 239 1013 est
254 948 302 1010 illa
324 941 436 1010 Christi
453 965 555 1025 meus,
588 966 662 1031 quae
679 947 721 1009 sio
740 946 769 1008 iu
788 945 871 1008 nohis
891 946 989 1009 inesse
1009 956 1122 1030 potest,
1147 954 1179 1007 ut
1198 940 1348 1008 Christum

193 1050 265 1113 uerti
289 1048 410 1111 alieuius
430 1048 486 1111 looi
508 1048 629 1132 regione
649 1048 766 1112 minime
786 1047 1018 1111 circumscribat.
1063 1045 1141 1110 Nam
1158 1046 1263 1130 ultique
1281 1055 1349 1109 sunt

192 1162 278 1237 puter
292 1160 323 1212 et
339 1149 415 1212 lilius
432 1159 463 1213 et
481 1151 602 1234 spiritus
619 1161 755 1227 sanctus,
787 1160 817 1213 et
832 1150 954 1235 spiritali
974 1150 1097 1234 quodem
1115 1150 1201 1212 modo
1218 1150 1247 1211 in
1264 1146 1349 1211 nobis

194 1254 343 1332 existunt,
375 1254 400 1318 si
416 1255 474 1318 illis
493 1274 560 1317 esse
576 1253 654 1337 digni
671 1253 806 1317 velimus.
851 1251 958 1337 Neque
975 1273 1046 1316 rero
1065 1252 1129 1315 loeo
1146 1251 1206 1314 ullo
1223 1250 1271 1313 vel
1286 1251 1349 1334 ipse

194 1356 394 1434 oonoluditnr,
425 1357 471 1420 vel
489 1355 580 1441 ipsius
599 1366 683 1440 pater
704 1366 754 1419 aut
771 1354 891 1440 spiritus
907 1366 1044 1433 sanetus,
1073 1354 1124 1417 sed
1144 1363 1263 1438 propter
1276 1352 1350 1415 diri-

193 1457 294 1522 nitatis
315 1457 407 1543 ipsius
426 1460 586 1544 potentiam
608 1457 638 1520 in
663 1457 798 1522 omnihus
818 1459 941 1537 existit3
973 1478 1067 1541 neque
1089 1466 1186 1518 tamen
1208 1476 1273 1518 oum
1293 1454 1350 1518 ulla

191 1560 350 1640 miscetur,
382 1562 457 1646 quod
476 1571 508 1625 et
524 1560 602 1623 illius
617 1559 779 1624 substantia
796 1561 1030 1624 communionem
1049 1578 1164 1622 omnem
1181 1578 1216 1620 ao
1233 1577 1349 1642 eompa-

192 1663 336 1728 ratiouem
355 1672 490 1749 superet,
515 1673 544 1725 et
561 1663 676 1726 sineere
696 1663 751 1739 sit,
776 1673 864 1746 etque
879 1663 957 1725 omui
975 1664 1070 1726 maior
1086 1659 1349 1745 comprehensione

193 1764 343 1829 divinitus.
389 1762 464 1829 Cum
487 1774 583 1828 autern
602 1764 671 1828 dioit
687 1763 848 1850 spostolus,
872 1769 934 1826 Nos
951 1767 1060 1826 Christi
1074 1777 1189 1826 mentem
1204 1765 1347 1837 dedemus,

194 1868 260 1952 quid
278 1868 392 1930 tandem
409 1866 662 1930 existimabimus?
703 1865 783 1931 Num
798 1866 847 1929 ille
862 1867 1029 1951 propriam,
1061 1866 1115 1929 hoo
1133 1875 1179 1928 est
1195 1865 1348 1929 humanam

192 1979 321 2033 mentem
340 1967 459 2032 hahuit?
489 1968 550 2031 ·Au
568 1965 679 2033 Christi
697 1979 824 2032 mentem
837 1969 865 2031 in
881 1989 949 2031 sese
964 1970 1073 2047 terens,
1098 1967 1204 2032 amissa
1220 1967 1348 2053 propria,

194 2073 259 2136 eius
277 2071 355 2134 illum
373 2070 438 2133 looo
453 2069 616 2134 obtinuisse
633 2072 777 2156 putandus
792 2072 857 2135 est?
900 2068 1106 2155 Nonopinor3
1142 2068 1351 2152 ueoestquis·
1419 2114 1422 2125 t

194 2195 279 2257 quam
298 2173 347 2257 qui
369 2171 441 2236 haee
466 2172 583 2248 audiat,
615 2172 664 2256 qui
687 2194 745 2237 nou
769 2172 945 2256 peculiarem
963 2171 1004 2234 illi
1023 2172 1114 2235 luisse
1129 2183 1254 2234 merrtem
1272 2170 1351 2234 arhi-

194 2285 305 2352 tretur,
335 2286 553 2359 praeterquam
573 2271 684 2339 Christi
701 2296 817 2360 quoque
834 2285 931 2338 mente
949 2275 1131 2360 repleretur,
1165 2273 1212 2357 qui
1231 2294 1263 2337 se
1281 2273 1350 2337 reli·

193 2377 308 2461 gionis,
341 2376 484 2440 scientiae
510 2398 544 2439 so
568 2377 684 2440 divinae
707 2378 856 2440 ouiusdnm
873 2390 903 2440 et
922 2376 1059 2440 eoelestis
1075 2376 1153 2439 vitoe
1169 2377 1350 2439 ornamentis

193 2481 332 2543 nffioeret.
378 2476 566 2564 Quapropter
581 2480 606 2542 si
627 2501 691 2544 oum
710 2479 856 2565 propriam
873 2479 1013 2556 haberet,
1038 2476 1150 2543 Christi
1165 2477 1285 2562 iusuper
1300 2478 1350 2542 ille

193 2593 320 2645 mentem
347 2582 520 2666 complexus
544 2593 607 2660 est,
642 2603 826 2666 consequens
854 2593 901 2645 est
923 2579 1073 2645 Christum
1103 2580 1199 2665 ipsum
1228 2581 1350 2645 rerhum

193 2695 321 2748 mentem
347 2704 431 2763 esse3
465 2685 489 2746 si
515 2685 630 2768 quidem
655 2684 695 2747 ita
718 2685 795 2768 loqui
818 2684 898 2748 lieet.
944 2681 1185 2767 Qurundoquidem
1204 2683 1351 2747 nonnuliis

193 2787 288 2850 risum
308 2796 354 2847 est
375 2797 501 2849 mentem
520 2787 666 2871 appellere
690 2785 787 2849 deum.
834 2784 900 2871 Ego
916 2807 988 2849 uero
1007 2796 1134 2848 mentem
1151 2796 1281 2847 nostram
1299 2784 1352 2869 hy-

195 2888 324 2972 postasin
351 2907 499 2951 essenon
533 2889 677 2966 erhitror,
718 2909 814 2972 neque
840 2909 879 2951 ex
908 2889 1050 2951 eeclesiae
1086 2886 1150 2950 liliis
1175 2885 1250 2949 alins
1273 2887 1352 2970 quis·

194 3010 299 3072 quam,
331 2989 383 3053 sed
402 2990 583 3054 efficientiam
602 2991 766 3075 quendum,
801 3011 875 3074 quae
894 2988 1352 3054 innobisadeooonoessere·

193 3091 297 3154 sideat.
343 3086 494 3155 Christum
519 3114 590 3156 uero
615 3093 785 3179 hypostasin
813 3112 881 3155 esse
905 3092 988 3170 dieo,
1021 3103 1053 3155 ut
1071 3103 1102 3155 et
1124 3091 1223 3154 fideles
1247 3112 1350 3154 omnes

193 3194 383 3272 confitentum
420 3195 550 3258 eldeum
575 3216 641 3260 esse
664 3197 819 3281 profiteor,
853 3216 887 3258 ae
906 3195 1085 3258 dominuma
1106 3205 1188 3279 putre
1206 3195 1349 3278 genitum,

193 3297 354 3381 perlectum
381 3316 397 3359 e
420 3299 569 3381 perlecto,
601 3299 698 3362 lumen
722 3299 758 3360 de
780 3297 908 3376 lumine,
939 3298 1024 3360 deum
1049 3297 1085 3359 de
1111 3298 1177 3360 deo.
1224 3296 1352 3361 Verum·

193 3408 289 3460 tumen
314 3417 353 3460 ex
372 3399 473 3461 eadem
490 3400 605 3463 ratione
624 3401 673 3463 ille
692 3400 773 3485 ipse,
798 3401 889 3483 quiin
907 3420 974 3463 sese
991 3420 1074 3462 mens
1092 3412 1176 3478 erat,
1200 3411 1232 3464 ut
1247 3400 1284 3462 de
1300 3398 1350 3462 illo

192 3509 312 3562 sanetus
327 3501 477 3584 spostolus
493 3502 590 3579 douet,
614 3524 679 3565 oum
692 3503 744 3579 ait,
768 3506 933 3564 Nosoutem
950 3507 1061 3564 Chresti
1073 3516 1188 3565 mentem
1206 3504 1348 3575 humanus,

192 3600 319 3665 habehat
343 3612 399 3664 tam
420 3601 483 3686 ipse
502 3624 587 3686 quum
610 3603 629 3664 ii
646 3603 682 3665 de
700 3603 805 3686 quihus
829 3605 1002 3668 testificatur
1020 3605 1165 3689 propriam
1191 3603 1245 3667 sihi
1271 3625 1352 3666 meu-

191 3713 263 3768 tem.
309 3705 355 3767 Ao
373 3725 488 3767 rursum
505 3701 617 3767 Christi
641 3724 724 3767 mens
741 3705 808 3768 illos
829 3706 983 3791 implebat,
1016 3706 1153 3770 oumhoo
1173 3706 1350 3769 modoillius

191 3807 221 3870 in
245 3805 317 3891 ipsis
340 3807 438 3890 gratie
461 3807 560 3891 perlici
583 3815 695 3891 posset.

275 3907 357 3973 Nihil
373 3907 490 3991 igitura
507 3908 655 3994 proposito
669 3905 889 3971 similitudinum
903 3910 1051 3989 nhhorret,
1077 3911 1152 3973 idem
1168 3922 1199 3973 ut
1213 3911 1249 3972 ed
1261 3906 1348 3974 Cltri·
1391 3932 1462 3984 cup,

189 4023 267 4076 stum
284 4014 498 4075 transieramus
516 4011 640 4094 eumque
658 4019 834 4090 statuemus,
858 4032 922 4074 oum
938 4011 968 4075 in
985 4033 1052 4075 sese
1069 4014 1141 4075 deus
1158 4022 1249 4089 esset,
1275 4023 1347 4076 tam·
1364 4001 1490 4054 xxxvl.

93 4162 94 4165 ,
189 4115 244 4179 etsi
263 4114 369 4177 mentis
396 4125 476 4177 esset
493 4114 636 4177 humanae
652 4113 815 4199 particeps,
849 4115 1088 4197 quemadmodum
1108 4115 1206 4177 earnis
1224 4136 1260 4177 ue
1281 4135 1348 4178 san·

222 4282 247 4335 7.
265 4281 335 4348 ῑδοξε
349 4288 532 4337 emenuoueruut
551 4287 679 4337 currerint
702 4284 755 4349 (qui
821 4283 846 4337 9.
864 4278 950 4345 αὐτοῖς
966 4288 1016 4335 rod.
1035 4287 1132 4350 ltltedr'q.

188 4354 256 4401 uertit
274 4353 338 4402 Nem
364 4353 511 4421 quibusdam
528 4353 606 4404 risum
624 4364 661 4404 ert
681 4369 753 4403 meu·
823 4352 1017 4404 Cenxxxvl.
1036 4382 1067 4391 -
1105 4356 1125 4404 l.
1142 4351 1234 4416 tlcpro
1249 4352 1349 4407 eltnen-

188 4427 357 4550 qqqnovppppeet
372 4421 459 4486 deum)
483 4424 639 4474 etPetoutue.
685 4424 750 4474 Libri
782 4425 845 4545 propt
861 4428 895 4472 est
913 4436 1048 4486 expressum
1065 4425 1090 4475 iu
1113 4424 1149 4474 ed.
1168 4424 1249 4475 Peuu.
1270 4426 1349 4478 Culum

221 4502 245 4609 tl.
264 4550 335 4626 nisti
353 4524 404 4610 dod.
419 4560 517 4624 ltltedtp.
796 4505 823 4556 φ
846 4527 852 4540 ⁰
