3096 5070
219 285 281 352 ³0⁸
644 294 954 347 ειαοοιτνιοοιαιι

218 413 326 493 όντων,
355 410 426 479 ἀλλά
443 415 476 478 ίκ
494 419 548 478 τοῦ
564 409 666 490 όντος,
696 409 931 496 συμπρεπόντως
954 409 1017 494 άμα
1034 419 1207 497 θεωρεῖται,
1238 409 1306 477 οὔτε
1320 436 1382 478 πα·

219 517 429 603 ρατεινομίνης
443 521 496 598 τῆς
513 515 638 596 οὐσίας,
658 511 728 581 οὔτε
743 516 984 597 συστελλομένης,
1007 511 1079 578 ἀλλά
1098 521 1214 596 πνεῦμα
1231 509 1274 577 τόν
1289 511 1308 580 ό
1321 540 1382 580 πα·

217 616 271 704 τὴρ
287 625 402 701 πνεῦμα
427 610 653 707 ἀληθινῆς-’τεόν
668 615 736 682 υίόν
754 618 923 701 ίγίννησεν,
954 618 1005 682 καί
1021 618 1052 694 ἐξ
1069 618 1176 682 ἑαυτοῦ
1193 614 1328 701 ἐξήνεγκε
1344 614 1382 682 τό

216 727 334 803 πνεῦμα
348 718 382 785 τό
398 718 503 805 ἀγιον,
523 710 647 802 οιδ-’σάχ
663 716 768 784 ἑαυτόν
784 718 900 804 ἀγνοεῖ,
931 717 1000 785 οὔτε
1013 716 1067 801 τὴν
1081 719 1190 784 ἑαυτοῦ
1207 717 1313 783 οάοίαν
1329 739 1384 785 συ·

216 824 419 905 στελλομένην,
442 820 463 905 ἢ
475 823 704 926 πλατυνομίνην
721 817 819 901 οίδεν,
841 819 863 904 ἢ
877 819 971 904 τομὴν
986 818 1187 904 όφισταμίνην
1200 827 1305 903 (ταῦτα
1320 818 1383 907 γάρ

88 958 141 1007 μς.
158 946 204 992 τοι.
218 924 315 992 πάντα
330 927 399 1011 περὶ
413 923 490 992 θεόν
504 927 612 990 είδέναι
627 921 830 1010 ἀλογιότατον,
862 922 933 1000 &a
948 926 999 989 καὶ
1015 925 1130 1010 ἀγνοεῖν
1146 921 1221 989 αιἰτό
1239 921 1273 989 τό
1293 932 1385 990 θεῖον

218 1027 291 1114 ὅπερ
307 1029 368 1095 ἐστὶ
393 1025 450 1093 8τό
471 1025 558 1112 ἀγιον
572 1031 718 1107 πνεῦμα),
740 1028 791 1093 καί
809 1024 877 1092 οὔτε
891 1023 909 1091 6
925 1024 1082 1112 ἀγίννητος
1099 1024 1136 1092 οὐ
1152 1028 1321 1110 συμμετέχει
1338 1034 1384 1116 τῷ

217 1129 372 1217 γεννήματι
388 1127 421 1195 τό
438 1125 618 1211 όμοοάσιον,
649 1126 717 1194 οὔτε
737 1125 907 1214 όγεννητός
928 1129 965 1194 οὐ
982 1131 1168 1215 ουμπεριίγει
1180 1136 1223 1219 τῷ
1239 1131 1331 1214 πατρί
1346 1129 1384 1197 τό

217 1233 317 1300 ἀίδιον
332 1229 407 1315 (οίδε
423 1229 479 1318 γάρ
499 1228 626 1316 όπατήρ
641 1229 694 1297 τόν
710 1229 794 1310 υίάν,
816 1234 868 1297 καί
885 1229 902 1297 6
916 1229 983 1308 υίός
999 1228 1062 1297 οίδε
1076 1229 1129 1297 τόν
1143 1233 1283 1318 πατέρα),
1313 1229 1383 1300 άτι-

215 1334 361 1419 λευτήτως
376 1331 424 1402 ἀεί
444 1340 496 1416 τῆς
513 1333 633 1418 τριάδος
650 1329 792 1401 άκτίστου
807 1333 969 1416 μενοάσης,
999 1335 1051 1399 καί
1067 1330 1262 1416 ἀτιλευτήτως
1282 1331 1382 1422 ἀπαρ-

215 1436 343 1521 χοόσης,
365 1444 421 1503 τοῦ
438 1443 618 1521 μονογενοῦς
633 1439 845 1522 γεγεννημένου
862 1438 895 1502 ίκ
912 1443 966 1502 τοῦ
983 1435 1030 1501 ἀεί
1047 1434 1149 1515 όντος,
1172 1433 1266 1525 ὄντας
1281 1435 1381 1519 ὄντος,

215 1542 267 1605 καί
286 1542 318 1607 ἕν
334 1542 396 1628 ίδίρι
409 1543 500 1627 τελείᾳ
517 1537 613 1620 φάσει.
656 1537 714 1605 Διό
730 1537 866 1625 γινώσκει
882 1537 1006 1619 ἑαυτόν,
1027 1541 1079 1604 καί
1093 1536 1150 1605 οάκ
1169 1536 1273 1624 ἀγνοεῖ
1278 1590 1286 1618 ,
1309 1537 1381 1606 οὔτε

215 1638 234 1708 6
250 1639 317 1719 υίός
334 1640 389 1725 τήν
405 1641 568 1728 ἀγέννητον
588 1639 702 1727 πατρός
725 1639 845 1721 οάσίαν,
878 1638 946 1707 οὔτε
964 1638 982 1707 6
998 1639 1155 1726 ἀγίνυητος
1169 1638 1225 1724 τὴν
1238 1648 1293 1708 τοῦ
1308 1645 1381 1709 vro&

216 1747 247 1822 ίξ
264 1744 359 1810 αὐτοῦ
380 1741 500 1823 οάοίαν,
531 1744 702 1822 ἀξιοπίστου
727 1741 814 1821 όντος
834 1751 888 1811 τοῦ
909 1750 1091 1829 μονογενοῦς
1110 1751 1189 1810 θεοῦ
1204 1741 1297 1830 λόγου
1317 1747 1381 1830 φή-

214 1867 336 1926 σαντος,
362 1847 470 1924 Οὐδείς
491 1843 555 1912 οίδι
575 1844 628 1912 τόν
648 1847 780 1932 πατίρα,
804 1849 831 1912 εί
849 1844 891 1930 μὴ
906 1843 924 1912 6
940 1844 1026 1927 υίός,
1050 1848 1102 1912 καί
1117 1844 1169 1912 τόν
1183 1844 1269 1927 υίόν,
1291 1849 1319 1912 εί
1336 1846 1379 1932 μὴ

215 1946 363 2034 όπατήρ.

300 2048 358 2117 Διό
378 2049 549 2142 άφηρήσθα
573 2049 606 2118 τό
625 2049 733 2117 τοότου
752 2058 806 2117 τοῦ
822 2050 948 2138 γεννάδα
963 2049 1076 2117 Ἀετίου
1099 2049 1308 2131 ἀποφαντικόυ
1327 2054 1376 2118 κί·

214 2160 323 2237 λευσμα
338 2150 372 2219 τό
392 2162 511 2238 φῆσαν,
537 2151 583 2220 Ου’
595 2152 652 2239 γάρ
671 2149 739 2220 οίόν
753 2179 784 2218 τε
804 2151 896 2220 αάτόν
912 2155 980 2240 περί
1004 2156 1155 2234 9ίαυτοῦ,
1186 2156 1237 2221 καί
1251 2151 1373 2238 ἀγεννή-

213 2282 268 2322 του
283 2255 389 2332 οὐσίας
406 2264 515 2343 γνοῖσιν
532 2258 607 2340 ίχειν
627 2259 678 2322 καί
697 2254 878 2342 άγεννησίας.
925 2255 1085 2341 Προάλαρε
1102 2255 1160 2343 γάρ
1176 2251 1369 2340 όμσνσγενὴς

115 2348 119 2355 ’
214 2355 414 2444 παραγράψαι
433 2357 488 2444 τὴν
508 2357 679 2442 δικαστικήν
701 2356 795 2424 αάτοῦ
813 2357 923 2442 ταύτην
942 2358 1063 2442 φωνην,
1094 2359 1191 2443 φήσας
1204 2352 1310 2422 δσυτόν
1325 2357 1363 2421 τί

214 2462 297 2527 δίναι
318 2459 371 2528 τόν
392 2463 521 2547 πατέρα,
551 2464 605 2527 καί
631 2458 717 2527 ἀλλον
746 2457 871 2542 οάδίνα,
904 2459 1129 2546 συμπεριλαβοίν
1153 2457 1215 2542 δόμα
1240 2459 1368 2524 καὶτοῦ

213 2560 382 2646 πνιάματος
400 2561 493 2630 αάτοῦ
517 2569 572 2629 τοῦ
588 2561 675 2650 άγίου
692 2561 725 2630 τό
747 2563 937 2649 ἀνύπαρκτον.
979 2562 1032 2642 Ὡς
1047 2567 1099 2629 καί
1121 2565 1155 2630 δν
1168 2559 1242 2651 ἀλίφ
1259 2559 1372 2643 φάσκει

213 2662 277 2743 δτι,
303 2671 339 2710 ¹⁰
352 2662 392 2731 Τό
408 2672 526 2747 πνεῦμα
540 2673 596 2731 τοῦ
614 2663 727 2752 πατρός
744 2665 856 2744 διδάξει
880 2664 964 2749 ἀμᾶς.
1009 2669 1052 2732 Εί
1068 2667 1102 2732 δὲ
1115 2672 1170 2732 τοῦ
1186 2661 1298 2749 πατρός
1311 2665 1374 2729 ίστι

211 2763 246 2832 τό
260 2773 393 2849 πνεῦμα,
422 2765 479 2833 οάκ
503 2765 605 2853 ἀγνοεῖ
623 2771 676 2835 καί
697 2768 772 2835 αάτό
795 2768 848 2836 τόν
871 2772 991 2856 πατίρα.
1029 2770 1084 2835 Ἐν
1103 2769 1136 2834 δί
1153 2775 1195 2857 τῷ
1215 2767 1373 2853 είρηκίναι,

216 2867 327 2945 Οάδείς
349 2865 413 2935 οίδε
435 2867 489 2936 τόν
511 2872 641 2956 πατίρα,
670 2874 699 2937 εί
713 2869 755 2954 μή
772 2868 790 2938 6
805 2871 886 2951 υίός,
913 2876 963 2937 ἵνα
987 2871 1093 2939 ἑαυτόν
1117 2872 1168 2937 καί
1190 2867 1243 2936 τόν
1260 2869 1376 2954 πατίρα

211 2971 262 3035 καί
286 2970 362 3037 ιιτό
381 2977 498 3054 πνεῦμα
518 2971 552 3038 τό
572 2971 658 3058 ἀγιον
676 2971 883 3058 όπερβεβηκός
905 2974 1022 3062 σημάνη
1048 2981 1109 3040 τῶν
1129 2971 1223 3039 ἀλλον
1248 2977 1310 3037 τάν
1332 2967 1376 3054 μή

211 3070 318 3150 ἀϊδίοις
334 3070 543 3160 ὑπαρξάντων,
573 3077 739 3160 γενομένων
756 3078 797 3142 δέ.
841 3079 885 3141 EI
897 3077 930 3142 δί
947 3075 1114 3161 προῦλαβεν
1136 3074 1183 3142 ἀεὶ
1199 3075 1307 3140 είδίναι
1321 3071 1378 3138 τόν

211 3177 340 3262 παιίρα,
368 3177 463 3261 μάτην
478 3174 551 3260 ἡμῖν
565 3175 676 3255 Ἀίτιος
693 3187 871 3245 κενολεκτιόν
886 3176 1069 3258 ἀπειςδόνει,
1100 3184 1205 3259 οαφιδς
1222 3182 1316 3243 πάσιν
1330 3171 1378 3240 &v

212 3281 302 3362 δῆλος
317 3277 364 3345 ότι
381 3277 423 3356 ιδς
440 3278 604 3366 άνθραπος
617 3284 772 3367 λογίζεται,
804 3289 954 3368 σαρκικοῖς
970 3280 1201 3364 ἀνακρινόμενος
1207 3330 1216 3360 ,
1245 3281 1296 3345 καί
1312 3294 1379 3361 ψο-

213 3377 296 3464 χικός
312 3378 453 3468 ἀπάρχου
467 3382 518 3448 διά
531 3381 584 3449 τόν
599 3383 706 3450 ἑαυτόν
721 3387 772 3451 καί
786 3382 839 3450 τόν
853 3386 966 3469 πατέρα
980 3383 1163 3469 γινάσκοντα
1175 3384 1226 3448 καί
1238 3378 1272 3447 τό
1287 3378 1380 3467 ἀγιον

212 3483 308 3550 αιἰτοά
330 3492 455 3568 πνεῦμα.
493 3485 652 3574 Ἐξῄρηται
674 3478 730 3552 οὖν
746 3486 844 3570 πάσης
861 3490 955 3564 αίιίος
971 3484 989 3553 6
1005 3485 1079 3563 θεός
1094 3485 1131 3552 οδ
1155 3483 1249 3569 μόνον
1263 3479 1380 3568 πατὴρ,

213 3582 284 3652 ἀλλά
302 3589 353 3653 καί
369 3586 451 3668 υίός,
482 3589 533 3654 καὶ
552 3586 638 3674 ἀγιον
658 3596 790 3671 πνεῦμα,
818 3597 872 3674 τῆς
886 3587 1030 3672 θεότητος
1044 3586 1157 3674 πατρός
1172 3589 1223 3652 καί
1238 3588 1310 3652 υίοῦ
1322 3586 1381 3652 καλ

214 3684 301 3774 άγίου
323 3688 492 3774 πνεύματος
513 3688 752 3777 όμολογουμίνης
773 3697 941 3778 κρείττονος
962 3689 1060 3774 πάσης
1082 3693 1185 3767 αίτίας.

293 3978 409 4046 Ἀετίου
423 3979 524 4062 κεφάλ
538 3978 588 4066 λγ’.
633 3984 677 4047 EI
692 3980 725 4048 τό
744 3981 906 4068 ἀγέννητον
922 3981 1019 4064 πάσης
1037 3984 1132 4058 αίτίας
1150 3980 1305 4071 ἐξῄρηται,
1328 3982 1380 4064 τίη

214 4081 247 4146 δὲ
261 4079 355 4146 πολλά
369 4081 529 4168 ἀγίννητα,
551 4079 778 4167 ἀπαράλλακτον
795 4086 894 4162 ἕξουσι
909 4082 963 4168 τήν
986 4083 1086 4165 φάσιν.
1135 4083 1182 4148 Οά
1197 4080 1253 4169 γάρ
1273 4079 1315 4147 ἀν
1333 4079 1381 4166 μη

214 4181 419 4270 ἀποκληριόσιι
429 4183 549 4266 φύσιός
561 4211 642 4262 τινος
657 4193 764 4253 κοινοῦ
776 4188 826 4252 καί
843 4189 923 4253 ίδίου
935 4195 1125 4271 μετειληφυῖα
1143 4181 1187 4268 ῑῆ
1199 4185 1253 4267 μίν
1268 4186 1380 4267 ἐποίει,

213 4282 289 4368 ἡδὲ
311 4289 429 4371 ἐγίνετο.

247 4405 366 4459 &Verba
381 4409 461 4461 ταῦτα
475 4405 524 4476 γὰρ
541 4437 575 4449 -
590 4403 660 4476 ἀγιοι
675 4409 775 4476 πνεῦμα
808 4406 878 4470 υἱός,
907 4409 959 4464 καὶ.
1004 4413 1067 4462 Nihil
1092 4412 1205 4461 desidero.
1246 4410 1384 4463 Οοτοοτίατ

214 4479 240 4526 λιι
252 4478 384 4537 partum
403 4480 480 4538 μοιαί.
516 4479 598 4530 Ραου.
623 4484 677 4528 οιαι
697 4475 727 4531 τὸ
742 4472 776 4529 δι’·
809 4481 913 4529 reddidit
942 4479 1006 4528 nicut
1038 4479 1113 4529 etium
1145 4478 1262 4545 ignorare
1294 4478 1383 4546 ἱριυτιι

213 4558 266 4610 γιον
291 4559 330 4596 ττι.
349 4544 427 4594 dcem
447 4548 581 4607 ιιιιγίοαίατ
604 4543 705 4612 πατὴρ,
731 4544 776 4598 καλ
810 4545 899 4610 deum,
916 4545 965 4597 hoc
983 4556 1022 4596 ειι
1037 4545 1152 4613 ιρίιίιιιιο
1169 4555 1292 4597 unctum.
