3096 5070
422 285 559 339 canaan
574 285 638 336 nra.
654 286 697 336 ιιι.
714 285 797 338 rou.
811 285 842 336 n.
860 283 959 336 nans.
971 284 1102 336 raxxrn.
1282 261 1344 330 893

189 407 268 472 omni
291 406 447 470 immunem
473 405 650 484 habeamns3
682 405 730 488 qni
755 405 869 489 quidem
894 426 951 468 non
975 403 1038 467 sine
1059 401 1249 488 perpessione
1265 401 1344 465 saiu-

190 521 247 575 tcm
272 509 356 572 nobis
382 509 530 586 attulerit,
562 509 612 571 sed
637 507 664 570 id
689 508 840 570 moriendo
863 528 915 592 pro
941 506 1044 585 uobis,
1079 525 1169 588 seque
1194 505 1250 567 deo
1269 503 1344 588 patri

189 633 242 699 pro
272 611 382 675 nostris
412 611 563 674 animabus
589 609 725 673 sacrificii
751 610 845 672 instar
870 608 1020 672 offerendo
1051 607 1248 693 praestiterit,
1279 627 1344 670 cum

189 736 243 780 nos
260 713 404 798 sangnine
430 734 484 777 sno
501 712 685 797 repurgant,
716 734 750 773 ac
772 716 907 792 scriptum
931 723 1031 773 cenna
1053 732 1105 772 nos
1124 712 1344 790 chirographum
1362 721 1443 778 οιιι,
1457 719 1489 764 ιι
1526 752 1529 762 .

188 821 349 891 disciderit,
374 827 403 877 ct
418 819 501 877 cruci
509 836 579 876 succ
599 818 677 875 ncnc
696 815 838 893 efficerit,
863 814 891 876 id
912 814 987 898 qnod
1011 813 1116 897 ubique
1139 811 1283 897 scriptura
1301 823 1345 876 tc·
1506 815 1507 818 ’

188 931 294 985 statur.

274 1018 417 1098 Possem,
451 1018 476 1082 si
507 1040 630 1083 neeesse
658 1018 825 1097 videretur,
865 1019 900 1081 ad
930 1018 994 1082 eins
1020 1018 1163 1101 dogmatis
1190 1017 1344 1081 veritatem
1398 1017 1457 1085 cap.

192 1121 420 1187 confirmandam
437 1121 493 1185 alia
513 1123 647 1207 proferre
662 1143 747 1205 qnam
764 1120 898 1206 piurima.
944 1119 996 1186 Sic
1010 1121 1087 1183 enim
1104 1120 1161 1184 alio
1179 1120 1256 1199 ioco,
1281 1141 1347 1184 cum
1363 1085 1488 1139 xxm

190 1225 266 1288 idem
284 1235 487 1307 argumentum
505 1235 772 1309 pertrectaremus,
797 1226 832 1286 de
850 1233 931 1286 certa
949 1222 1124 1306 minimeque
1140 1222 1226 1286 dubia
1244 1233 1346 1286 nostra

190 1327 284 1390 sainte
304 1327 526 1391 corastituimus:
558 1324 809 1410 Quemadmodum
834 1326 986 1410 sanguinis
1008 1324 1164 1410 aspergine
1188 1324 1281 1388 vestis
1303 1325 1348 1387 in·

191 1429 304 1507 ficitur,
337 1429 405 1493 iicet
427 1430 490 1493 eius
513 1430 561 1513 qui
580 1440 692 1492 vestem
713 1429 790 1512 gerit
812 1450 918 1514 corpus
938 1449 1117 1513 nequaqnam
1136 1429 1274 1491 iniectum
1295 1427 1346 1507 sit,

190 1532 378 1596 nihilominus
395 1533 443 1596 ilia
462 1536 554 1597 vestis
576 1552 698 1617 aspersa
717 1531 830 1595 macula
855 1553 912 1595 non
938 1533 1013 1595 vesti
1037 1532 1088 1596 sed
1112 1531 1138 1595 ei
1161 1530 1210 1615 qui
1233 1542 1347 1596 vestem

190 1635 267 1719 gerit
283 1635 437 1714 tribuitur,
468 1636 572 1698 eodem
598 1635 684 1697 modo
706 1634 776 1696 licet
802 1634 952 1718 perpessio
977 1635 1005 1697 in
1026 1634 1206 1698 divinitatem
1226 1655 1284 1697 non
1302 1633 1348 1696 in·

191 1737 342 1817 cubuerit,
367 1738 418 1801 sed
436 1737 580 1800 bunnense
596 1737 739 1800 duntaxat
753 1747 875 1799 naturae
892 1736 1067 1820 contigerit,
1092 1759 1150 1800 trun
1167 1736 1233 1800 hnic
1248 1747 1346 1799 tamen

191 1839 247 1903 soii
265 1840 459 1903 tribuendam.
506 1837 618 1902 Verum
639 1860 676 1901 une
694 1838 722 1901 in
739 1839 922 1923 procuranda
945 1860 998 1924 per
1014 1840 1244 1903 incarnationem
1265 1837 1347 1901 verbi

192 1942 287 2007 salute
303 1953 404 2006 nostra
423 1941 453 2005 in
469 1941 547 2005 iiiam
567 1941 751 2004 incurramus
767 1940 932 2025 scripturae
953 1942 1146 2019 sententiam,
1178 1945 1349 2003 Maledictus
1361 1954 1426 2002 uter.
1439 1954 1472 2008 tt,
1480 1951 1501 1997 a.

192 2052 281 2108 cannas
297 2051 349 2129 qai
361 2067 436 2126 spera
452 2046 537 2106 teter
551 2048 580 2104 c'n
597 2045 717 2118 humahc,
744 2053 898 2128 propterea
914 2042 1058 2107 divinitati
1075 2045 1161 2106 etiam
1176 2044 1346 2128 imputatur,

193 2170 258 2212 cum
274 2147 346 2211 nihil
365 2147 427 2231 ipsa
445 2166 499 2232 per
513 2165 580 2208 sese
597 2146 738 2229 patiatur,
770 2156 802 2208 ut
819 2146 936 2208 humani
959 2145 1078 2229 generis
1094 2145 1173 2209 salus
1190 2167 1242 2230 per
1260 2141 1348 2210 Chri-

192 2251 228 2314 sti
248 2250 414 2336 passionem
437 2247 580 2332 acquisita
602 2258 823 2311 asacrcsaucta
846 2247 891 2311 dei
910 2247 1036 2311 ecclesia
1060 2248 1204 2311 divinitati
1229 2269 1344 2332 quoquc

191 2353 347 2416 tribuatur.
394 2350 512 2415 Vereor
528 2370 564 2413 ne
582 2348 647 2434 quis
665 2369 703 2411 ex
721 2349 778 2412 iliis
800 2371 903 2413 vocum
923 2350 1122 2434 captatoribus
1139 2350 1283 2416 subtiliori
1303 2371 1350 2414 ra·

191 2455 382 2519 tiocinatione
400 2453 589 2537 semetipsum
608 2451 758 2537 implicare
774 2452 873 2531 malit,
898 2475 982 2537 quam
1003 2453 1118 2517 allatam
1136 2474 1154 2516 a
1171 2452 1255 2515 nobis
1270 2453 1351 2515 simi-

190 2557 340 2621 litudinem
365 2566 451 2620 cante
472 2576 506 2617 ae
533 2556 692 2639 prudenter
712 2555 857 2639 accipere.
904 2553 1010 2639 Neque
1035 2558 1112 2619 enirn
1134 2555 1190 2618 uile
1211 2554 1304 2618 sacris
1319 2555 1349 2617 in

191 2660 285 2723 diteris
299 2658 457 2722 similitudo
474 2668 534 2721 tota
551 2679 586 2720 ac
604 2657 721 2743 penitus
741 2669 908 2743 usurpatur.
955 2656 1263 2735 Velutcnmdicitnr,
1296 2661 1503 2723 cra-nenena

192 2765 268 2823 tubes
287 2765 375 2822 icones
391 2764 473 2822 Iuda.
521 2757 554 2822 ln
576 2782 633 2843 quo
659 2759 836 2823 fortitudinis
861 2782 895 2823 ac
912 2761 1012 2844 regiae
1036 2760 1183 2824 cuiusdam
1201 2760 1351 2823 excelien-

191 2864 268 2939 tiae‚
292 2881 367 2946 quae
382 2862 413 2923 in
430 2861 480 2924 iiia
502 2862 563 2925 iera
579 2863 728 2939 cernitur,
763 2862 861 2926 habita
880 2863 955 2927 ratic
981 2873 1043 2941 cst,
1077 2884 1131 2926 nec
1148 2863 1216 2926 ittmt
1235 2871 1350 2944 specta·

191 2975 251 3026 tum
270 2974 333 3042 est,
363 2964 439 3047 quod
461 2964 583 3027 rationis
607 2985 717 3049 expers
741 2963 778 3027 sit
803 2985 838 3027 ac
856 2986 961 3049 rapax.
1007 2964 1059 3030 sic
1078 2976 1108 3027 et
1126 2966 1155 3028 in
1176 2976 1258 3029 veste
1279 2963 1350 3028 nibil

191 3065 259 3130 iilud
282 3065 317 3129 ad
342 3065 486 3129 rationem
513 3077 642 3130 nostram
666 3065 810 3153 pertinet,
844 3067 966 3150 quodid
985 3068 1064 3130 indui
1089 3068 1216 3151 exuique
1240 3066 1347 3130 soleat.

193 3166 294 3232 Semel
309 3169 405 3247 enim,
438 3179 469 3230 ut
487 3169 625 3252 scriptum
648 3181 695 3232 est
713 3173 839 3232 decorem
858 3174 967 3244 cirduit,
1001 3171 1105 3234 deinde
1122 3191 1195 3233 vero
1217 3175 1348 3232 certunm
1361 3187 1503 3243 ratmont.

193 3274 302 3344 ahduit,
334 3293 369 3332 cc
389 3277 553 3351 praecensuit
572 3295 612 3333 sc.
660 3270 693 3335 ln
717 3294 774 3356 qno
797 3271 919 3356 apostoli
944 3271 993 3335 iiia
1013 3294 1074 3336 vox
1094 3273 1247 3356 impietur,
1281 3277 1346 3335 Non
1365 3291 1502 3349 somna

193 3380 248 3437 rbm
270 3377 407 3447 mentm,
440 3377 668 3436 morsc'lb'rcltrn
683 3397 739 3437 non
756 3378 928 3436 domenatur.
976 3371 1060 3457 Quae
1079 3396 1143 3438 curn
1161 3376 1199 3438 ita
1216 3394 1284 3438 sese
1301 3375 1352 3437 ha·

192 3476 297 3552 beant,
331 3475 386 3537 hoc
412 3475 514 3538 adsui
541 3476 683 3558 dogmatis
710 3477 903 3561 patrocinium
932 3478 1039 3540 iratres
1065 3477 1157 3540 nostri
1184 3481 1348 3562 proferunt,

191 3582 252 3640 Nos
267 3589 359 3638 outcnr
376 3588 492 3638 mentem
510 3581 620 3638 Chresti
633 3580 775 3639 habmus.
808 3575 894 3661 Quae
907 3599 948 3642 ex
963 3579 1078 3643 iilornm
1094 3600 1244 3658 sermone,
1263 3598 1504 3663 qutem1.cor.a,1t.

190 3680 220 3743 in
245 3700 281 3760 eo
305 3691 478 3762 argumento
505 3688 662 3762 usurpant,
696 3680 840 3764 suspicari
870 3681 957 3760 lieet,
992 3682 1113 3746 aiteram
1143 3683 1209 3745 ilios
1237 3678 1350 3745 Christi

191 3792 318 3845 mentem
343 3802 480 3845 asserere
504 3780 644 3843 voluisse.
691 3776 751 3842 Sed
769 3783 793 3844 si
813 3782 994 3847 divinitatem
1019 3785 1055 3847 ab
1072 3782 1276 3847 incarnatione
1293 3806 1351 3847 oon

191 3895 347 3969 separant,
382 3884 434 3946 sed
453 3883 570 3947 unicum
593 3903 626 3944 ac
646 3880 773 3966 simplex
792 3883 1004 3948 incarnationis
1025 3887 1173 3970 negotium
1192 3884 1261 3949 iilud
1286 3906 1353 3950 esse

190 3999 312 4073 putant,
344 3987 410 4070 qnid
429 3987 544 4049 tandem
563 3983 702 4048 eximium
722 3984 787 4059 ilia,
821 4006 895 4069 quae
914 3987 1037 4066 dicitnr,
1068 3984 1180 4050 Christi
1201 4007 1283 4050 mens
1302 3987 1352 4051 bu·

190 4090 292 4154 babiti
336 4091 384 4152 An
404 4109 457 4172 per
473 4108 506 4150 se
521 4086 615 4172 ipsum
631 4086 676 4149 dei
696 4087 817 4151 verbum
835 4087 954 4165 existit,
988 4110 1042 4152 nec
1061 4089 1185 4153 bumana
1205 4100 1303 4153 mente
1321 4090 1351 4154 in

191 4190 395 4255 incarnatione
412 4191 574 4275 praeditum
594 4192 658 4252 esti
680 4210 754 4273 qnae
775 4200 822 4253 est
838 4190 952 4253 iliorum
970 4190 1081 4275 opinio.
1127 4194 1175 4255 An
1194 4191 1249 4254 alia
1266 4214 1352 4277 prae·

192 4302 237 4354 ter
254 4293 415 4357 divinitatis
432 4292 602 4378 hypostasin
621 4293 650 4355 iu
669 4288 790 4357 Christo
808 4314 891 4356 mens
917 4295 1048 4356 residet?
1090 4294 1139 4357 An
1164 4294 1260 4379 potius
1277 4297 1351 4359 scri·

191 4403 295 4478 pturae
322 4396 370 4459 iiie
395 4416 460 4459 mos
486 4406 550 4473 est,
584 4407 613 4458 nt
638 4397 673 4459 ad
700 4416 734 4458 ea
754 4416 829 4479 quac
858 4396 886 4458 in
908 4395 993 4461 nobis
1018 4407 1162 4480 geruntur
1184 4398 1221 4461 ob
1247 4399 1349 4465 oculos

190 4496 324 4581 ponenda
344 4497 551 4580 grandioribus
573 4497 672 4565 verbis
695 4500 814 4564 utetur?
