3096 5070
225 303 267 367 36
643 315 765 367 ειειστι
783 315 950 367 mama

307 427 433 514 ’Τπίστη
456 432 489 498 δέ
509 432 559 497 καί
586 433 701 516 έξορίαν
719 431 811 509 αῦτῦς
832 429 850 498 δ
871 434 964 518 γέρων
978 431 1095 510 Αῦδιος
1120 437 1163 511 τίς
1184 436 1220 502 τά
1235 439 1310 521 μίρη
1327 443 1381 522 τῆς

225 539 375 612 Σκυθίας,
396 531 458 600 ῦπῦ
472 540 525 600 τοῦ
543 537 685 617 βασιλέως
701 539 879 622 έξορισθείς,
902 534 952 602 διά
967 535 1000 601 τῦ
1018 533 1192 618 άφηνιάζειν
1205 538 1305 616 λαοῦς·
1328 542 1380 607 καλ

223 633 285 703 ῦπδ
310 645 368 703 τῶν
391 636 563 704 ίπισκόπων
586 644 627 725 τῷ
649 643 764 721 βασιλεῖ
782 637 940 722 άνηνέχθη.
983 637 1063 706 Ἐκεῖ
1081 642 1114 706 δὲ
1129 641 1252 723 μάλιστα
1269 646 1379 727 διατρί-

224 743 286 823 βων
300 739 444 825 (Ὶχράνον
459 743 533 806 ἐτῶν
548 737 604 806 οῦκ
619 744 675 825 ἔχω
694 744 798 828 λέγειν)
814 745 865 807 καλ
879 744 921 818 είς
936 739 972 807 τά
992 742 1094 827 πράσα
1113 748 1241 826 βαίνων,
1271 748 1320 811 καλ
1336 748 1380 822 είς

222 841 259 908 τά
274 843 406 909 έσάτατα
423 850 477 926 τῆς
492 849 636 920 Γοτθίας,
657 843 784 921 πολλοῦς
797 852 856 910 τῶν
873 843 1000 912 Γάτθων
1015 845 1192 929 κατήχησιν,
1214 843 1268 928 εἴφ’
1285 839 1378 936 οῦπερ

220 947 273 1011 καλ
293 945 477 1028 μοναστήρια
499 949 531 1012 έν
547 952 583 1036 τῇ
607 944 684 1036 αὐτῇ
704 952 817 1037 Γοτθία
837 948 964 1031 ἐγίνετο,
994 950 1045 1013 καί
1060 954 1206 1028 πολιτεία,
1234 951 1284 1015 καί
1303 977 1378 1038 παρ-

219 1054 308 1114 θενία
322 1074 354 1114 τε
370 1051 422 1114 καί
437 1047 561 1131 άσκησις
576 1045 628 1131 οὐχ
645 1047 666 1132 ἡ
678 1056 814 1133 τυχοῦσα.
830 1048 913 1116 ’Ἐστι
926 1047 982 1136 γάρ
998 1055 1039 1140 τῷ
1055 1049 1120 1116 ὅττι
1134 1058 1222 1118 τοῦτο
1235 1051 1269 1118 τῦ
1282 1053 1380 1140 τάγμα

220 1150 300 1217 πάνυ
325 1153 357 1216 έν
380 1151 554 1241 άναστροφῇ
576 1159 753 1242 θαυμαστῇ,
781 1154 832 1218 καί
853 1151 890 1217 τά
911 1154 1009 1222 πάντα
1028 1151 1127 1220 αῦτῶν
1152 1158 1183 1221 ἐν
1200 1164 1262 1232 τοῖς
1278 1154 1379 1224 αῦτῶν

220 1260 430 1339 μοναστηρίοις
445 1261 542 1330 καλῶς
560 1257 721 1336 οφέρεται,
743 1254 820 1337 πλὴν
838 1263 898 1321 τῶν
916 1264 1104 1335 φιλονεικιῶν
1119 1255 1247 1336 τούτων,
1278 1264 1333 1342 τῆς
1346 1284 1378 1326 τι

219 1363 408 1443 παραλλαγῆς
423 1365 476 1423 τοῦ
499 1355 605 1441 Πάσχα
620 1363 674 1442 τῆς
695 1383 726 1424 τι
739 1357 816 1425 κατά
831 1355 864 1424 εδ
887 1357 1036 1427 ίδιωτικδν
1057 1361 1225 1446 ίγκειμίνης
1243 1368 1297 1427 τοῦ
1312 1360 1378 1429 κατ’

219 1459 321 1527 είκδνα
343 1457 508 1547 ῦμολογίας.

181 1784 199 1842 ’,
308 1767 348 1835 Τά
373 1770 405 1835 δέ
427 1769 594 1853 δεινότερον
621 1767 740 1835 πάντων
763 1772 814 1836 καί
838 1768 1059 1854 φοβεράτερον,
1091 1769 1136 1837 δτι
1162 1768 1219 1838 οῦκ
1241 1769 1371 1856 εὔχονται

217 1870 291 1955 μετά
309 1899 406 1952 τινος,
429 1870 486 1938 κάν
499 1897 529 1937 τε
546 1879 606 1938 τῶν
622 1875 754 1956 δοκίμων
774 1877 921 1955 Ιφανείη,
943 1874 991 1938 καί
1009 1873 1100 1956 μηδέν
1117 1877 1159 1951 είς
1175 1879 1370 1961 κατηγόρησα

217 1975 343 2061 ίχάντων
368 1976 442 2058 μηδέ
464 1976 579 2058 μέμψιν
601 1979 741 2056 πορνείας
766 1973 788 2058 ἢ
812 1979 942 2059 μοιχείας
961 1974 983 2058 ἢ
1000 1981 1181 2054 πλεονεξίας,
1212 1975 1270 2044 άλλ’
1288 1975 1369 2046 δτιδ

215 2086 350 2157 τοιοῦτος
372 2081 404 2144 ἐν
424 2085 461 2168 τῇ
479 2081 616 2167 ἐκκλησίᾳ
630 2078 794 2165 συνάγεται
839 2080 901 2143 Καὶ
922 2077 1010 2145 τοῦτό
1028 2081 1089 2146 ἔστι
1105 2077 1138 2146 ιδ
1158 2079 1307 2165 φοβεράν,
1336 2079 1371 2148 τῦ

216 2180 395 2268 παραλλάξαι
418 2179 514 2265 ὄνομα
531 2188 717 2263 Χριστιανῶν
739 2188 791 2264 τῆς
812 2177 900 2267 άγίας
922 2184 1090 2264 ἐκκλησίας,
1120 2190 1173 2266 τῆς
1190 2181 1231 2266 μή
1247 2182 1373 2266 έχοάσης

217 2287 357 2352 ίπίθετον
379 2282 488 2368 ὄνομα,
526 2281 596 2350 άλλά
618 2282 712 2366 μόνον
741 2281 838 2367 ὄνομα
863 2290 993 2369 Χριστοῦ
1016 2287 1067 2350 καί
1097 2290 1299 2370 Χριστιανῶν,
1329 2288 1373 2362 τίς

216 2385 312 2470 ὄνομα
337 2384 454 2454 Αάδίου
476 2395 648 2466 καλεῖσθαι,
680 2388 849 2453 συνθέσθαι
882 2412 911 2452 τε
937 2389 988 2452 καλ
1011 2386 1205 2454 ἀπαιτεῖσθαι
1228 2386 1372 2470 σύνθημα

216 2487 411 2574 ἀνθρωπίνης
430 2489 564 2572 φάσεως,
587 2490 682 2556 είκαλ
701 2491 751 2555 έπλ
773 2489 807 2556 τδ
826 2486 988 2571 άκραιφνλς
1003 2493 1048 2573 εἴη
1063 2496 1104 2581 τῶ
1120 2494 1193 2579 βίη),
1220 2494 1271 2557 καλ
1288 2489 1372 2581 πάση

214 2591 388 2682 δικαιοσύνη
404 2592 436 2658 τδ
452 2592 549 2678 τάγμα
565 2590 792 2676 σεμνυνόμενον.
837 2594 950 2658 Πολλολ
975 2593 1008 2658 δέ
1029 2595 1080 2658 καλ
1094 2591 1167 2676 μετά
1185 2592 1240 2677 τὴν
1254 2596 1371 2660 ίκείνου

211 2683 347 2778 τελευτὴν
372 2694 507 2782 γεγόνασι
525 2695 581 2761 σῦν
605 2695 709 2770 αὐτοῖς
724 2720 755 2761 τι
779 2696 831 2760 καλ
854 2693 914 2779 μετ’
935 2692 1027 2760 αάτδν
1044 2703 1098 2760 τοῦ
1114 2694 1261 2780 τάγματος
1277 2692 1373 2761 αάτνῦ

197 2799 390 2877 ’ίπίσκοποῃ
425 2797 576 2883 Οῦράνιάς
602 2825 647 2874 τις
671 2805 725 2881 τῆς
748 2798 856 2882 Μέσης
882 2805 942 2864 τῶν
970 2803 1123 2881 ποταμῶν·
1152 2798 1203 2863 καλ
1227 2793 1289 2863 άπδ
1317 2803 1374 2879 τῆς

214 2907 345 2977 Γοτθίας
363 2901 395 2966 δέ
416 2903 478 2985 ίσχι
491 2900 588 2980 τινάς,
611 2903 662 2967 καί
680 2902 853 2984 κατέστησεν
868 2898 978 2976 αῦτοῦς
995 2899 1188 2979 ἐπισκόπους,
1205 2897 1277 2965 άλλά
1292 2901 1370 2965 ’καί

214 3002 382 3080 Σιλουανάς
403 3030 461 3085 τις,
491 3007 541 3070 καί
566 3003 649 3070 ἄλλοι
671 3005 761 3082 τινές,
784 2996 827 3070 ῶν
841 3004 1010 3087 συμβέβηκέ
1031 3028 1116 3078 τινας
1135 3009 1190 3067 τοῦ
1208 3006 1278 3086 βίον
1293 2999 1370 3067 παῦ-

214 3116 343 3186 σασθαι,
374 3105 497 3190 μάλιστα
528 3104 687 3191 Οὐράνιον.
742 3104 833 3190 Ηῦχει
858 3106 914 3192 γάρ
941 3098 1030 3181 οῦτος
1054 3103 1201 3187 ιἰναμέσον
1228 3101 1371 3171 τοιοῦτον

89 3222 200 3280 mm
213 3206 366 3295 τάγματος.
410 3208 499 3276 Μετά
521 3211 553 3276 δέ
576 3209 631 3292 τὴν
654 3214 714 3275 τῶν
736 3207 908 3275 ἐπισκόπων
931 3209 1031 3274 αὐτῶν
1048 3207 1179 3287 τούτων,
1213 3205 1369 3292 Οῦρανίου

212 3313 263 3377 καί
279 3319 460 3391 Σιλουανοῦ,
482 3321 537 3378 τοῦ
560 3314 594 3379 έκ
624 3316 795 3389 Τοιθίας,
817 3309 952 3394 τελευτὴν
972 3314 1075 3377 πολλοὶ
1094 3310 1290 3394 διελύθησαν,
1317 3311 1370 3376 καλ

212 3416 254 3490 είς
279 3411 376 3502 ὀλίγον
397 3407 472 3498 ἦλθε
493 3413 527 3480 τδ
542 3413 655 3480 τοῦτων
676 3414 825 3497 ου’στημα,
855 3416 888 3478 έν
904 3438 933 3480 τε
952 3423 1015 3491 τοῖς
1032 3415 1130 3499 μίρεσι
1151 3417 1301 3488 Χαλκίδος
1316 3418 1370 3494 τῆς

210 3515 286 3600 πρῦς
302 3514 489 3601 Ἀντιοχείας,
519 3519 571 3582 καλ
596 3520 628 3583 έν
648 3526 712 3593 τοῖς
734 3517 833 3602 μέρεσι
854 3523 909 3581 τοῦ
932 3514 1107 3603 Είφράτον.
1152 3517 1213 3581 Καί
1227 3513 1284 3601 γάρ
1304 3512 1368 3583 dud

211 3626 264 3701 τῆς
278 3624 407 3697 Γοτθίας
422 3618 610 3703 ίδιάχθησαν
627 3622 658 3685 οἱ
675 3623 809 3697 πλείους,
837 3615 874 3682 οῦ
888 3616 999 3700 μόνον,
1029 3616 1099 3684 άλλά
1121 3621 1171 3683 καί
1186 3621 1219 3684 οί
1231 3615 1368 3703 ἡμέτεροι

210 3722 273 3787 έκεῖ
286 3724 473 3807 Χριστιανοὶ,
503 3726 636 3807 διωγμοῦ
657 3719 783 3806 μεγάλου
806 3718 960 3797 ἐνστάντος
978 3717 1040 3787 ῦπδ
1063 3720 1367 3804 βασιλέωςἝλληνος,

209 3827 311 3891 δεινοῦ
324 3853 355 3893 τε
371 3826 548 3912 γενομένου,
577 3826 627 3889 καλ
642 3822 718 3908 πράς
734 3830 821 3906 ζῆλον
841 3830 901 3889 τῶν
913 3821 1083 3907 Ῥωμαίων,
1112 3822 1162 3889 διά
1180 3822 1213 3889 τά
1229 3824 1299 3900 τοῦς
1314 3827 1368 3906 βοι-

209 3936 296 4004 σιλεῖς
307 3934 368 3994 τῶν
380 3924 532 4010 Ῥωμαίων
545 3923 620 3992 εἶναι
632 3917 836 4013 Χριστιανδῦς,
856 3926 915 3993 4τῦ
931 3935 992 3994 πᾶν
1003 3929 1089 4013 γένος
1101 3934 1162 3992 τῶν
1179 3932 1368 4006 Χριστιανῶν

209 4025 261 4096 τίετ’
281 4033 400 4098 ἐκείνων
416 4027 630 4112 άπελασθῆναι.
678 4028 723 4097 Οά
740 4036 832 4098 λείπει
856 4031 888 4096 δέ
911 4035 975 4115 δίζα
993 4036 1118 4112 σοφίας,
1142 4026 1213 4096 οάδέ
1228 4029 1367 4111 φύτευμα

241 4240 265 4294 7.
283 4238 381 4309 χρδιωι
397 4241 464 4290 codd.
480 4254 535 4290 ινιτ
553 4246 575 4290 ιι
589 4242 643 4292 edit.
657 4244 734 4304 ρτίιιο.
836 4241 861 4292 2.
878 4237 923 4291 καλ
939 4254 984 4288 οτι.
1002 4242 1053 4291 ωδ.
1072 4242 1169 4302 mnata.

241 4308 266 4361 8.
283 4306 400 4374 φέρονται
416 4309 467 4357 cod.
488 4310 583 4369 Ηλεδιρ.
836 4307 861 4358 3.
880 4304 968 4370 γοθίτις
985 4309 1035 4356 cod.
1054 4310 1151 4368 Ηλεδίρ.

244 4375 302 4425 Cn.
320 4376 375 4424 XV.
394 4403 427 4413 -
460 4378 479 4425 1.
496 4376 587 4440 φανείη
602 4379 769 4427 restituendum
836 4370 860 4423 4.
879 4376 1029 4424 Scribmdum
1044 4381 1101 4437 μυιο
1114 4378 1157 4423 aut
1170 4371 1215 4425 καὶ
1227 4368 1291 4438 τρδς
1306 4374 1327 4437 ι
1341 4387 1365 4427 τ.

208 4448 258 4494 erut
272 4458 301 4493 ετ
318 4440 413 4508 φανίη,
433 4445 496 4505 quod
511 4448 535 4493 ιιι
552 4446 620 4494 codd.
636 4459 692 4495 ινιτ.
708 4450 728 4494 τι
743 4449 769 4494 λιι
801 4437 892 4507 Ῥωμ..
910 4445 932 4494 δ.
949 4459 971 4493 τ.
986 4459 1008 4494 τ.
1018 4445 1047 4524 p.
1063 4459 1085 4493 τ.
1107 4437 1181 4507 Ῥωμ
1215 4436 1278 4495 εἶναι
1302 4440 1365 4506 Χρι-

207 4511 331 4631 eamque.
348 4512 533 4574 σιρτελιικσλλατ.
558 4509 626 4580 φάνη
644 4519 678 4565 ειλ
691 4516 717 4564 ιιι
730 4513 767 4563 εδ
803 4508 933 4576 στωιοῦς,
949 4507 979 4565 τδ
993 4527 1042 4564 ταν
1056 4508 1126 4577 γίιος
1142 4526 1163 4564 τ.
1179 4508 1229 4577 Χρ.
1241 4504 1285 4565 ἅτ’
1299 4507 1366 4565 άτιδ-

268 4593 308 4630 νιι
