3096 5070
373 248 510 331 ransart
527 277 590 328 ors.
603 278 648 329 sn.
665 278 748 331 rom
764 277 786 328 ι.
803 275 906 328 narn.
924 275 1046 328 uxxvr.
1224 265 1285 330 att

215 397 338 467 Conlut.
357 399 491 463 xxxttt.
536 393 623 478 Quod
638 395 800 480 ingenitum
819 395 942 473 dicitur,
975 395 1005 476 iq
1024 397 1161 459 confesso
1179 407 1226 460 est
1242 397 1288 461 sui

131 504 236 580 sullam
254 503 361 567 babere
379 521 535 576 caussam,
560 498 792 583 quandoquidem
812 518 900 561 nuum
914 497 1048 580 idemque
1064 507 1111 560 eat
1125 497 1286 582 ingenitum

130 618 160 671 et
173 605 372 684 adorandum,
405 602 448 667 sic
466 613 498 665 ut
514 601 694 666 adorandum
712 601 748 663 ab
764 599 956 664 adorantibus
975 611 1160 663 secernatur.
1207 599 1288 665 Ado·

128 710 220 774 reuda
237 729 325 794 porro
343 706 460 770 trinitas
478 715 541 782 est,
576 723 651 787 qnae
670 703 821 766 eademst
841 702 937 764 unitas
953 711 1015 779 est,
1047 711 1076 764 et
1094 722 1152 764 noo
1170 701 1288 766 nomine

127 811 341 896 comprehensa
366 807 482 872 trinitas
508 805 688 891 appellatur,
724 816 826 889 pater,
858 803 933 866 lilius
957 813 988 866 et
1010 802 1132 888 spiritns
1153 815 1285 868 sanctos.

127 910 214 997 Quae
239 912 354 996 quidem
374 909 450 994 quod
475 930 560 972 sunm
579 919 625 971 est
645 928 704 970 uon
723 917 860 989 tanquam
883 906 1011 969 alienum
1028 905 1059 968 iu
1079 904 1177 989 seipsa
1195 905 1288 969 conti·

104 1090 106 1095 .
127 1027 195 1092 net,
219 1015 271 1078 sed
294 1023 494 1096 congruenter
520 1022 630 1095 patrem
658 1009 734 1072 lilius
759 1030 818 1072 oon
836 1009 967 1086 creavit,
999 1008 1051 1072 sed
1071 1006 1186 1090 genuit.
1231 1005 1288 1071 llic

127 1117 205 1181 euim
229 1116 266 1178 ab
291 1117 355 1200 ipso
376 1134 494 1198 semper
517 1113 652 1197 genitore
675 1111 818 1196 procedit.
865 1108 950 1176 Unde
974 1111 1051 1174 lilius
1076 1109 1113 1173 ab
1138 1109 1287 1173 existente

128 1230 210 1283 ortus
227 1228 289 1297 estq
315 1227 345 1280 ut
363 1228 391 1279 et
409 1215 529 1301 spiritus
545 1223 684 1292 sauctus,
708 1213 757 1296 qni
774 1213 890 1298 abipso
913 1213 1074 1298 processit;
1097 1211 1209 1275 cuorio
1229 1231 1288 1275 una

126 1331 157 1384 et
178 1319 310 1383 increata
333 1317 534 1402 singularitate
560 1314 677 1380 trinitas
698 1315 760 1400 ipsa
784 1315 945 1394 consistat,
978 1325 1079 1378 cetera
1096 1334 1169 1379 vero
1190 1315 1288 1385 omnia

127 1421 163 1484 ab
180 1421 281 1484 eadem
300 1421 349 1484 illa
365 1420 495 1483 trinitate
510 1441 527 1482 e
544 1418 634 1481 nilrilo
651 1428 807 1503 procreato
824 1418 895 1482 sint.
941 1414 990 1480 Ex
1010 1437 1068 1500 quo
1084 1416 1114 1479 bt
1132 1428 1163 1480 ut
1186 1417 1288 1500 singo-

128 1521 198 1586 laris
219 1522 268 1586 illa
293 1523 408 1587 trinitas
432 1542 507 1586 nous
528 1523 568 1585 sit
590 1521 680 1599 deus,
712 1531 796 1605 pater
821 1530 851 1583 et
867 1520 944 1583 blius
968 1530 996 1582 et
1014 1519 1135 1603 spiritus
1152 1529 1285 1584 sanctus.

127 1622 212 1707 Quae
236 1647 293 1689 noo
319 1626 400 1691 volut
424 1624 551 1689 alienum
575 1623 652 1707 quod
675 1643 759 1689 suum
781 1633 826 1686 est
850 1622 879 1685 in
896 1621 1056 1706 semetipsa
1080 1621 1211 1699 obtinet,
1242 1622 1287 1684 in-

126 1737 243 1806 creata,
267 1728 415 1813 ingenita,
439 1747 497 1790 nou
522 1726 681 1803 fabricata,
705 1723 841 1800 trinitas,
872 1724 1009 1807 inquam,
1034 1744 1092 1787 uon
1114 1725 1208 1801 facta,
1232 1725 1285 1787 sed

128 1829 258 1908 iaciens,
291 1851 349 1893 nou
366 1840 519 1892 creaturae
536 1847 644 1891 nomeu
661 1829 691 1890 io
708 1845 777 1890 sese
793 1825 1010 1909 complectens,
1042 1826 1095 1890 sed
1111 1846 1284 1910 procreans,

125 1953 203 2009 una,
229 1952 288 1994 nou
303 1932 413 2016 plnres.
459 1933 489 1994 A
510 1951 567 2012 quo
592 1930 723 2014 prolecta
744 1939 812 1993 sunt
827 1927 943 2005 omnia,
976 1948 1051 2012 quae
1070 1938 1101 1991 et
1118 1928 1287 2013 multiplicia

125 2044 213 2110 suut,
247 2052 343 2116 neque
366 2053 432 2097 curn
451 2052 485 2095 ea
504 2042 706 2099 numerantur.
753 2027 855 2113 Quare
875 2050 970 2114 oeque
987 2050 1171 2094 communem
1194 2051 1286 2115 quau·

125 2137 191 2199 dam
210 2145 344 2199 naturam
363 2155 428 2196 cum
443 2133 662 2216 incomparabili
678 2133 809 2197 essentia
829 2133 1004 2218 participare
1029 2132 1177 2197 dicuntur.
1221 2131 1286 2197 Ne·

124 2258 181 2322 que
197 2249 296 2301 creata
312 2236 464 2321 quaepiam
481 2244 583 2298 tratura
598 2236 628 2298 in
643 2236 741 2300 divina
757 2236 807 2299 illa
820 2235 1089 2321 comprehenditur.
1136 2231 1197 2298 Sed
1211 2235 1284 2298 baec

126 2340 256 2404 omnium
278 2339 380 2423 opifex
395 2350 457 2417 est,
490 2357 565 2421 quae
583 2358 646 2401 cum
667 2338 887 2424 incomparabili
908 2358 943 2400 ac
960 2336 1102 2420 singulari
1119 2337 1227 2421 patris,
1252 2339 1284 2400 li-

122 2441 172 2520 lii,
201 2441 381 2528 spiritusque
403 2440 498 2505 sancti
518 2451 624 2503 natura
638 2440 669 2504 iu
688 2441 818 2506 eiusdem
844 2441 1027 2504 substantiae
1049 2441 1285 2504 communionem

123 2544 227 2609 venire
252 2553 413 2628 nequeunt.
460 2539 715 2625 Quemadmodum
735 2542 763 2606 ei
785 2541 919 2626 quidem,
954 2542 1001 2605 cui
1019 2543 1059 2605 sit
1077 2541 1212 2606 veritatis
1232 2540 1284 2604 ob·

123 2645 182 2708 lata
200 2645 346 2730 cognitio,
375 2646 532 2730 perspicue
554 2643 618 2728 ipsa
644 2644 784 2709 declarat.
828 2642 976 2708 Nimirum
993 2645 1084 2708 solam
1101 2643 1196 2728 ipsam
1214 2643 1284 2707 ado·

123 2747 243 2810 rendam
261 2767 346 2825 asse,
371 2769 429 2811 uon
446 2758 613 2811 ceterarum
634 2767 732 2811 rernm
749 2747 912 2832 qnirpiaut3
937 2768 1001 2810 oum
1020 2747 1128 2832 etipsa
1146 2745 1211 2809 sola
1228 2765 1283 2809 suo

124 2846 153 2909 io
178 2848 297 2911 nomine
319 2849 466 2934 baptizet,
491 2859 658 2913 ceterorum
681 2859 780 2913 autem
803 2850 831 2912 id
855 2849 963 2912 nullum
988 2848 1085 2913 iaciat.

209 2949 290 3013 aetii
306 2947 401 3036 Caput
417 2954 550 3014 xxxtv.
596 2948 629 3016 si
655 2951 819 3015 substantia
842 2952 937 3014 omnis
963 2951 1094 3035 ingenita
1116 2960 1180 3030 est,
1212 2948 1284 3013 nibil

124 3072 141 3114 a
161 3051 335 3117 seinvicem
359 3054 413 3116 bac
431 3075 470 3118 ex
488 3065 570 3139 parte
593 3054 747 3132 different,
779 3053 857 3137 quod
876 3066 980 3117 centra
1002 3051 1193 3118 dominationi
1214 3051 1283 3116 sub-

125 3152 201 3216 iecta
230 3153 267 3216 sit
293 3155 425 3219 alterius.
479 3154 580 3239 Quare
601 3156 720 3240 quinam
742 3155 879 3220 affirmari
905 3167 1018 3240 potest,
1052 3156 1158 3220 mutari
1182 3176 1281 3232 unam,

124 3257 246 3319 alteram
266 3267 396 3334 mutare,
428 3260 564 3321 cumdeo
585 3258 704 3323 minime
727 3259 913 3343 permittant,
946 3269 978 3321 ut
997 3258 1132 3322 exnulla
1150 3257 1284 3322 subiecta

124 3357 288 3421 substantia
311 3359 509 3443 producatur?

209 3455 331 3522 Conlut.
363 3463 496 3525 xxxtv.
549 3460 691 3547 Quisquis
720 3462 875 3526 veritatem
906 3463 1086 3548 oppugnavit
1112 3462 1281 3546 aliquando,

126 3560 239 3624 voculis
263 3560 432 3644 quibusdam
453 3564 489 3626 ad
506 3563 692 3627 iniioiendam
717 3564 938 3629 admirationem
962 3564 1110 3642 collectis,
1146 3565 1181 3626 ad
1198 3583 1284 3627 ever·

125 3663 212 3725 tenda
235 3683 320 3725 sacra
345 3663 478 3746 dogmata
500 3666 723 3748 impressionem
748 3668 846 3731 lacere
863 3668 946 3731 visus
965 3678 1026 3744 est,
1058 3677 1145 3750 atque
1167 3686 1185 3730 a
1204 3665 1282 3730 vitae

123 3765 242 3828 tramite
263 3765 426 3842 deducere,
462 3787 496 3828 ac
514 3767 672 3850 perniciem
692 3767 820 3830 adlerre.
866 3765 953 3851 Quod
974 3769 1081 3833 Aetius
1097 3769 1184 3831 modo
1201 3767 1281 3846 lacit,

124 3867 253 3951 quicum
272 3865 327 3929 boe
346 3866 376 3929 iu
395 3867 489 3952 capite
510 3868 580 3931 nibil
604 3867 723 3930 omninno
748 3869 840 3946 dioat,
873 3871 1040 3934 rudioribus
1064 3881 1161 3933 tamen
1185 3872 1282 3935 fucum

125 3971 243 4042 facere,
269 3990 303 4032 ac
320 3978 433 4034 terrere
450 3970 585 4047 videtur,
610 3969 713 4032 eadem
733 3970 768 4032 ad
787 3972 932 4035 fastidium
950 3993 1044 4056 nsque
1059 3981 1215 4056 repetens,
1247 3993 1283 4037 ao

123 4071 297 4135 vocabulum
318 4072 405 4150 illutl,
430 4073 505 4156 quod
522 4071 680 4136 identidem
697 4092 929 4136 commemorare
947 4075 1040 4151 solet,
1066 4074 1121 4137 boc
1136 4075 1202 4138 loco
1216 4094 1284 4160 per-

124 4195 222 4258 peram
247 4195 405 4258 usurpans.
463 4173 555 4259 igitur
583 4196 641 4237 non
670 4174 835 4238 substantia
863 4175 959 4237 omnis
985 4176 1147 4261 sapientum
1174 4176 1282 4242 iudicio

126 4287 263 4340 censetur
277 4276 425 4360 ingenitaq
458 4277 565 4361 alioqui
589 4276 667 4341 oolla
685 4298 743 4340 non
762 4275 859 4340 divina
877 4286 1068 4342 statueretur.
1100 4274 1190 4344 'Cum
1208 4301 1281 4366 ergo

159 4445 183 4496 2.
200 4439 309 4512 ν’φιστᾰν
326 4463 408 4511 supro.
721 4446 835 4515 λογοιτο,
859 4450 912 4503 cod.
934 4452 982 4504 lm.
1003 4452 1077 4504 eled.
1096 4454 1174 4519 princ.
1197 4451 1282 4511 brobo-

158 4513 183 4580 β.
201 4515 241 4566 Sic
253 4517 326 4566 edidit
339 4522 419 4569 Petoo.
445 4519 504 4569 cod.
520 4518 617 4582 ltbedr'p.
631 4516 687 4570 beo·
719 4523 795 4584 γεῖτο.
