<?xml version="1.0" encoding="UTF-8"?>
<!DOCTYPE html PUBLIC "-//W3C//DTD XHTML 1.0 Transitional//EN"
    "http://www.w3.org/TR/xhtml1/DTD/xhtml1-transitional.dtd">
<html xmlns="http://www.w3.org/1999/xhtml" xml:lang="en" lang="en">
 <head>
  <title>
</title>
<meta http-equiv="Content-Type" content="text/html;charset=utf-8" />
  <meta name='ocr-system' content='tesseract 3.04.00' />
  <meta name='ocr-capabilities' content='ocr_page ocr_carea ocr_par ocr_line ocrx_word'/>
</head>
<body>
  <div class='ocr_page' id='page_1' title='image "./corporishaerese00unkngoog/corporishaerese00unkngoog_0763.png"; bbox 0 0 3096 5070; ppageno 0'>
   <div class='ocr_carea' id='block_1_1' title="bbox 206 312 911 378">
    <p class='ocr_par' dir='ltr' id='par_1_1' title="bbox 206 312 911 378">
     <span class='ocr_line' id='line_1_1' title="bbox 206 312 911 378; baseline 0.004 -5"><span class='ocrx_word' id='word_1_1' title='bbox 206 312 266 375; x_wconf 84' lang='grc'>766</span> <span class='ocrx_word' id='word_1_2' title='bbox 659 322 911 378; x_wconf 70' lang='lat' dir='ltr'>runmnanutt.</span> 
     </span>
    </p>
   </div>
   <div class='ocr_carea' id='block_1_2' title="bbox 186 439 1383 4182">
    <p class='ocr_par' dir='ltr' id='par_1_2' title="bbox 203 439 1383 580">
     <span class='ocr_line' id='line_1_2' title="bbox 203 439 1383 508; baseline 0.003 -17"><span class='ocrx_word' id='word_1_3' title='bbox 203 440 335 508; x_wconf 86' lang='lat' dir='ltr'>Epiphanii</span> <span class='ocrx_word' id='word_1_4' title='bbox 360 439 466 507; x_wconf 85' lang='lat' dir='ltr'>epistola</span> <span class='ocrx_word' id='word_1_5' title='bbox 491 439 610 492; x_wconf 86' lang='lat' dir='ltr'>adversus</span> <span class='ocrx_word' id='word_1_6' title='bbox 633 441 765 493; x_wconf 75' lang='lat' dir='ltr'>dntidico·</span> <span class='ocrx_word' id='word_1_7' title='bbox 801 441 1014 508; x_wconf 76' lang='lat' dir='ltr'>Evangelistsruns</span> <span class='ocrx_word' id='word_1_8' title='bbox 1045 443 1188 494; x_wconf 82' lang='lat' dir='ltr'>institutum</span> <span class='ocrx_word' id='word_1_9' title='bbox 1225 443 1253 495; x_wconf 90' lang='lat' dir='ltr'>in</span> <span class='ocrx_word' id='word_1_10' title='bbox 1287 445 1383 497; x_wconf 80' lang='lat' dir='ltr'>ordine</span> 
     </span>
     <span class='ocr_line' id='line_1_3' title="bbox 236 524 1034 580; baseline 0.005 -5"><span class='ocrx_word' id='word_1_11' title='bbox 236 524 380 575; x_wconf 84' lang='lat' dir='ltr'>marianitss</span> <span class='ocrx_word' id='word_1_12' title='bbox 398 529 473 575; x_wconf 88' lang='grc'><strong>1064.</strong></span> <span class='ocrx_word' id='word_1_13' title='bbox 834 527 959 578; x_wconf 88' lang='lat' dir='ltr'>scribendi</span> <span class='ocrx_word' id='word_1_14' title='bbox 976 532 1034 580; x_wconf 79' lang='lat'>425.</span> 
     </span>
    </p>

    <p class='ocr_par' dir='ltr' id='par_1_3' title="bbox 202 610 1380 750">
     <span class='ocr_line' id='line_1_4' title="bbox 202 610 1380 679; baseline 0.004 -18"><span class='ocrx_word' id='word_1_15' title='bbox 202 610 335 677; x_wconf 85' lang='lat' dir='ltr'>Epiphanii</span> <span class='ocrx_word' id='word_1_16' title='bbox 352 611 473 661; x_wconf 87' lang='lat' dir='ltr'>modestis</span> <span class='ocrx_word' id='word_1_17' title='bbox 491 621 516 661; x_wconf 86' lang='lat' dir='ltr'>et</span> <span class='ocrx_word' id='word_1_18' title='bbox 535 611 621 661; x_wconf 87' lang='lat' dir='ltr'>veniae</span> <span class='ocrx_word' id='word_1_19' title='bbox 640 611 762 679; x_wconf 78' lang='lat' dir='ltr'>deprecat·</span> <span class='ocrx_word' id='word_1_20' title='bbox 800 612 974 678; x_wconf 82' lang='lat' dir='ltr'>Evangelistee</span> <span class='ocrx_word' id='word_1_21' title='bbox 1001 631 1044 665; x_wconf 87' lang='lat' dir='ltr'>cur</span> <span class='ocrx_word' id='word_1_22' title='bbox 1069 631 1120 665; x_wconf 90' lang='lat' dir='ltr'>uon</span> <span class='ocrx_word' id='word_1_23' title='bbox 1156 614 1251 666; x_wconf 80' lang='lat' dir='ltr'>eedem</span> <span class='ocrx_word' id='word_1_24' title='bbox 1288 632 1380 668; x_wconf 81' lang='lat' dir='ltr'>omnes</span> 
     </span>
     <span class='ocr_line' id='line_1_5' title="bbox 235 695 1067 750; baseline 0.002 -6"><span class='ocrx_word' id='word_1_25' title='bbox 235 695 273 745; x_wconf 91' lang='lat' dir='ltr'>tio</span> <span class='ocrx_word' id='word_1_26' title='bbox 291 695 315 745; x_wconf 90' lang='lat' dir='ltr'>in</span> <span class='ocrx_word' id='word_1_27' title='bbox 333 695 475 746; x_wconf 78' lang='lat' dir='ltr'>haeresibus</span> <span class='ocrx_word' id='word_1_28' title='bbox 493 695 653 747; x_wconf 72' lang='lat' dir='ltr'>confutandis</span> <span class='ocrx_word' id='word_1_29' title='bbox 673 701 747 750; x_wconf 91' lang='grc'><strong>1100.</strong></span> <span class='ocrx_word' id='word_1_30' title='bbox 834 698 990 749; x_wconf 85' lang='lat' dir='ltr'>narraverint</span> <span class='ocrx_word' id='word_1_31' title='bbox 1009 702 1067 749; x_wconf 78' lang='grc'><strong>427.</strong></span> 
     </span>
    </p>

    <p class='ocr_par' dir='ltr' id='par_1_4' title="bbox 200 780 1377 933">
     <span class='ocr_line' id='line_1_6' title="bbox 200 780 1377 852; baseline 0.007 -22"><span class='ocrx_word' id='word_1_32' title='bbox 200 780 352 848; x_wconf 69' lang='lat' dir='ltr'><strong>Epiphanius</strong></span> <span class='ocrx_word' id='word_1_33' title='bbox 379 798 428 849; x_wconf 89' lang='lat' dir='ltr'>quo</span> <span class='ocrx_word' id='word_1_34' title='bbox 460 791 592 847; x_wconf 85' lang='lat' dir='ltr'>ternpore,</span> <span class='ocrx_word' id='word_1_35' title='bbox 626 792 652 833; x_wconf 85' lang='lat' dir='ltr'>et</span> <span class='ocrx_word' id='word_1_36' title='bbox 676 783 763 850; x_wconf 83' lang='lat' dir='ltr'>quibus</span> <span class='ocrx_word' id='word_1_37' title='bbox 798 782 971 852; x_wconf 80' lang='lat' dir='ltr'>Evangelistae</span> <span class='ocrx_word' id='word_1_38' title='bbox 996 783 1151 852; x_wconf 84' lang='lat' dir='ltr'>explicantur</span> <span class='ocrx_word' id='word_1_39' title='bbox 1179 784 1377 837; x_wconf 72' lang='grc' dir='ltr'><strong>6166ηοί1116-</strong></span> 
     </span>
     <span class='ocr_line' id='line_1_7' title="bbox 234 865 955 933; baseline 0.004 -19"><span class='ocrx_word' id='word_1_40' title='bbox 234 865 425 932; x_wconf 84' lang='lat' dir='ltr'>imperaton&#39;bus</span> <span class='ocrx_word' id='word_1_41' title='bbox 442 865 570 933; x_wconf 70' lang='lat' dir='ltr'>scripserit</span> <span class='ocrx_word' id='word_1_42' title='bbox 586 870 645 919; x_wconf 92' lang='grc'><strong>404.</strong></span> <span class='ocrx_word' id='word_1_43' title='bbox 833 878 873 918; x_wconf 92' lang='lat' dir='ltr'>tur</span> <span class='ocrx_word' id='word_1_44' title='bbox 897 872 955 918; x_wconf 87' lang='grc'><strong>806.</strong></span> 
     </span>
    </p>

    <p class='ocr_par' dir='ltr' id='par_1_5' title="bbox 200 951 1376 1192">
     <span class='ocr_line' id='line_1_8' title="bbox 200 951 1376 1021; baseline 0.007 -21"><span class='ocrx_word' id='word_1_45' title='bbox 200 951 354 1018; x_wconf 82' lang='lat' dir='ltr'>Epiphanius</span> <span class='ocrx_word' id='word_1_46' title='bbox 371 951 479 1002; x_wconf 89' lang='lat' dir='ltr'>incertus</span> <span class='ocrx_word' id='word_1_47' title='bbox 497 968 528 1002; x_wconf 90' lang='lat' dir='ltr'>sn</span> <span class='ocrx_word' id='word_1_48' title='bbox 548 952 617 1019; x_wconf 78' lang='lat' dir='ltr'>virgo</span> <span class='ocrx_word' id='word_1_49' title='bbox 634 953 712 1005; x_wconf 82' lang='lat' dir='ltr'>Maria</span> <span class='ocrx_word' id='word_1_50' title='bbox 730 954 764 1003; x_wconf 92' lang='lat' dir='ltr'>sit</span> <span class='ocrx_word' id='word_1_51' title='bbox 799 954 1009 1021; x_wconf 77' lang='lat' dir='ltr'>Evangelistarum</span> <span class='ocrx_word' id='word_1_52' title='bbox 1027 954 1171 1005; x_wconf 76' lang='lat' dir='ltr'>conciliatio</span> <span class='ocrx_word' id='word_1_53' title='bbox 1191 954 1261 1007; x_wconf 85' lang='lat' dir='ltr'>circs</span> <span class='ocrx_word' id='word_1_54' title='bbox 1281 972 1376 1008; x_wconf 51' lang='lat' dir='ltr'>nunt*</span> 
     </span>
     <span class='ocr_line' id='line_1_9' title="bbox 234 1037 1376 1106; baseline 0.004 -19"><span class='ocrx_word' id='word_1_55' title='bbox 234 1046 334 1089; x_wconf 85' lang='lat' dir='ltr'>mortua</span> <span class='ocrx_word' id='word_1_56' title='bbox 351 1040 423 1087; x_wconf 89' lang='grc'><strong>1066.</strong></span> <span class='ocrx_word' id='word_1_57' title='bbox 442 1065 475 1077; x_wconf 89' lang='grc'>-</span> <span class='ocrx_word' id='word_1_58' title='bbox 515 1037 610 1089; x_wconf 84' lang='lat' dir='ltr'>Mariae</span> <span class='ocrx_word' id='word_1_59' title='bbox 634 1038 762 1106; x_wconf 76' lang='lat' dir='ltr'>virginitas</span> <span class='ocrx_word' id='word_1_60' title='bbox 830 1056 884 1088; x_wconf 84' lang='lat' dir='ltr'>runs</span> <span class='ocrx_word' id='word_1_61' title='bbox 916 1038 1135 1090; x_wconf 85' lang='lat' dir='ltr'>daemoniacorum</span> <span class='ocrx_word' id='word_1_62' title='bbox 1165 1043 1227 1091; x_wconf 85' lang='grc'><strong>666.</strong></span> <span class='ocrx_word' id='word_1_63' title='bbox 1263 1070 1298 1080; x_wconf 92' lang='grc'>-</span> <span class='ocrx_word' id='word_1_64' title='bbox 1349 1053 1376 1092; x_wconf 91' lang='lat' dir='ltr'>et</span> 
     </span>
     <span class='ocr_line' id='line_1_10' title="bbox 235 1123 1374 1192; baseline 0.005 -21"><span class='ocrx_word' id='word_1_65' title='bbox 235 1125 310 1173; x_wconf 85' lang='grc'><strong>1066.</strong></span> <span class='ocrx_word' id='word_1_66' title='bbox 830 1123 967 1192; x_wconf 75' lang='lat' dir='ltr'>scriptume</span> <span class='ocrx_word' id='word_1_67' title='bbox 984 1123 1126 1192; x_wconf 72' lang='lat' dir='ltr'>proprietas</span> <span class='ocrx_word' id='word_1_68' title='bbox 1144 1126 1294 1192; x_wconf 78' lang='lat' dir='ltr'>explicetur</span> <span class='ocrx_word' id='word_1_69' title='bbox 1314 1130 1374 1179; x_wconf 77' lang='grc'><strong>664.</strong></span> 
     </span>
    </p>

    <p class='ocr_par' dir='ltr' id='par_1_6' title="bbox 199 1207 1374 1371">
     <span class='ocr_line' id='line_1_11' title="bbox 199 1207 1374 1281; baseline 0.004 -23"><span class='ocrx_word' id='word_1_70' title='bbox 199 1207 333 1275; x_wconf 85' lang='lat' dir='ltr'>Epiphanii</span> <span class='ocrx_word' id='word_1_71' title='bbox 342 1207 465 1259; x_wconf 86' lang='lat' dir='ltr'>modestia</span> <span class='ocrx_word' id='word_1_72' title='bbox 476 1207 501 1258; x_wconf 92' lang='lat' dir='ltr'>in</span> <span class='ocrx_word' id='word_1_73' title='bbox 509 1208 665 1276; x_wconf 87' lang='lat' dir='ltr'>suscipienda</span> <span class='ocrx_word' id='word_1_74' title='bbox 674 1209 763 1278; x_wconf 89' lang='lat' dir='ltr'>dispu-</span> <span class='ocrx_word' id='word_1_75' title='bbox 797 1209 958 1276; x_wconf 82' lang='lat' dir='ltr'>Evangeliuns</span> <span class='ocrx_word' id='word_1_76' title='bbox 968 1209 1158 1277; x_wconf 73' lang='lat' dir='ltr'>Aegyptiacum,</span> <span class='ocrx_word' id='word_1_77' title='bbox 1177 1209 1244 1262; x_wconf 89' lang='lat' dir='ltr'>liber</span> <span class='ocrx_word' id='word_1_78' title='bbox 1257 1229 1374 1281; x_wconf 68' lang='lat' dir='ltr'>apocry-</span> 
     </span>
     <span class='ocr_line' id='line_1_12' title="bbox 232 1293 1100 1371; baseline 0.002 -29"><span class='ocrx_word' id='word_1_79' title='bbox 232 1293 329 1344; x_wconf 87' lang='lat' dir='ltr'>tstione</span> <span class='ocrx_word' id='word_1_80' title='bbox 346 1293 464 1344; x_wconf 86' lang='lat' dir='ltr'>adversus</span> <span class='ocrx_word' id='word_1_81' title='bbox 481 1293 596 1344; x_wconf 78' lang='lat' dir='ltr'>haereses</span> <span class='ocrx_word' id='word_1_82' title='bbox 614 1298 637 1344; x_wconf 90' lang='grc'>6,</span> <span class='ocrx_word' id='word_1_83' title='bbox 830 1293 893 1360; x_wconf 88' lang='lat' dir='ltr'>phas</span> <span class='ocrx_word' id='word_1_84' title='bbox 912 1297 970 1344; x_wconf 89' lang='grc'><strong>614.</strong></span> <span class='ocrx_word' id='word_1_85' title='bbox 1095 1361 1100 1371; x_wconf 87' lang='lat'>.</span> 
     </span>
    </p>

    <p class='ocr_par' dir='ltr' id='par_1_7' title="bbox 199 1377 1371 1446">
     <span class='ocr_line' id='line_1_13' title="bbox 199 1377 1371 1446; baseline 0.006 -19"><span class='ocrx_word' id='word_1_86' title='bbox 199 1377 317 1445; x_wconf 76' lang='lat' dir='ltr'>Ephraim</span> <span class='ocrx_word' id='word_1_87' title='bbox 335 1381 411 1446; x_wconf 86' lang='lat' dir='ltr'>Syrus</span> <span class='ocrx_word' id='word_1_88' title='bbox 430 1379 498 1430; x_wconf 89' lang='lat' dir='ltr'>citat.</span> <span class='ocrx_word' id='word_1_89' title='bbox 516 1384 575 1429; x_wconf 92' lang='grc'><strong>444.</strong></span> <span class='ocrx_word' id='word_1_90' title='bbox 595 1378 738 1443; x_wconf 65' lang='lat' dir='ltr'>(addend.)</span> <span class='ocrx_word' id='word_1_91' title='bbox 797 1379 956 1445; x_wconf 79' lang='lat' dir='ltr'>Evangelium</span> <span class='ocrx_word' id='word_1_92' title='bbox 989 1379 1135 1446; x_wconf 81' lang='lat' dir='ltr'>veritatem,</span> <span class='ocrx_word' id='word_1_93' title='bbox 1174 1380 1216 1433; x_wconf 87' lang='lat' dir='ltr'>lex</span> <span class='ocrx_word' id='word_1_94' title='bbox 1255 1382 1371 1434; x_wconf 72' lang='lat' dir='ltr'>umbram</span> 
     </span>
    </p>

    <p class='ocr_par' dir='ltr' id='par_1_8' title="bbox 199 1463 1369 2052">
     <span class='ocr_line' id='line_1_14' title="bbox 199 1463 1000 1532; baseline 0.001 -19"><span class='ocrx_word' id='word_1_95' title='bbox 199 1463 333 1531; x_wconf 84' lang='lat' dir='ltr'>Episcopi,</span> <span class='ocrx_word' id='word_1_96' title='bbox 351 1463 507 1532; x_wconf 84' lang='lat' dir='ltr'>presbyteri,</span> <span class='ocrx_word' id='word_1_97' title='bbox 525 1464 640 1531; x_wconf 82' lang='lat' dir='ltr'>diaconi,</span> <span class='ocrx_word' id='word_1_98' title='bbox 658 1465 762 1515; x_wconf 88' lang='lat' dir='ltr'>subdia·</span> <span class='ocrx_word' id='word_1_99' title='bbox 830 1464 944 1514; x_wconf 80' lang='lat' dir='ltr'>continet</span> <span class='ocrx_word' id='word_1_100' title='bbox 960 1468 1000 1514; x_wconf 87' lang='grc'>19.</span> 
     </span>
     <span class='ocr_line' id='line_1_15' title="bbox 233 1548 1369 1615; baseline 0.004 -16"><span class='ocrx_word' id='word_1_101' title='bbox 233 1549 306 1611; x_wconf 88' lang='lat' dir='ltr'>coni,</span> <span class='ocrx_word' id='word_1_102' title='bbox 332 1549 454 1609; x_wconf 87' lang='lat' dir='ltr'>lectores,</span> <span class='ocrx_word' id='word_1_103' title='bbox 479 1549 647 1612; x_wconf 77' lang='lat' dir='ltr'>diaconissae,</span> <span class='ocrx_word' id='word_1_104' title='bbox 676 1561 702 1601; x_wconf 83' lang='lat' dir='ltr'>et</span> <span class='ocrx_word' id='word_1_105' title='bbox 727 1550 760 1600; x_wconf 88' lang='lat' dir='ltr'>ad</span> <span class='ocrx_word' id='word_1_106' title='bbox 795 1548 925 1615; x_wconf 79' lang='lat' dir='ltr'>Evangelii</span> <span class='ocrx_word' id='word_1_107' title='bbox 947 1548 979 1600; x_wconf 89' lang='lat' dir='ltr'>de</span> <span class='ocrx_word' id='word_1_108' title='bbox 1004 1549 1116 1612; x_wconf 66' lang='lat' dir='ltr'>umine,</span> <span class='ocrx_word' id='word_1_109' title='bbox 1146 1563 1174 1603; x_wconf 88' lang='lat' dir='ltr'>et</span> <span class='ocrx_word' id='word_1_110' title='bbox 1191 1552 1302 1604; x_wconf 86' lang='lat' dir='ltr'>homine</span> <span class='ocrx_word' id='word_1_111' title='bbox 1319 1553 1369 1604; x_wconf 86' lang='lat' dir='ltr'>ini-</span> 
     </span>
     <span class='ocr_line' id='line_1_16' title="bbox 231 1633 1368 1702; baseline 0.007 -20"><span class='ocrx_word' id='word_1_112' title='bbox 231 1633 291 1702; x_wconf 90' lang='lat' dir='ltr'>quid</span> <span class='ocrx_word' id='word_1_113' title='bbox 308 1635 436 1686; x_wconf 89' lang='lat' dir='ltr'>institutae</span> <span class='ocrx_word' id='word_1_114' title='bbox 455 1638 529 1686; x_wconf 88' lang='grc'><strong>1104.</strong></span> <span class='ocrx_word' id='word_1_115' title='bbox 548 1664 575 1673; x_wconf 95' lang='grc'><strong>-</strong></span> <span class='ocrx_word' id='word_1_116' title='bbox 605 1634 688 1702; x_wconf 87' lang='lat' dir='ltr'>quales</span> <span class='ocrx_word' id='word_1_117' title='bbox 707 1652 761 1685; x_wconf 86' lang='lat' dir='ltr'>osse</span> <span class='ocrx_word' id='word_1_118' title='bbox 828 1633 893 1684; x_wconf 88' lang='lat' dir='ltr'>mico</span> <span class='ocrx_word' id='word_1_119' title='bbox 904 1634 1077 1701; x_wconf 79' lang='lat' dir='ltr'>interpretatio</span> <span class='ocrx_word' id='word_1_120' title='bbox 1088 1637 1368 1697; x_wconf 78' lang='lat' dir='ltr'>contrabiauichseun</span> 
     </span>
     <span class='ocr_line' id='line_1_17' title="bbox 231 1712 1366 1791; baseline 0.006 -23"><span class='ocrx_word' id='word_1_121' title='bbox 231 1718 340 1769; x_wconf 85' lang='lat' dir='ltr'>debeant</span> <span class='ocrx_word' id='word_1_122' title='bbox 356 1719 416 1770; x_wconf 90' lang='lat' dir='ltr'>ibid.</span> <span class='ocrx_word' id='word_1_123' title='bbox 436 1712 470 1773; x_wconf 71' lang='grc'>-,-’</span> <span class='ocrx_word' id='word_1_124' title='bbox 495 1719 642 1780; x_wconf 74' lang='lat' dir='ltr'>exorcistae,</span> <span class='ocrx_word' id='word_1_125' title='bbox 660 1719 760 1788; x_wconf 70' lang='lat' dir='ltr'>lingua·</span> <span class='ocrx_word' id='word_1_126' title='bbox 829 1722 885 1768; x_wconf 90' lang='grc'><strong>679.</strong></span> <span class='ocrx_word' id='word_1_127' title='bbox 897 1747 928 1758; x_wconf 83' lang='lat'>-</span> <span class='ocrx_word' id='word_1_128' title='bbox 945 1719 1006 1769; x_wconf 87' lang='lat' dir='ltr'>item</span> <span class='ocrx_word' id='word_1_129' title='bbox 1022 1719 1075 1788; x_wconf 89' lang='lat' dir='ltr'>quis</span> <span class='ocrx_word' id='word_1_130' title='bbox 1090 1720 1123 1770; x_wconf 90' lang='lat' dir='ltr'>sit</span> <span class='ocrx_word' id='word_1_131' title='bbox 1137 1721 1263 1791; x_wconf 90' lang='lat' dir='ltr'>princeps</span> <span class='ocrx_word' id='word_1_132' title='bbox 1282 1723 1366 1775; x_wconf 78' lang='lat' dir='ltr'>nandi</span> 
     </span>
     <span class='ocr_line' id='line_1_18' title="bbox 231 1804 1235 1873; baseline 0.002 -18"><span class='ocrx_word' id='word_1_133' title='bbox 231 1822 285 1856; x_wconf 87' lang='lat' dir='ltr'>runs</span> <span class='ocrx_word' id='word_1_134' title='bbox 309 1804 461 1872; x_wconf 83' lang='lat' dir='ltr'>interpretes</span> <span class='ocrx_word' id='word_1_135' title='bbox 487 1805 548 1855; x_wconf 85' lang='lat' dir='ltr'>ibid.</span> <span class='ocrx_word' id='word_1_136' title='bbox 576 1833 607 1844; x_wconf 92' lang='lat'><em>-</em></span> <span class='ocrx_word' id='word_1_137' title='bbox 641 1805 758 1856; x_wconf 83' lang='lat' dir='ltr'>laboran-</span> <span class='ocrx_word' id='word_1_138' title='bbox 830 1807 887 1853; x_wconf 87' lang='grc'><strong>680.</strong></span> <span class='ocrx_word' id='word_1_139' title='bbox 907 1816 933 1854; x_wconf 92' lang='lat' dir='ltr'>et</span> <span class='ocrx_word' id='word_1_140' title='bbox 951 1808 1007 1854; x_wconf 87' lang='grc'><strong>661.</strong></span> <span class='ocrx_word' id='word_1_141' title='bbox 1026 1806 1155 1873; x_wconf 87' lang='lat' dir='ltr'>usquead</span> <span class='ocrx_word' id='word_1_142' title='bbox 1173 1810 1235 1863; x_wconf 88' lang='grc'><strong>666,</strong></span> 
     </span>
     <span class='ocr_line' id='line_1_19' title="bbox 230 1889 1363 1958; baseline 0.003 -19"><span class='ocrx_word' id='word_1_143' title='bbox 230 1900 268 1940; x_wconf 91' lang='lat' dir='ltr'>tes</span> <span class='ocrx_word' id='word_1_144' title='bbox 286 1890 327 1958; x_wconf 92' lang='lat' dir='ltr'>qui</span> <span class='ocrx_word' id='word_1_145' title='bbox 345 1891 438 1942; x_wconf 89' lang='lat' dir='ltr'>sintin</span> <span class='ocrx_word' id='word_1_146' title='bbox 455 1891 560 1943; x_wconf 84' lang='lat' dir='ltr'>ecclesia</span> <span class='ocrx_word' id='word_1_147' title='bbox 576 1889 637 1941; x_wconf 84' lang='lat' dir='ltr'>ibid.</span> <span class='ocrx_word' id='word_1_148' title='bbox 659 1920 689 1930; x_wconf 93' lang='lat'>-</span> <span class='ocrx_word' id='word_1_149' title='bbox 719 1890 757 1942; x_wconf 88' lang='lat' dir='ltr'>ia·</span> <span class='ocrx_word' id='word_1_150' title='bbox 795 1890 919 1956; x_wconf 75' lang='lat' dir='ltr'>Evangelii</span> <span class='ocrx_word' id='word_1_151' title='bbox 938 1901 1067 1957; x_wconf 86' lang='lat' dir='ltr'>corruptus</span> <span class='ocrx_word' id='word_1_152' title='bbox 1087 1890 1158 1942; x_wconf 86' lang='lat' dir='ltr'>locus</span> <span class='ocrx_word' id='word_1_153' title='bbox 1176 1894 1313 1945; x_wconf 85' lang='lat' dir='ltr'>restitutus</span> <span class='ocrx_word' id='word_1_154' title='bbox 1326 1899 1363 1945; x_wconf 80' lang='lat'>21.</span> 
     </span>
     <span class='ocr_line' id='line_1_20' title="bbox 230 1975 1361 2052; baseline 0.004 -25"><span class='ocrx_word' id='word_1_155' title='bbox 230 1976 324 2027; x_wconf 90' lang='lat' dir='ltr'>nitores</span> <span class='ocrx_word' id='word_1_156' title='bbox 342 1975 401 2027; x_wconf 83' lang='lat' dir='ltr'>ibid</span> <span class='ocrx_word' id='word_1_157' title='bbox 796 1976 967 2025; x_wconf 86' lang='lat' dir='ltr'>Eunucborum</span> <span class='ocrx_word' id='word_1_158' title='bbox 984 1987 1034 2027; x_wconf 89' lang='lat' dir='ltr'>tres</span> <span class='ocrx_word' id='word_1_159' title='bbox 1053 1975 1166 2038; x_wconf 84' lang='lat' dir='ltr'>ordines,</span> <span class='ocrx_word' id='word_1_160' title='bbox 1185 1978 1299 2046; x_wconf 84' lang='lat' dir='ltr'>primurn</span> <span class='ocrx_word' id='word_1_161' title='bbox 1315 1997 1361 2052; x_wconf 74' lang='lat' dir='ltr'>ge·</span> 
     </span>
    </p>

    <p class='ocr_par' dir='ltr' id='par_1_9' title="bbox 195 2061 1360 2202">
     <span class='ocr_line' id='line_1_21' title="bbox 195 2061 1360 2131; baseline 0.003 -18"><span class='ocrx_word' id='word_1_162' title='bbox 195 2061 347 2130; x_wconf 79' lang='lat' dir='ltr'>Episcopum</span> <span class='ocrx_word' id='word_1_163' title='bbox 364 2079 418 2113; x_wconf 89' lang='lat' dir='ltr'>esse</span> <span class='ocrx_word' id='word_1_164' title='bbox 440 2065 587 2131; x_wconf 75' lang='lat' dir='ltr'>presbytero</span> <span class='ocrx_word' id='word_1_165' title='bbox 606 2061 757 2129; x_wconf 90' lang='lat' dir='ltr'>superiorem</span> <span class='ocrx_word' id='word_1_166' title='bbox 827 2077 872 2110; x_wconf 89' lang='lat' dir='ltr'>nus</span> <span class='ocrx_word' id='word_1_167' title='bbox 884 2063 942 2110; x_wconf 88' lang='grc'><strong>491.</strong></span> <span class='ocrx_word' id='word_1_168' title='bbox 964 2089 993 2100; x_wconf 88' lang='lat'>-</span> <span class='ocrx_word' id='word_1_169' title='bbox 1019 2061 1159 2112; x_wconf 86' lang='lat' dir='ltr'>secundum</span> <span class='ocrx_word' id='word_1_170' title='bbox 1177 2063 1242 2116; x_wconf 90' lang='lat' dir='ltr'>ibid.</span> <span class='ocrx_word' id='word_1_171' title='bbox 1262 2093 1297 2105; x_wconf 89' lang='lat'><em>-</em></span> <span class='ocrx_word' id='word_1_172' title='bbox 1312 2076 1360 2116; x_wconf 66' lang='lat' dir='ltr'>ten</span> 
     </span>
     <span class='ocr_line' id='line_1_22' title="bbox 230 2144 1357 2202; baseline 0.005 -6"><span class='ocrx_word' id='word_1_173' title='bbox 230 2150 289 2199; x_wconf 87' lang='grc'><strong>608.</strong></span> <span class='ocrx_word' id='word_1_174' title='bbox 826 2144 887 2194; x_wconf 87' lang='lat' dir='ltr'>tium</span> <span class='ocrx_word' id='word_1_175' title='bbox 904 2146 965 2197; x_wconf 86' lang='lat' dir='ltr'>ibid.</span> <span class='ocrx_word' id='word_1_176' title='bbox 983 2173 1016 2184; x_wconf 98' lang='lat'>—</span> <span class='ocrx_word' id='word_1_177' title='bbox 1052 2147 1118 2197; x_wconf 87' lang='lat' dir='ltr'>uude</span> <span class='ocrx_word' id='word_1_178' title='bbox 1137 2149 1252 2200; x_wconf 84' lang='lat' dir='ltr'>eunachi</span> <span class='ocrx_word' id='word_1_179' title='bbox 1275 2150 1357 2202; x_wconf 61' lang='lat' dir='ltr'>deso</span> 
     </span>
    </p>

    <p class='ocr_par' dir='ltr' id='par_1_10' title="bbox 195 2231 1347 2371">
     <span class='ocr_line' id='line_1_23' title="bbox 195 2231 946 2301; baseline -0.004 -17"><span class='ocrx_word' id='word_1_180' title='bbox 195 2233 333 2301; x_wconf 84' lang='lat' dir='ltr'>Episcopus</span> <span class='ocrx_word' id='word_1_181' title='bbox 347 2232 401 2284; x_wconf 88' lang='lat' dir='ltr'>sine</span> <span class='ocrx_word' id='word_1_182' title='bbox 416 2231 523 2284; x_wconf 89' lang='lat' dir='ltr'>diacono</span> <span class='ocrx_word' id='word_1_183' title='bbox 539 2249 593 2284; x_wconf 83' lang='lat' dir='ltr'>esse</span> <span class='ocrx_word' id='word_1_184' title='bbox 608 2249 658 2284; x_wconf 90' lang='lat' dir='ltr'>non</span> <span class='ocrx_word' id='word_1_185' title='bbox 673 2242 757 2301; x_wconf 88' lang='lat' dir='ltr'>potest</span> <span class='ocrx_word' id='word_1_186' title='bbox 825 2241 866 2281; x_wconf 90' lang='lat' dir='ltr'>tur</span> <span class='ocrx_word' id='word_1_187' title='bbox 884 2231 946 2281; x_wconf 87' lang='lat' dir='ltr'>ibid</span> 
     </span>
     <span class='ocr_line' id='line_1_24' title="bbox 228 2309 1347 2371; baseline 0.001 -3"><span class='ocrx_word' id='word_1_188' title='bbox 228 2319 289 2369; x_wconf 89' lang='lat' dir='ltr'>ibid.</span> <span class='ocrx_word' id='word_1_189' title='bbox 794 2316 910 2367; x_wconf 80' lang='lat' dir='ltr'>Eusebius</span> <span class='ocrx_word' id='word_1_190' title='bbox 934 2309 1099 2368; x_wconf 76' lang='lat' dir='ltr'>vercellensis</span> <span class='ocrx_word' id='word_1_191' title='bbox 1125 2319 1186 2369; x_wconf 86' lang='lat' dir='ltr'>exul</span> <span class='ocrx_word' id='word_1_192' title='bbox 1221 2320 1256 2371; x_wconf 90' lang='lat' dir='ltr'>ob</span> <span class='ocrx_word' id='word_1_193' title='bbox 1287 2319 1347 2370; x_wconf 82' lang='lat' dir='ltr'>idest</span> 
     </span>
    </p>

    <p class='ocr_par' dir='ltr' id='par_1_11' title="bbox 194 2395 1356 2899">
     <span class='ocr_line' id='line_1_25' title="bbox 194 2395 882 2473; baseline -0.009 -17"><span class='ocrx_word' id='word_1_194' title='bbox 194 2404 314 2473; x_wconf 79' lang='lat' dir='ltr'>Episcopi</span> <span class='ocrx_word' id='word_1_195' title='bbox 340 2402 562 2471; x_wconf 78' lang='lat' dir='ltr'>Hierosolymitani</span> <span class='ocrx_word' id='word_1_196' title='bbox 579 2395 633 2471; x_wconf 74' lang='lat' dir='ltr'>‘qui</span> <span class='ocrx_word' id='word_1_197' title='bbox 665 2402 756 2454; x_wconf 78' lang='lat' dir='ltr'>incubo</span> <span class='ocrx_word' id='word_1_198' title='bbox 825 2404 882 2451; x_wconf 83' lang='grc'><strong>169.</strong></span> 
     </span>
     <span class='ocr_line' id='line_1_26' title="bbox 227 2486 1345 2558; baseline -0.003 -17"><span class='ocrx_word' id='word_1_199' title='bbox 227 2490 310 2558; x_wconf 85' lang='lat' dir='ltr'>primo</span> <span class='ocrx_word' id='word_1_200' title='bbox 336 2489 457 2556; x_wconf 88' lang='lat' dir='ltr'>episcopo</span> <span class='ocrx_word' id='word_1_201' title='bbox 482 2487 553 2538; x_wconf 77' lang='lat' dir='ltr'>fratri</span> <span class='ocrx_word' id='word_1_202' title='bbox 581 2487 676 2539; x_wconf 85' lang='lat' dir='ltr'>domiui</span> <span class='ocrx_word' id='word_1_203' title='bbox 704 2487 755 2538; x_wconf 81' lang='lat' dir='ltr'>filio</span> <span class='ocrx_word' id='word_1_204' title='bbox 790 2487 909 2536; x_wconf 86' lang='lat' dir='ltr'>Eusebius</span> <span class='ocrx_word' id='word_1_205' title='bbox 926 2486 1345 2555; x_wconf 79' lang='lat' dir='ltr'>episcopusNicomediensistris-</span> 
     </span>
     <span class='ocr_line' id='line_1_27' title="bbox 228 2571 1351 2642; baseline 0 -16"><span class='ocrx_word' id='word_1_206' title='bbox 228 2575 328 2642; x_wconf 88' lang='lat' dir='ltr'>losephi</span> <span class='ocrx_word' id='word_1_207' title='bbox 345 2584 516 2624; x_wconf 87' lang='lat' dir='ltr'>successerunt</span> <span class='ocrx_word' id='word_1_208' title='bbox 533 2576 591 2624; x_wconf 88' lang='grc'><strong>666.</strong></span> <span class='ocrx_word' id='word_1_209' title='bbox 611 2603 643 2613; x_wconf 89' lang='grc'><strong>-</strong></span> <span class='ocrx_word' id='word_1_210' title='bbox 670 2589 755 2623; x_wconf 88' lang='lat' dir='ltr'>eorum</span> <span class='ocrx_word' id='word_1_211' title='bbox 823 2589 910 2622; x_wconf 82' lang='lat' dir='ltr'>norum</span> <span class='ocrx_word' id='word_1_212' title='bbox 929 2571 1033 2639; x_wconf 78' lang='lat' dir='ltr'>signifer</span> <span class='ocrx_word' id='word_1_213' title='bbox 1052 2575 1110 2623; x_wconf 86' lang='grc'><strong>767.</strong></span> <span class='ocrx_word' id='word_1_214' title='bbox 1131 2603 1164 2614; x_wconf 94' lang='lat'><em>-</em></span> <span class='ocrx_word' id='word_1_215' title='bbox 1192 2575 1217 2626; x_wconf 88' lang='lat' dir='ltr'>is</span> <span class='ocrx_word' id='word_1_216' title='bbox 1237 2575 1351 2627; x_wconf 84' lang='lat' dir='ltr'>Cunstsn·</span> 
     </span>
     <span class='ocr_line' id='line_1_28' title="bbox 227 2657 1355 2727; baseline 0.001 -16"><span class='ocrx_word' id='word_1_217' title='bbox 227 2679 343 2712; x_wconf 88' lang='lat' dir='ltr'>numerus</span> <span class='ocrx_word' id='word_1_218' title='bbox 367 2677 444 2727; x_wconf 84' lang='lat' dir='ltr'>usque</span> <span class='ocrx_word' id='word_1_219' title='bbox 470 2658 504 2709; x_wconf 88' lang='lat' dir='ltr'>ad</span> <span class='ocrx_word' id='word_1_220' title='bbox 529 2659 632 2726; x_wconf 80' lang='lat' dir='ltr'>triginta</span> <span class='ocrx_word' id='word_1_221' title='bbox 658 2669 754 2726; x_wconf 88' lang='lat' dir='ltr'>septem</span> <span class='ocrx_word' id='word_1_222' title='bbox 822 2658 884 2707; x_wconf 88' lang='lat' dir='ltr'>tium</span> <span class='ocrx_word' id='word_1_223' title='bbox 900 2657 1077 2724; x_wconf 80' lang='lat' dir='ltr'>imperatorem</span> <span class='ocrx_word' id='word_1_224' title='bbox 1095 2676 1171 2711; x_wconf 78' lang='lat' dir='ltr'>sacro</span> <span class='ocrx_word' id='word_1_225' title='bbox 1189 2660 1295 2714; x_wconf 76' lang='lat' dir='ltr'>larsem</span> <span class='ocrx_word' id='word_1_226' title='bbox 1309 2663 1355 2712; x_wconf 80' lang='lat' dir='ltr'>in·</span> 
     </span>
     <span class='ocr_line' id='line_1_29' title="bbox 227 2742 985 2813; baseline -0.009 -16"><span class='ocrx_word' id='word_1_227' title='bbox 227 2745 373 2806; x_wconf 86' lang='lat' dir='ltr'>distinctus,</span> <span class='ocrx_word' id='word_1_228' title='bbox 391 2745 527 2795; x_wconf 88' lang='lat' dir='ltr'>secundnm</span> <span class='ocrx_word' id='word_1_229' title='bbox 541 2756 654 2812; x_wconf 80' lang='lat' dir='ltr'>tempora</span> <span class='ocrx_word' id='word_1_230' title='bbox 671 2744 754 2813; x_wconf 87' lang='lat' dir='ltr'>impe-</span> <span class='ocrx_word' id='word_1_231' title='bbox 822 2742 908 2793; x_wconf 85' lang='lat' dir='ltr'>buerat</span> <span class='ocrx_word' id='word_1_232' title='bbox 925 2742 985 2792; x_wconf 89' lang='lat' dir='ltr'>ibid.</span> 
     </span>
     <span class='ocr_line' id='line_1_30' title="bbox 226 2829 1356 2899; baseline 0.001 -16"><span class='ocrx_word' id='word_1_233' title='bbox 226 2844 337 2884; x_wconf 89' lang='lat' dir='ltr'>rstoram</span> <span class='ocrx_word' id='word_1_234' title='bbox 354 2831 415 2881; x_wconf 83' lang='lat' dir='ltr'>ibid.</span> <span class='ocrx_word' id='word_1_235' title='bbox 434 2841 460 2880; x_wconf 87' lang='lat' dir='ltr'>et</span> <span class='ocrx_word' id='word_1_236' title='bbox 479 2834 537 2880; x_wconf 89' lang='grc'><strong>667.</strong></span> <span class='ocrx_word' id='word_1_237' title='bbox 790 2829 905 2878; x_wconf 83' lang='lat' dir='ltr'>Eutsctns</span> <span class='ocrx_word' id='word_1_238' title='bbox 929 2829 1036 2880; x_wconf 84' lang='lat' dir='ltr'>haeresis</span> <span class='ocrx_word' id='word_1_239' title='bbox 1056 2829 1273 2884; x_wconf 78' lang='lat' dir='ltr'>Archonticorusn</span> <span class='ocrx_word' id='word_1_240' title='bbox 1296 2848 1356 2899; x_wconf 89' lang='lat' dir='ltr'>pro-</span> 
     </span>
    </p>

    <p class='ocr_par' dir='ltr' id='par_1_12' title="bbox 192 2915 1378 3328">
     <span class='ocr_line' id='line_1_31' title="bbox 192 2915 1354 2987; baseline -0.003 -17"><span class='ocrx_word' id='word_1_241' title='bbox 192 2918 305 2987; x_wconf 87' lang='lat' dir='ltr'>Epistola</span> <span class='ocrx_word' id='word_1_242' title='bbox 324 2916 510 2985; x_wconf 88' lang='lat' dir='ltr'>pseudosynodi</span> <span class='ocrx_word' id='word_1_243' title='bbox 535 2923 680 2983; x_wconf 77' lang='lat' dir='ltr'>Ancyranae</span> <span class='ocrx_word' id='word_1_244' title='bbox 695 2920 751 2965; x_wconf 86' lang='grc'><strong>846.</strong></span> <span class='ocrx_word' id='word_1_245' title='bbox 820 2918 1051 2981; x_wconf 64' lang='grc'><strong>[6686161661.-</strong></span> <span class='ocrx_word' id='word_1_246' title='bbox 1086 2915 1141 2966; x_wconf 87' lang='lat' dir='ltr'>eius</span> <span class='ocrx_word' id='word_1_247' title='bbox 1165 2915 1275 2968; x_wconf 81' lang='lat' dir='ltr'>historie</span> <span class='ocrx_word' id='word_1_248' title='bbox 1298 2915 1354 2968; x_wconf 86' lang='lat' dir='ltr'>ibid</span> 
     </span>
     <span class='ocr_line' id='line_1_32' title="bbox 226 3001 923 3071; baseline -0.003 -18"><span class='ocrx_word' id='word_1_249' title='bbox 226 3033 256 3043; x_wconf 98' lang='lat'>-</span> <span class='ocrx_word' id='word_1_250' title='bbox 284 3003 308 3053; x_wconf 92' lang='lat' dir='ltr'>in</span> <span class='ocrx_word' id='word_1_251' title='bbox 335 3019 383 3071; x_wconf 88' lang='lat' dir='ltr'>qua</span> <span class='ocrx_word' id='word_1_252' title='bbox 406 3001 439 3051; x_wconf 92' lang='lat' dir='ltr'>de</span> <span class='ocrx_word' id='word_1_253' title='bbox 461 3011 532 3070; x_wconf 84' lang='lat' dir='ltr'>patre</span> <span class='ocrx_word' id='word_1_254' title='bbox 549 3001 651 3070; x_wconf 87' lang='lat' dir='ltr'>filioque</span> <span class='ocrx_word' id='word_1_255' title='bbox 666 3002 752 3070; x_wconf 77' lang='lat' dir='ltr'>genito</span> <span class='ocrx_word' id='word_1_256' title='bbox 821 3009 847 3048; x_wconf 88' lang='lat' dir='ltr'>et</span> <span class='ocrx_word' id='word_1_257' title='bbox 865 3002 923 3051; x_wconf 83' lang='grc'><strong>696.</strong></span> 
     </span>
     <span class='ocr_line' id='line_1_33' title="bbox 224 3084 1356 3156; baseline -0.001 -17"><span class='ocrx_word' id='word_1_258' title='bbox 224 3088 381 3156; x_wconf 86' lang='lat' dir='ltr'>disputatur,</span> <span class='ocrx_word' id='word_1_259' title='bbox 414 3097 440 3136; x_wconf 91' lang='lat' dir='ltr'>et</span> <span class='ocrx_word' id='word_1_260' title='bbox 463 3085 495 3136; x_wconf 91' lang='lat' dir='ltr'>de</span> <span class='ocrx_word' id='word_1_261' title='bbox 520 3085 621 3137; x_wconf 85' lang='lat' dir='ltr'>nornine</span> <span class='ocrx_word' id='word_1_262' title='bbox 647 3088 753 3138; x_wconf 84' lang='lat' dir='ltr'>filiorum</span> <span class='ocrx_word' id='word_1_263' title='bbox 788 3084 929 3135; x_wconf 74' lang='lat' dir='ltr'>Eustnthlus</span> <span class='ocrx_word' id='word_1_264' title='bbox 963 3085 1114 3136; x_wconf 74' lang='lat' dir='ltr'>sebastenus</span> <span class='ocrx_word' id='word_1_265' title='bbox 1147 3103 1194 3137; x_wconf 88' lang='lat' dir='ltr'>seu</span> <span class='ocrx_word' id='word_1_266' title='bbox 1228 3087 1356 3139; x_wconf 74' lang='lat' dir='ltr'>asturias</span> 
     </span>
     <span class='ocr_line' id='line_1_34' title="bbox 224 3170 1378 3240; baseline 0 -15"><span class='ocrx_word' id='word_1_267' title='bbox 224 3178 282 3225; x_wconf 89' lang='grc'><strong>649.</strong></span> <span class='ocrx_word' id='word_1_268' title='bbox 296 3177 345 3224; x_wconf 87' lang='grc'>660</span> <span class='ocrx_word' id='word_1_269' title='bbox 369 3176 427 3222; x_wconf 89' lang='grc'><strong>661.</strong></span> <span class='ocrx_word' id='word_1_270' title='bbox 450 3199 478 3210; x_wconf 92' lang='grc'>-</span> <span class='ocrx_word' id='word_1_271' title='bbox 513 3171 623 3222; x_wconf 83' lang='lat' dir='ltr'>eiusdem</span> <span class='ocrx_word' id='word_1_272' title='bbox 641 3173 750 3240; x_wconf 67' lang='lat' dir='ltr'>pundo-</span> <span class='ocrx_word' id='word_1_273' title='bbox 820 3170 968 3238; x_wconf 81' lang='lat' dir='ltr'>episcopus,</span> <span class='ocrx_word' id='word_1_274' title='bbox 1001 3170 1043 3238; x_wconf 90' lang='lat' dir='ltr'>qui</span> <span class='ocrx_word' id='word_1_275' title='bbox 1068 3172 1145 3224; x_wconf 80' lang='lat' dir='ltr'>etiam</span> <span class='ocrx_word' id='word_1_276' title='bbox 1171 3174 1281 3224; x_wconf 79' lang='lat' dir='ltr'>Ariauus</span> <span class='ocrx_word' id='word_1_277' title='bbox 1308 3173 1378 3227; x_wconf 81' lang='lat' dir='ltr'>ruit.</span> 
     </span>
     <span class='ocr_line' id='line_1_35' title="bbox 223 3256 876 3328; baseline -0.011 -18"><span class='ocrx_word' id='word_1_278' title='bbox 223 3259 313 3328; x_wconf 83' lang='lat' dir='ltr'>synodi</span> <span class='ocrx_word' id='word_1_279' title='bbox 330 3256 528 3308; x_wconf 78' lang='lat' dir='ltr'>anathematismi</span> <span class='ocrx_word' id='word_1_280' title='bbox 546 3260 603 3307; x_wconf 85' lang='grc'><strong>666.</strong></span> <span class='ocrx_word' id='word_1_281' title='bbox 821 3256 876 3305; x_wconf 87' lang='grc'><strong>906.</strong></span> 
     </span>
    </p>

    <p class='ocr_par' dir='ltr' id='par_1_13' title="bbox 190 3340 1356 3497">
     <span class='ocr_line' id='line_1_36' title="bbox 190 3340 1356 3412; baseline -0.003 -14"><span class='ocrx_word' id='word_1_282' title='bbox 190 3345 302 3412; x_wconf 77' lang='lat' dir='ltr'>Epistola</span> <span class='ocrx_word' id='word_1_283' title='bbox 324 3343 357 3395; x_wconf 87' lang='lat' dir='ltr'>ad</span> <span class='ocrx_word' id='word_1_284' title='bbox 376 3343 530 3394; x_wconf 82' lang='lat' dir='ltr'>Laodicenos</span> <span class='ocrx_word' id='word_1_285' title='bbox 549 3354 587 3393; x_wconf 88' lang='lat' dir='ltr'>est</span> <span class='ocrx_word' id='word_1_286' title='bbox 607 3342 751 3411; x_wconf 84' lang='lat' dir='ltr'>apocrypha</span> <span class='ocrx_word' id='word_1_287' title='bbox 788 3340 924 3391; x_wconf 75' lang='lat' dir='ltr'>Ezechielis</span> <span class='ocrx_word' id='word_1_288' title='bbox 949 3340 1013 3393; x_wconf 87' lang='lat' dir='ltr'>liber</span> <span class='ocrx_word' id='word_1_289' title='bbox 1038 3342 1219 3412; x_wconf 77' lang='lat' dir='ltr'>apocryphus.</span> <span class='ocrx_word' id='word_1_290' title='bbox 1243 3355 1271 3395; x_wconf 85' lang='lat' dir='ltr'>et</span> <span class='ocrx_word' id='word_1_291' title='bbox 1297 3343 1356 3397; x_wconf 84' lang='lat' dir='ltr'>inde</span> 
     </span>
     <span class='ocr_line' id='line_1_37' title="bbox 224 3427 1286 3497; baseline 0.001 -16"><span class='ocrx_word' id='word_1_292' title='bbox 224 3434 282 3482; x_wconf 92' lang='grc'><strong>676.</strong></span> <span class='ocrx_word' id='word_1_293' title='bbox 819 3437 937 3495; x_wconf 78' lang='lat' dir='ltr'>excerpta</span> <span class='ocrx_word' id='word_1_294' title='bbox 955 3445 979 3478; x_wconf 83' lang='lat' dir='ltr'>v·</span> <span class='ocrx_word' id='word_1_295' title='bbox 996 3427 1120 3480; x_wconf 74' lang='lat' dir='ltr'>Addends</span> <span class='ocrx_word' id='word_1_296' title='bbox 1134 3428 1167 3480; x_wconf 87' lang='lat' dir='ltr'>ad</span> <span class='ocrx_word' id='word_1_297' title='bbox 1182 3446 1209 3497; x_wconf 87' lang='lat' dir='ltr'>p.</span> <span class='ocrx_word' id='word_1_298' title='bbox 1225 3431 1286 3482; x_wconf 87' lang='grc'><strong>601.</strong></span> 
     </span>
    </p>

    <p class='ocr_par' dir='ltr' id='par_1_14' title="bbox 189 3513 1079 3669">
     <span class='ocr_line' id='line_1_38' title="bbox 189 3513 751 3584; baseline -0.005 -17"><span class='ocrx_word' id='word_1_299' title='bbox 189 3517 272 3584; x_wconf 85' lang='lat' dir='ltr'>Equus</span> <span class='ocrx_word' id='word_1_300' title='bbox 290 3515 412 3567; x_wconf 85' lang='lat' dir='ltr'>Troianus</span> <span class='ocrx_word' id='word_1_301' title='bbox 430 3513 490 3582; x_wconf 87' lang='lat' dir='ltr'>qnid</span> <span class='ocrx_word' id='word_1_302' title='bbox 508 3530 538 3563; x_wconf 83' lang='lat' dir='ltr'>ex</span> <span class='ocrx_word' id='word_1_303' title='bbox 558 3513 665 3566; x_wconf 85' lang='lat' dir='ltr'>Simonis</span> <span class='ocrx_word' id='word_1_304' title='bbox 683 3515 751 3582; x_wconf 84' lang='lat' dir='ltr'>Magi</span> 
     </span>
     <span class='ocr_line' id='line_1_39' title="bbox 221 3582 1079 3669; baseline -0.012 -16"><span class='ocrx_word' id='word_1_305' title='bbox 221 3618 294 3653; x_wconf 86' lang='lat' dir='ltr'>sensu</span> <span class='ocrx_word' id='word_1_306' title='bbox 312 3600 486 3669; x_wconf 82' lang='lat' dir='ltr'>significaverit</span> <span class='ocrx_word' id='word_1_307' title='bbox 505 3603 546 3650; x_wconf 83' lang='grc'>67.</span> <span class='ocrx_word' id='word_1_308' title='bbox 1051 3582 1079 3633; x_wconf 77' lang='lat' dir='ltr'>F·</span> 
     </span>
    </p>

    <p class='ocr_par' dir='ltr' id='par_1_15' title="bbox 187 3682 1355 3823">
     <span class='ocr_line' id='line_1_40' title="bbox 187 3682 1355 3758; baseline 0.002 -20"><span class='ocrx_word' id='word_1_309' title='bbox 187 3686 279 3739; x_wconf 82' lang='lat' dir='ltr'>Esdras</span> <span class='ocrx_word' id='word_1_310' title='bbox 297 3686 430 3737; x_wconf 75' lang='lat' dir='ltr'>samaritas</span> <span class='ocrx_word' id='word_1_311' title='bbox 455 3685 479 3735; x_wconf 90' lang='lat' dir='ltr'>in</span> <span class='ocrx_word' id='word_1_312' title='bbox 504 3684 749 3752; x_wconf 65' lang='grc' dir='ltr'><strong>113661616ἰωί6-</strong></span> <span class='ocrx_word' id='word_1_313' title='bbox 785 3682 853 3734; x_wconf 82' lang='lat' dir='ltr'>Fasti</span> <span class='ocrx_word' id='word_1_314' title='bbox 871 3682 1017 3735; x_wconf 81' lang='lat' dir='ltr'>Consulares</span> <span class='ocrx_word' id='word_1_315' title='bbox 1035 3682 1106 3736; x_wconf 81' lang='lat' dir='ltr'>citati</span> <span class='ocrx_word' id='word_1_316' title='bbox 1122 3688 1182 3736; x_wconf 87' lang='grc'><strong>444.</strong></span> <span class='ocrx_word' id='word_1_317' title='bbox 1207 3686 1355 3758; x_wconf 68' lang='lat' dir='ltr'>(uddone)</span> 
     </span>
     <span class='ocr_line' id='line_1_41' title="bbox 221 3772 876 3823; baseline -0.006 -1"><span class='ocrx_word' id='word_1_318' title='bbox 221 3772 304 3823; x_wconf 81' lang='lat' dir='ltr'>stituit</span> <span class='ocrx_word' id='word_1_319' title='bbox 322 3777 362 3823; x_wconf 77' lang='lat'>2³.</span> <span class='ocrx_word' id='word_1_320' title='bbox 817 3772 876 3819; x_wconf 84' lang='grc'><strong>446.</strong></span> 
     </span>
    </p>

    <p class='ocr_par' dir='ltr' id='par_1_16' title="bbox 187 3854 1355 3994">
     <span class='ocr_line' id='line_1_42' title="bbox 187 3854 1355 3928; baseline 0.003 -20"><span class='ocrx_word' id='word_1_321' title='bbox 187 3857 338 3909; x_wconf 84' lang='lat' dir='ltr'>Essenorum</span> <span class='ocrx_word' id='word_1_322' title='bbox 348 3858 456 3908; x_wconf 83' lang='lat' dir='ltr'>haeresis</span> <span class='ocrx_word' id='word_1_323' title='bbox 474 3874 537 3925; x_wconf 89' lang='lat' dir='ltr'>quae</span> <span class='ocrx_word' id='word_1_324' title='bbox 554 3866 593 3907; x_wconf 86' lang='lat' dir='ltr'>est</span> <span class='ocrx_word' id='word_1_325' title='bbox 610 3856 689 3926; x_wconf 86' lang='lat' dir='ltr'>prima</span> <span class='ocrx_word' id='word_1_326' title='bbox 701 3860 748 3909; x_wconf 82' lang='lat' dir='ltr'>Sa·</span> <span class='ocrx_word' id='word_1_327' title='bbox 783 3856 873 3907; x_wconf 82' lang='lat' dir='ltr'>Fatuus</span> <span class='ocrx_word' id='word_1_328' title='bbox 889 3873 921 3907; x_wconf 85' lang='lat' dir='ltr'>an</span> <span class='ocrx_word' id='word_1_329' title='bbox 937 3854 987 3915; x_wconf 87' lang='lat' dir='ltr'>sit,</span> <span class='ocrx_word' id='word_1_330' title='bbox 1005 3865 1030 3906; x_wconf 88' lang='lat' dir='ltr'>et</span> <span class='ocrx_word' id='word_1_331' title='bbox 1049 3867 1137 3907; x_wconf 83' lang='lat' dir='ltr'>contra</span> <span class='ocrx_word' id='word_1_332' title='bbox 1159 3856 1242 3908; x_wconf 76' lang='lat' dir='ltr'>istam</span> <span class='ocrx_word' id='word_1_333' title='bbox 1262 3858 1355 3928; x_wconf 86' lang='lat' dir='ltr'>dispu-</span> 
     </span>
     <span class='ocr_line' id='line_1_43' title="bbox 221 3942 939 3994; baseline -0.001 -1"><span class='ocrx_word' id='word_1_334' title='bbox 221 3944 398 3994; x_wconf 85' lang='lat' dir='ltr'>maritanorum</span> <span class='ocrx_word' id='word_1_335' title='bbox 417 3947 457 3994; x_wconf 83' lang='grc'>66.</span> <span class='ocrx_word' id='word_1_336' title='bbox 816 3942 879 3993; x_wconf 87' lang='lat' dir='ltr'>tatio</span> <span class='ocrx_word' id='word_1_337' title='bbox 899 3945 939 3992; x_wconf 86' lang='grc'>66.</span> 
     </span>
    </p>

    <p class='ocr_par' dir='ltr' id='par_1_17' title="bbox 186 4026 1357 4182">
     <span class='ocr_line' id='line_1_44' title="bbox 186 4026 1355 4098; baseline 0.001 -18"><span class='ocrx_word' id='word_1_338' title='bbox 186 4028 240 4080; x_wconf 84' lang='lat' dir='ltr'>Eva</span> <span class='ocrx_word' id='word_1_339' title='bbox 264 4028 390 4098; x_wconf 88' lang='lat' dir='ltr'>quomodo</span> <span class='ocrx_word' id='word_1_340' title='bbox 415 4028 515 4080; x_wconf 81' lang='lat' dir='ltr'>differat</span> <span class='ocrx_word' id='word_1_341' title='bbox 538 4028 570 4079; x_wconf 86' lang='lat' dir='ltr'>ab</span> <span class='ocrx_word' id='word_1_342' title='bbox 598 4029 668 4082; x_wconf 79' lang='lat' dir='ltr'>lieva</span> <span class='ocrx_word' id='word_1_343' title='bbox 694 4048 749 4081; x_wconf 89' lang='lat' dir='ltr'>cuns</span> <span class='ocrx_word' id='word_1_344' title='bbox 783 4028 870 4078; x_wconf 80' lang='lat' dir='ltr'>Fatuus</span> <span class='ocrx_word' id='word_1_345' title='bbox 882 4027 1022 4078; x_wconf 84' lang='lat' dir='ltr'>Stoicorum</span> <span class='ocrx_word' id='word_1_346' title='bbox 1034 4026 1144 4077; x_wconf 87' lang='lat' dir='ltr'>breviter</span> <span class='ocrx_word' id='word_1_347' title='bbox 1157 4026 1305 4082; x_wconf 77' lang='lat' dir='ltr'>refutatum</span> <span class='ocrx_word' id='word_1_348' title='bbox 1314 4036 1355 4084; x_wconf 70' lang='grc'>16</span> 
     </span>
     <span class='ocr_line' id='line_1_45' title="bbox 220 4110 1357 4182; baseline 0.001 -17"><span class='ocrx_word' id='word_1_349' title='bbox 220 4114 372 4182; x_wconf 87' lang='lat' dir='ltr'>aspiratione</span> <span class='ocrx_word' id='word_1_350' title='bbox 390 4118 465 4165; x_wconf 81' lang='grc'><strong>1062.</strong></span> <span class='ocrx_word' id='word_1_351' title='bbox 784 4114 852 4164; x_wconf 79' lang='lat' dir='ltr'>Fidei</span> <span class='ocrx_word' id='word_1_352' title='bbox 883 4112 1019 4165; x_wconf 83' lang='lat' dir='ltr'>catholicae</span> <span class='ocrx_word' id='word_1_353' title='bbox 1045 4110 1183 4164; x_wconf 83' lang='lat' dir='ltr'>declaratio</span> <span class='ocrx_word' id='word_1_354' title='bbox 1212 4117 1293 4172; x_wconf 86' lang='grc'><strong>1096,</strong></span> <span class='ocrx_word' id='word_1_355' title='bbox 1322 4147 1357 4159; x_wconf 90' lang='grc'><strong>-</strong></span> 
     </span>
    </p>
   </div>
   <div class='ocr_carea' id='block_1_3' title="bbox 182 4197 1359 4610">
    <p class='ocr_par' dir='ltr' id='par_1_18' title="bbox 182 4197 1359 4610">
     <span class='ocr_line' id='line_1_46' title="bbox 185 4197 1357 4271; baseline 0.003 -20"><span class='ocrx_word' id='word_1_356' title='bbox 185 4199 399 4268; x_wconf 78' lang='lat' dir='ltr'>Evangelistarum</span> <span class='ocrx_word' id='word_1_357' title='bbox 416 4200 559 4252; x_wconf 83' lang='lat' dir='ltr'>institutum</span> <span class='ocrx_word' id='word_1_358' title='bbox 579 4200 606 4253; x_wconf 90' lang='lat' dir='ltr'>in</span> <span class='ocrx_word' id='word_1_359' title='bbox 623 4201 748 4271; x_wconf 80' lang='lat' dir='ltr'>mysteriis</span> <span class='ocrx_word' id='word_1_360' title='bbox 816 4199 901 4250; x_wconf 87' lang='lat' dir='ltr'>unicae</span> <span class='ocrx_word' id='word_1_361' title='bbox 920 4197 1048 4250; x_wconf 87' lang='lat' dir='ltr'>columbae</span> <span class='ocrx_word' id='word_1_362' title='bbox 1066 4197 1153 4248; x_wconf 88' lang='lat' dir='ltr'>similis</span> <span class='ocrx_word' id='word_1_363' title='bbox 1171 4198 1234 4250; x_wconf 89' lang='lat' dir='ltr'>ibid.</span> <span class='ocrx_word' id='word_1_364' title='bbox 1257 4230 1293 4242; x_wconf 96' lang='lat'>-</span> <span class='ocrx_word' id='word_1_365' title='bbox 1328 4204 1357 4256; x_wconf 89' lang='lat' dir='ltr'>in</span> 
     </span>
     <span class='ocr_line' id='line_1_47' title="bbox 219 4283 1357 4353; baseline 0.006 -19"><span class='ocrx_word' id='word_1_366' title='bbox 219 4285 363 4353; x_wconf 84' lang='lat' dir='ltr'>evulgandis</span> <span class='ocrx_word' id='word_1_367' title='bbox 385 4290 442 4336; x_wconf 88' lang='grc'><strong>747.</strong></span> <span class='ocrx_word' id='word_1_368' title='bbox 816 4286 920 4337; x_wconf 79' lang='lat' dir='ltr'>ecclesia</span> <span class='ocrx_word' id='word_1_369' title='bbox 943 4283 1031 4336; x_wconf 84' lang='lat' dir='ltr'>eadem</span> <span class='ocrx_word' id='word_1_370' title='bbox 1054 4283 1116 4334; x_wconf 85' lang='lat' dir='ltr'>fides</span> <span class='ocrx_word' id='word_1_371' title='bbox 1141 4301 1229 4336; x_wconf 85' lang='lat' dir='ltr'>verum</span> <span class='ocrx_word' id='word_1_372' title='bbox 1257 4287 1357 4342; x_wconf 82' lang='lat' dir='ltr'>Christi</span> 
     </span>
     <span class='ocr_line' id='line_1_48' title="bbox 183 4369 1354 4439; baseline 0.006 -20"><span class='ocrx_word' id='word_1_373' title='bbox 183 4369 397 4437; x_wconf 79' lang='lat' dir='ltr'>Evangelistarum</span> <span class='ocrx_word' id='word_1_374' title='bbox 410 4371 535 4424; x_wconf 83' lang='lat' dir='ltr'>declarata</span> <span class='ocrx_word' id='word_1_375' title='bbox 547 4373 679 4426; x_wconf 84' lang='lat' dir='ltr'>consensio</span> <span class='ocrx_word' id='word_1_376' title='bbox 687 4377 747 4425; x_wconf 88' lang='grc'><strong>460.</strong></span> <span class='ocrx_word' id='word_1_377' title='bbox 814 4372 972 4439; x_wconf 80' lang='lat' dir='ltr'>sanguinem,</span> <span class='ocrx_word' id='word_1_378' title='bbox 1001 4387 1044 4421; x_wconf 85' lang='lat' dir='ltr'>ceu</span> <span class='ocrx_word' id='word_1_379' title='bbox 1071 4369 1130 4420; x_wconf 84' lang='lat' dir='ltr'>vitis</span> <span class='ocrx_word' id='word_1_380' title='bbox 1154 4372 1277 4439; x_wconf 88' lang='lat' dir='ltr'>quotidie</span> <span class='ocrx_word' id='word_1_381' title='bbox 1297 4374 1354 4429; x_wconf 83' lang='lat' dir='ltr'>lsr-</span> 
     </span>
     <span class='ocr_line' id='line_1_49' title="bbox 182 4452 1358 4530; baseline 0.002 -27"><span class='ocrx_word' id='word_1_382' title='bbox 182 4452 318 4522; x_wconf 76' lang='lat' dir='ltr'>Evangelir</span> <span class='ocrx_word' id='word_1_383' title='bbox 344 4457 407 4509; x_wconf 91' lang='lat' dir='ltr'>nibil</span> <span class='ocrx_word' id='word_1_384' title='bbox 429 4458 523 4511; x_wconf 86' lang='lat' dir='ltr'>habent</span> <span class='ocrx_word' id='word_1_385' title='bbox 546 4459 688 4530; x_wconf 75' lang='lat' dir='ltr'>ambiguum</span> <span class='ocrx_word' id='word_1_386' title='bbox 706 4460 746 4511; x_wconf 89' lang='lat' dir='ltr'>vel</span> <span class='ocrx_word' id='word_1_387' title='bbox 814 4458 881 4526; x_wconf 82' lang='lat' dir='ltr'>gitur</span> <span class='ocrx_word' id='word_1_388' title='bbox 899 4461 973 4510; x_wconf 88' lang='grc'><strong>1097.</strong></span> <span class='ocrx_word' id='word_1_389' title='bbox 993 4485 1026 4497; x_wconf 92' lang='grc'>-</span> <span class='ocrx_word' id='word_1_390' title='bbox 1062 4456 1129 4508; x_wconf 84' lang='lat' dir='ltr'>vitae</span> <span class='ocrx_word' id='word_1_391' title='bbox 1155 4457 1255 4510; x_wconf 85' lang='lat' dir='ltr'>Christi</span> <span class='ocrx_word' id='word_1_392' title='bbox 1282 4479 1358 4516; x_wconf 81' lang='lat' dir='ltr'>sum.</span> 
     </span>
     <span class='ocr_line' id='line_1_50' title="bbox 216 4540 1359 4610; baseline 0.007 -18"><span class='ocrx_word' id='word_1_393' title='bbox 216 4555 358 4608; x_wconf 79' lang='lat' dir='ltr'>repugnans</span> <span class='ocrx_word' id='word_1_394' title='bbox 374 4547 432 4594; x_wconf 86' lang='grc'><strong>466,</strong></span> <span class='ocrx_word' id='word_1_395' title='bbox 813 4563 853 4597; x_wconf 88' lang='lat' dir='ltr'>ma</span> <span class='ocrx_word' id='word_1_396' title='bbox 870 4545 930 4596; x_wconf 87' lang='lat' dir='ltr'>ibid.</span> <span class='ocrx_word' id='word_1_397' title='bbox 950 4575 981 4585; x_wconf 92' lang='lat'>-</span> <span class='ocrx_word' id='word_1_398' title='bbox 1008 4540 1145 4610; x_wconf 84' lang='lat' dir='ltr'>baptismus</span> <span class='ocrx_word' id='word_1_399' title='bbox 1163 4543 1219 4595; x_wconf 86' lang='lat' dir='ltr'>elus</span> <span class='ocrx_word' id='word_1_400' title='bbox 1236 4545 1306 4600; x_wconf 89' lang='lat' dir='ltr'>ibid.</span> <span class='ocrx_word' id='word_1_401' title='bbox 1324 4580 1359 4591; x_wconf 92' lang='lat'>-</span> 
     </span>
    </p>
   </div>
   <div class='ocr_carea' id='block_1_4' title="bbox 0 0 1552 5070">
    <p class='ocr_par' dir='ltr' id='par_1_19' title="bbox 0 0 1552 5070">
     <span class='ocr_line' id='line_1_51' title="bbox 0 0 1552 5070; baseline 0 5"><span class='ocrx_word' id='word_1_402' title='bbox 0 0 1552 5070; x_wconf 95' lang='lat' dir='ltr'> </span> 
     </span>
    </p>
   </div>
  </div>
 </body>
</html>
