3096 5070
358 275 496 331 rancun
512 275 577 326 ern.
587 274 633 325 ιιι.
656 273 738 326 rou.
751 274 783 325 n.
811 272 927 325 oxeos.
945 273 1009 324 rin.
1028 273 1170 326 curuos.
1279 261 1339 327 531

189 396 340 482 sequentis
367 395 531 460 dominicae
555 392 734 477 gallicinium
757 393 821 458 siue
844 392 910 456 cibo
929 392 1141 457 transmittunt.
1184 388 1345 475 Pervigilia

192 521 262 564 vero
281 521 336 564 sex
357 499 478 576 obeunt,
502 518 536 560 ac
555 495 674 560 totidem
694 515 838 581 synaxes,
863 515 936 579 quae
954 505 1013 558 tota
1031 493 1264 578 Quadragesima
1279 504 1345 577 post

190 602 291 667 boram
319 625 424 666 nonam
450 603 486 664 nd
510 618 663 684 vesperam
693 617 786 682 usque
813 597 1010 662 celebrantur.
1055 597 1098 660 At
1120 595 1289 680 quibusdam
1313 596 1344 659 in

190 705 262 769 locis
279 706 308 768 in
327 726 362 768 ea
379 704 473 767 solnm
492 711 595 780 noem,
620 719 694 783 quae
710 699 839 783 quintam
857 700 960 762 leriam
976 699 1126 782 sequitur,
1152 709 1180 761 et
1195 698 1224 760 in
1243 696 1345 760 leriam

189 820 305 872 sextam
323 807 446 883 desinit,
470 814 558 888 atque
574 802 603 865 in
621 823 655 865 ea
675 821 749 886 qnae
766 801 938 865 dominicam
958 801 1122 878 antecedit,
1157 799 1344 884 pervigilant.

190 910 267 974 Aliis
290 910 318 972 in
342 909 415 972 locis
432 906 532 990 quinta
551 905 622 969 leria
643 904 733 968 divini
752 903 885 989 mysterii
904 902 999 968 cultos
1019 903 1090 967 liora
1111 903 1196 966 tertia
1215 901 1347 965 celebra·

191 1023 258 1091 tur,
282 1022 370 1094 atque
388 1010 428 1072 ita
443 1008 545 1071 missio
561 1006 655 1092 populi
674 1006 706 1069 lit
722 1015 752 1069 nt
769 1006 800 1068 in
815 1005 963 1070 aridorum
978 1027 1032 1069 usn
1052 1004 1220 1091 persistant.
1265 1003 1348 1068 Alibi

190 1134 263 1178 vero
286 1112 375 1175 divini
402 1108 535 1196 mysterii
554 1109 648 1172 cultus
667 1129 725 1171 uon
744 1107 826 1192 prins
842 1108 980 1172 indicitur
998 1129 1082 1193 quam
1103 1106 1266 1171 dominicus
1283 1105 1346 1169 dies

190 1215 321 1278 illuxerit
345 1235 409 1277 cnm
435 1211 489 1277 sub
510 1211 652 1295 gallorum
678 1220 793 1274 cautum
820 1210 973 1274 dimittitur
995 1211 1133 1296 populus,
1164 1210 1195 1273 in
1218 1207 1283 1294 ipso
1298 1228 1347 1272 re·

190 1316 383 1382 surrectionis
409 1316 484 1378 leste
509 1334 544 1377 ac
568 1311 683 1375 solenni
705 1311 956 1395 celeberrimoque
974 1309 1127 1377 Pascbatis
1146 1311 1210 1388 dic,
1244 1331 1346 1394 quern-

189 1418 341 1482 admodum
367 1415 576 1503 praescriptum
604 1425 660 1478 est.
718 1410 803 1495 Quod
827 1416 862 1477 ad
888 1414 943 1478 alia
968 1416 1108 1500 mysteria
1135 1413 1280 1500 pertinet,
1315 1422 1348 1476 ut

189 1520 325 1605 baptismi
342 1531 372 1582 et
386 1539 461 1603 qnae
479 1516 620 1581 interiora
637 1527 721 1594 snut,
746 1536 781 1579 ea
797 1517 900 1581 ritibus
916 1516 974 1581 illis
992 1539 1026 1581 ac
1042 1515 1219 1581 ceremoniis
1236 1515 1347 1580 obeun-

190 1634 254 1701 tur,
286 1642 361 1709 quae
383 1643 423 1685 ex
454 1619 609 1704 evangelio
637 1630 669 1682 et
697 1620 895 1704 apostolorum
922 1619 1097 1684 auctoritate
1126 1639 1161 1682 ac
1191 1616 1346 1681 traditione

189 1727 340 1811 prolectas
363 1734 443 1788 sunt.

275 1824 336 1890 lam
361 1847 434 1889 vcro
458 1824 534 1909 quod
550 1823 586 1886 ad
605 1835 735 1887 mortuos
751 1835 883 1909 spectat,
917 1823 1086 1887 nominatim
1102 1822 1219 1887 illorum
1237 1820 1347 1885 mentio
1395 1823 1456 1894 cap.

189 1929 232 2007 lit,
257 1950 292 1992 ac
306 1949 409 2013 preces
425 1938 455 1990 et
470 1927 615 1990 sacrificia
628 1926 826 2012 mysteriaque
842 1928 1076 2011 frequentantur.
1122 1923 1287 1989 Matutinus
1302 1923 1348 1987 in·
1378 1894 1465 1946 m·

190 2051 279 2116 super
294 2032 395 2095 laudes
409 2029 439 2093 in
456 2028 579 2092 ecclesia
597 2028 749 2109 catholica,
774 2029 992 2113 matutinaeque
1010 2048 1116 2114 preces
1133 2026 1251 2091 assidue
1271 2026 1348 2090 cele·

189 2133 329 2212 brautur,
361 2132 525 2196 lucernales
547 2130 617 2194 itern
636 2131 740 2216 psalmi
757 2142 788 2195 et
812 2131 975 2195 orationes.
1020 2128 1116 2194 Porro
1138 2129 1347 2194 monachornm

189 2233 238 2298 alii
252 2234 282 2297 in
301 2235 421 2299 urbibus
438 2235 564 2318 degunt,
599 2233 647 2297 alii
665 2234 694 2296 in
718 2234 904 2297 monasteriis
921 2233 1069 2313 habitant,
1101 2243 1131 2296 et
1146 2231 1183 2295 ab
1199 2231 1347 2295 bominum

190 2336 354 2419 frequentia
378 2336 494 2421 longius
521 2335 694 2400 abscedunt.
739 2334 899 2401 Nonnullis
929 2357 1001 2400 vero
1020 2335 1164 2420 prolixior
1180 2354 1262 2397 coma
1286 2332 1348 2421 pla·

190 2438 267 2517 cuit,
298 2437 456 2502 sanctioris
476 2438 613 2501 videlicet
627 2438 752 2503 instituti
769 2459 892 2517 caussa,
924 2439 953 2501 id
970 2438 1046 2522 quod
1062 2448 1165 2523 suapte
1182 2435 1346 2515 voluntate,

190 2540 254 2604 sive
284 2541 430 2625 evangelii
460 2550 637 2626 praecepto,
671 2552 721 2604 ant
751 2543 949 2627 apostolorum
979 2541 1191 2627 approbatione
1224 2537 1345 2602 iaciunt.

190 2640 269 2706 Nam
284 2644 432 2727 apostolus
443 2639 552 2706 Paulus
571 2645 691 2706 formam
706 2643 847 2709 eiusmodi
863 2654 949 2727 atque
965 2643 1072 2706 cultum
1089 2641 1245 2707 abdicavit.
1271 2637 1349 2704 Sunt

191 2744 293 2809 etalio
310 2744 339 2807 in
355 2744 458 2808 eadem
482 2745 625 2809 catholica
642 2746 768 2810 ecclesia
786 2745 917 2810 instituta
936 2745 1056 2809 vivendi
1073 2744 1270 2830 praestantia,
1304 2742 1348 2806 ni·

192 2847 295 2910 mirum
319 2847 393 2930 qnod
419 2846 467 2908 alii
492 2847 628 2911 carnibus
652 2869 774 2933 prorsus
797 2847 980 2926 abstineant,
1013 2858 1070 2910 ιιιιι
1086 2845 1304 2933 quadrupedum
1320 2856 1351 2908 et

192 2949 290 3012 avium
309 2970 392 3032 quam
409 2948 550 3033 piscium,
583 2970 637 3013 nec
657 2972 715 3013 non
734 2950 851 3015 ovisae
871 2970 971 3013 caseo.
1016 2948 1093 3013 Turn
1111 2949 1168 3013 alia
1185 2959 1254 3035 sunt
1273 2948 1349 3011 vitae

192 3071 315 3136 genera,
339 3060 494 3136 propterea
510 3052 585 3135 quod
603 3059 793 3134 unusquisque
810 3057 960 3115 secundum
974 3058 1120 3133 prcpminn
1136 3053 1258 3113 laborem
1276 3073 1348 3113 rner-
1358 3064 1490 3121 tonnus

192 3158 284 3216 cedem
302 3157 430 3232 accipiet.
478 3149 573 3237 igitur
591 3167 661 3219 sunt
676 3156 724 3240 qui
745 3156 801 3219 illis
824 3156 959 3219 omnibus
974 3156 1141 3219 abstineant
1158 3155 1206 3218 alii
1225 3156 1351 3240 quadru-

193 3256 315 3342 pedibus
336 3254 495 3333 duntaxat,
528 3257 580 3319 sed
603 3257 708 3321 avibus
730 3259 891 3322 acceteris
910 3268 1082 3322 vescuntur.
1126 3257 1187 3321 Atii
1206 3257 1292 3321 etiam
1315 3256 1351 3320 ab

193 3357 297 3424 avibus
311 3366 487 3448 temperant,
511 3378 568 3423 ova
583 3369 612 3422 et
627 3361 722 3445 pisces
736 3360 884 3425 adhibent.
926 3360 986 3424 Alii
1004 3360 1089 3423 etiam
1107 3381 1163 3424 ova
1178 3360 1349 3446 repudiant3

185 3472 262 3526 ⁹snut
287 3460 335 3544 qui
357 3458 439 3522 solos
465 3459 560 3543 pisces
583 3461 741 3526 retineant.
787 3459 901 3545 Quibus
926 3462 1056 3526 nonnulli
1079 3462 1167 3526 etiam
1183 3461 1350 3541 abstinent,

194 3562 242 3647 qui
274 3573 371 3625 tamen
401 3581 519 3624 caseum
547 3561 602 3624 sibi
628 3564 819 3648 permittunt,
849 3565 898 3629 alii
920 3586 993 3628 vero
1017 3586 1104 3630 casco
1127 3587 1186 3629 non
1217 3575 1349 3629 utuntur.

192 3661 354 3729 Praeterea
381 3662 533 3746 quidama
557 3684 632 3750 panc
650 3665 816 3745 abstinent,
846 3666 960 3750 quidam
986 3666 1022 3730 ab
1047 3669 1184 3733 arborum
1212 3665 1352 3732 fructibus

193 3779 225 3832 et
241 3766 334 3831 coctis
353 3764 505 3843 omnibns,
536 3765 667 3851 plerique
690 3766 767 3830 humi
792 3768 932 3831 cubitant.
979 3769 1038 3833 Alii
1062 3770 1148 3834 nudis
1170 3771 1291 3857 pedibus
1316 3791 1351 3834 ac

192 3870 257 3935 siue
276 3869 483 3932 calceamentis
507 3867 656 3932 incedunt.
702 3868 762 3932 Alii
787 3868 932 3932 occultum
957 3871 1082 3935 cilicium
1110 3874 1224 3952 lerunt,
1256 3871 1352 3957 quiid

193 3972 395 4051 laudabiliter,
419 3971 537 4034 virtutis
552 3970 684 4051 scilicet,
713 3981 762 4035 aut
782 3971 979 4056 poenitentiae
996 3995 1101 4038 earrssa
1119 3976 1227 4039 lerunt.
1272 3972 1352 4039 Nam

194 4075 318 4139 cilicium
335 4075 429 4160 palam
447 4094 481 4137 ac
498 4093 567 4159 prae
590 4093 623 4138 se
641 4075 720 4138 terro
742 4073 839 4137 minus
856 4076 995 4140 decorum
1012 4075 1146 4157 videtur,
1177 4077 1253 4162 qnod
1269 4077 1353 4142 insti·

195 4181 278 4241 tubre
297 4174 441 4240 nonnulli.
485 4173 591 4260 Neque
610 4175 673 4260 plus
690 4177 806 4240 decoris
827 4178 930 4256 babet,
955 4189 988 4242 ut
1006 4179 1152 4258 diximus,
1184 4181 1260 4264 quod
1279 4201 1353 4243 non·

194 4279 281 4343 nullis
303 4280 399 4343 visum
423 4289 485 4357 est,
516 4299 581 4342 eum
605 4278 730 4343 vinculis
753 4280 829 4344 collo
852 4279 953 4345 inditis
970 4281 1121 4345 incedere.
1169 4279 1229 4346 Sed
1252 4304 1354 4367 quaro·

194 4379 310 4464 plurimi
326 4381 445 4446 balneas
462 4402 607 4465 nunqnam
624 4381 734 4446 vident.
779 4379 923 4446 Nonnulli
939 4383 1058 4447 saeculo
1077 4385 1116 4447 ita
1134 4385 1351 4464 renuntiarunt,

194 4492 227 4544 nt
242 4481 371 4548 leviores
397 4484 535 4568 quasdam
559 4494 638 4549 artes
663 4506 698 4548 ac
724 4485 819 4548 minos
843 4487 1013 4569 negotiosas
1028 4486 1084 4551 sibi
1112 4485 1183 4571 ipsis
1202 4488 1353 4572 excogita-

1070 4590 1184 4664 34⁷⁴,
