3096 5070
422 292 558 345 ιιιιιιιιι
576 293 639 344 nro.
654 294 698 344 ιιι.
714 293 796 346 ron.
810 292 842 344 n.
860 291 960 343 mann.
975 291 1109 344 uxxrn.
1284 276 1340 342 381

192 432 306 475 mensa
321 423 404 476 recto
423 413 560 478 veritatis
575 415 681 478 itinere
697 413 829 477 deflexit.
875 412 1013 489 Ateuim,
1037 409 1187 493 inquiunt,
1221 420 1346 473 mentem

192 513 302 578 ideireo
316 515 396 578 iilum
412 517 579 602 suscepisse
598 536 691 601 ueg03
725 516 832 600 alioqui
847 514 1004 600 cupiditate
1020 512 1100 575 ilium
1118 512 1211 589 affici,
1244 511 1292 574 rei
1307 511 1346 574 ir·

191 616 275 679 ritari
289 638 361 681 sane
377 619 522 698 dicamus,
548 639 613 682 cum
628 639 712 682 mens
729 619 796 695 iila,
822 639 895 701 quae
912 616 996 679 uobis
1016 616 1109 694 inest,
1132 613 1281 677 variarum
1299 634 1347 677 re-

191 719 433 805 rumcupiditate
453 731 600 784 teneatur.
647 718 704 798 Et,
737 730 768 783 ut
787 741 845 783 uno
863 719 955 783 verbo
979 717 1090 795 dicam,
1122 717 1195 779 mira
1213 726 1259 778 est
1277 715 1348 778 isto·

191 843 256 885 rum
285 822 432 887 hominum
457 823 610 905 argutandi
633 845 668 886 ac
695 821 849 886 cavillandi
874 821 981 899 iibidc;
1014 819 1134 903 perinde
1154 840 1189 881 ac
1209 816 1347 902 scriptum

191 935 255 1004 est,
287 929 369 986 Fecit
384 930 452 986 deus
472 928 622 1005 simplicem
638 937 667 986 et
679 929 845 1006 prudentem
861 927 1015 984 demonem.-
1045 926 1096 983 sed
1109 925 1166 1002 ipsi
1180 926 1275 982 oureus
1292 923 1350 983 eidi
1361 933 1422 980 naa.
1434 935 1455 992 t,
1467 935 1501 980 aa

191 1031 379 1107 cogitationes
391 1029 556 1107 meunt.
603 1025 681 1090 Nam
703 1027 728 1090 si
748 1047 787 1090 ex
811 1046 847 1089 eo
874 1026 949 1108 quod
975 1023 1129 1087 humanam
1153 1023 1195 1086 iiii
1222 1033 1348 1087 ruentem

192 1127 395 1208 attribuimus,
426 1140 545 1193 nostros
566 1129 660 1193 eidem
675 1130 808 1193 deiectus
824 1129 1012 1213 affingamus,
1044 1148 1109 1190 cum
1127 1135 1157 1190 ct
1173 1126 1266 1211 ipsum
1283 1147 1348 1189 ear·

192 1251 259 1294 nem
276 1230 407 1294 induisse
433 1233 591 1310 fateamur,
625 1232 715 1296 multo
734 1232 827 1315 magis
845 1232 898 1293 hae
916 1251 955 1294 cx
973 1240 1073 1316 parte,
1108 1228 1133 1293 si
1150 1229 1265 1292 iliorum
1286 1249 1349 1292 ser·

192 1331 327 1396 monibus
343 1334 505 1398 adhibenda
522 1336 592 1399 iidcs
608 1346 672 1414 est,
694 1334 874 1397 imminutus
891 1332 978 1396 debet
993 1331 1107 1411 videri,
1138 1335 1214 1418 quod
1232 1334 1347 1417 quidem

192 1434 269 1499 absit
283 1446 316 1499 ut
332 1458 456 1520 unquam
472 1437 635 1522 opinemur.
683 1432 881 1518 Quamobrem
895 1436 936 1500 uti
953 1435 1075 1499 verbum
1091 1435 1198 1500 nudam
1216 1435 1348 1498 incarne

193 1537 411 1603 diminutionem
438 1561 554 1625 passum
579 1552 644 1619 est,
679 1539 796 1602 tametsi
822 1560 922 1602 veram
950 1538 1004 1601 sibi
1025 1560 1143 1602 earnem
1162 1537 1345 1623 imposuerit,
1384 1587 1387 1603 .

192 1641 233 1704 ita
251 1663 305 1705 nec
322 1642 351 1705 in
370 1642 495 1706 humana
515 1652 611 1706 mente
630 1642 782 1726 quicquam
802 1641 943 1724 cogitavit
966 1642 1041 1725 quod
1060 1641 1155 1705 minus
1171 1651 1251 1704 esset
1274 1640 1348 1702 divi·

193 1744 285 1808 nitate
309 1745 445 1828 dignum,
475 1745 527 1808 scd
550 1764 585 1807 ea
610 1747 753 1807 duntaxat
776 1765 851 1828 quae
878 1742 978 1820 carni,
1011 1744 1126 1807 animae
1150 1754 1180 1806 ct
1204 1742 1348 1806 humanae

192 1846 284 1911 menti
304 1857 503 1911 consentanea
524 1845 700 1910 videbantur
721 1847 866 1910 accedens
890 1845 1024 1908 dominus
1047 1845 1213 1930 expressit,
1243 1865 1280 1908 ne
1296 1866 1347 1909 re-

192 1970 244 2013 rac
259 1969 331 2012 suae
349 1948 565 2028 incarnationis·
576 1949 706 2012 ordinem
726 1950 891 2032 seriemque
907 1948 1103 2033 perturbaret.
1150 1946 1245 2011 Erant
1260 1969 1347 2033 porro

192 2052 249 2115 ista
270 2061 490 2129 consentanca,
523 2052 632 2130 tames,
667 2051 748 2131 sitis,
782 2050 932 2134 fatigatio,
963 2071 1103 2128 somnus,
1135 2048 1346 2134 peregrinatio,

193 2153 294 2233 dolor,
318 2154 420 2232 dctus,
444 2153 624 2236 indignatio,
649 2173 740 2237 quae,
772 2165 804 2217 ut
819 2174 872 2236 par
887 2163 968 2230 erat,
1001 2155 1030 2215 in
1053 2172 1120 2216 sese
1137 2154 1267 2237 perfecta
1284 2174 1348 2216 cnm

192 2253 337 2335 hominis,
361 2276 447 2340 quam
460 2275 567 2319 revera
582 2265 765 2341 susceperat,
790 2267 894 2320 natura
912 2254 1068 2319 coniuncta
1085 2255 1349 2340 convenientiaque

191 2358 379 2422 monstravit.

276 2460 385 2545 Neque
411 2461 488 2524 enim
513 2460 654 2546 scriptum
677 2471 722 2524 est
737 2461 849 2545 uspiam
873 2481 963 2546 prava
982 2460 1062 2524 ilium
1080 2457 1237 2545 cupiditate
1257 2459 1349 2523 tuisse
1394 2468 1456 2539 cap.

191 2575 375 2650 correptum,
407 2560 476 2647 quin
497 2564 593 2646 potius
618 2563 727 2648 optima
742 2564 822 2626 ilium
840 2563 983 2649 cupiditas
1002 2563 1095 2647 cepit,
1129 2561 1249 2625 comita
1268 2560 1348 2624 iocu-
1364 2537 1484 2591 xxm·

192 2677 239 2731 tus
257 2678 319 2731 cat:
344 2670 491 2728 Desiderio
507 2670 667 2728 &andanei
679 2670 731 2728 doc
743 2669 850 2747 pcscdu
867 2671 1037 2728 murrdueure
1056 2666 1206 2726 uobiscum.
1253 2663 1344 2748 Atqui
1358 2671 1455 2729 unam,
1469 2673 1501 2719 ¹⁶·

192 2768 370 2832 desiderium
396 2788 490 2852 neque
513 2790 530 2831 a
552 2769 705 2833 divinitate
731 2769 941 2853 proficiscitur,
976 2788 1070 2852 neque
1095 2787 1134 2830 ex
1159 2766 1222 2830 soia
1245 2787 1345 2846 carne,

191 2880 243 2933 aut
258 2890 298 2933 cx
313 2869 410 2934 anima
428 2870 533 2934 mentis
553 2882 695 2956 experte,
720 2871 772 2935 scd
789 2893 805 2933 a
822 2873 952 2957 perfecta
971 2870 1096 2934 hominis
1120 2880 1241 2948 natura,
1274 2891 1349 2955 quac

193 2991 299 3055 corpus
317 2983 348 3034 et
365 2983 511 3052 mentem,
542 2995 577 3037 ae
593 2973 728 3059 quiequid
751 2974 829 3037 inest
845 2975 875 3038 in
894 2973 1010 3038 homine
1033 2972 1246 3058 complectitur.
1292 2971 1348 3037 His
1371 3035 1374 3044 ,

192 3072 269 3136 enim
286 3074 438 3153 omnibus,
462 3097 604 3162 corpore,
628 3079 763 3162 inquam,
788 3076 885 3141 anima
904 3088 934 3140 et
947 3087 1044 3139 mente
1057 3066 1093 3138 vac
1110 3075 1248 3160 reliquis,
1272 3095 1347 3160 quae

190 3174 221 3238 in
239 3175 356 3240 homine
378 3189 464 3257 sunt,
499 3179 633 3243 omnibns
656 3181 817 3264 praeditum
841 3178 963 3243 verbum
987 3179 1122 3256 advenit,
1153 3179 1178 3242 si
1196 3189 1347 3264 peecatum

191 3298 227 3342 ac
242 3278 387 3343 deiectum
402 3302 518 3345 omnem
536 3282 684 3368 excipias,
717 3304 770 3368 pro
786 3303 823 3345 eo
839 3302 874 3344 ac
890 3282 1030 3365 scriptum
1048 3291 1111 3358 est,
1146 3285 1279 3343 Teutates
1292 3286 1500 3362 pertrui-cru.

191 3386 285 3444 omniu
306 3394 340 3443 ut
361 3386 458 3458 domo,
485 3398 603 3465 praeter
627 3397 783 3466 peecatum.
839 3382 926 3468 Quod
950 3385 975 3446 si
999 3384 1098 3446 omnia
1123 3394 1263 3468 expertus
1288 3393 1347 3462 cst,

193 3504 317 3548 neccsse
335 3495 381 3548 est
397 3485 495 3549 omnia
512 3507 602 3571 penes
621 3486 743 3551 verbum
768 3488 872 3552 tuisse.
917 3484 1030 3551 Verum
1053 3506 1118 3548 cum
1137 3485 1210 3549 haec
1228 3486 1350 3549 haberet

192 3587 311 3665 omnia,
344 3589 444 3651 eadem
465 3599 562 3652 tamen
585 3588 698 3672 inipso
721 3588 855 3675 superari
877 3610 936 3652 non
958 3598 1112 3674 poterant,
1144 3597 1174 3650 et
1197 3588 1261 3651 siue
1290 3587 1348 3650 ulia

191 3686 258 3752 labe
276 3699 393 3753 servata
409 3702 494 3770 sunt,
528 3711 593 3754 cnm
612 3691 760 3775 perfectus
778 3701 858 3755 essct
876 3693 948 3755 deus
964 3713 1004 3756 ex
1023 3711 1112 3754 earne
1130 3690 1263 3772 genitus,
1298 3690 1347 3774 qui

191 3793 322 3876 pericctc
338 3792 470 3878 implevit
486 3791 600 3871 omnia,
625 3803 761 3873 tanquam
779 3794 901 3877 perfecti
917 3794 997 3858 rasis
1015 3792 1140 3870 artifex,
1173 3790 1204 3854 in
1221 3813 1279 3875 quo
1295 3812 1346 3855 ne·

190 3912 247 3978 que
263 3897 333 3958 earo
347 3895 443 3959 minus
460 3893 648 3959 convenienti
667 3892 764 3976 aiiquo
781 3895 878 3957 studio
896 3895 990 3958 divisa
1008 3897 1064 3975 sit,
1098 3916 1153 3958 nec
1171 3895 1235 3980 ipsc
1250 3894 1346 3957 aiieno

190 3995 288 4081 aliquo
311 3999 417 4062 mentis
442 4018 550 4076 sensu,
584 3994 746 4059 cuiusmodi
770 3996 799 4058 in
823 3996 907 4059 nobis
927 3998 1075 4077 cernitur,
1108 3998 1146 4060 sit
1169 3998 1345 4062 abstractus.
1397 4038 1400 4044 ‹

188 4095 278 4164 Mens
302 4100 379 4164 enim
401 4111 501 4165 nostra
524 4122 583 4162 uon
603 4099 638 4163 ad
660 4109 809 4183 peccatum
831 4100 1055 4183 perpetrandum
1077 4099 1165 4163 insita
1189 4099 1273 4162 nobis
1288 4110 1345 4180 est,

190 4203 243 4266 aed
258 4204 294 4266 ad
311 4225 411 4267 earum
428 4223 545 4282 rerum,
569 4222 643 4287 quae
661 4201 691 4264 in
710 4201 795 4264 nobis
813 4212 966 4285 utramque
981 4201 1010 4263 in
1030 4212 1141 4285 partem
1158 4203 1346 4265 consideran·

190 4312 255 4384 tur,
279 4305 529 4389 contemplandam
547 4303 776 4391 perfectionem,
808 4325 864 4367 nec
881 4325 939 4367 non
959 4312 989 4367 et
1004 4303 1097 4366 officia
1121 4304 1266 4384 iustitiae,
1299 4305 1347 4369 vel

191 4404 219 4468 ei
237 4407 386 4472 contraria
405 4408 614 4492 dignoscenda.
661 4403 775 4493 Quippe
799 4412 899 4470 mentre
921 4419 964 4469 eat
985 4408 1069 4468 verbu
1092 4410 1267 4482 discernere,
1301 4413 1404 4471 attrei.
1418 4421 1452 4479 ιι,
1467 4421 1498 4469 ra

1370 4479 1395 4519 at
1406 4473 1440 4530 tt,
1453 4474 1473 4520 ⁸.

223 4541 249 4596 3·
268 4542 370 4609 „volgo
387 4532 451 4604 odd‘
467 4546 589 4598 Pcwviuc.
