3096 5070
446 286 583 339 ranunn
603 288 666 339 ere.
681 289 725 340 tur.
741 288 826 341 ron.
839 290 858 340 r.
875 286 974 339 aare.
988 286 1111 339 uxxrrr.
1256 301 1257 304 ¹
1319 253 1357 346 'tt

198 407 355 470 sabbatiae
367 411 546 489 praeditum,
582 407 755 471 asserimus.
801 408 891 492 atqui
910 406 939 470 bi
959 407 1074 469 demum
1094 406 1274 491 fueruntqui
1295 416 1361 492 post

197 511 342 594 synodum
360 509 397 573 ab
421 510 524 572 insana
543 509 723 574 Asianorum
747 510 874 574 lectione
892 508 1021 594 separati
1041 517 1126 584 sunt3
1155 530 1276 591 quornm
1299 510 1359 575 dux

197 609 326 675 Basilius
342 613 521 697 Aneyranus
539 612 650 687 extitit,
676 634 733 676 uon
754 635 818 675 cnm
836 610 969 694 Georgio
987 607 1155 673 Laodiceae
1173 620 1202 671 et
1220 608 1359 695 Daphnes

196 716 232 777 ad
256 713 463 789 Antiochiam,
496 712 552 775 boe
577 723 624 775 est
649 710 857 799 coelesyriae.
903 710 995 776 iidem
1019 722 1049 776 et
1072 713 1107 774 de
1130 711 1234 796 spiritu
1256 723 1359 778 sancto

197 817 297 880 eudem
316 839 382 880 crim
400 815 479 879 illius
496 814 746 899 oppugnatoribus
762 827 875 878 tenent.
920 813 1027 898 Neque
1045 833 1117 876 vero
1136 813 1359 897 tergiversando

197 930 247 982 ant
262 919 453 994 haesitando,
486 917 728 1000 puerrradmodum
753 917 782 980 in
811 918 868 980 blio
895 938 980 1001 quem
1001 938 1066 979 cum
1089 915 1222 978 absolute
1244 926 1359 979 ereatu-

196 1041 257 1083 ram
275 1019 466 1104 pronuntiare
484 1040 541 1081 noo
559 1020 704 1096 audeant,
737 1019 792 1082 etsi
809 1021 836 1081 id
856 1019 974 1082 omnino
999 1019 1146 1096 sentiant,
1171 1016 1359 1082 nibilominus

197 1123 345 1186 bomirnrm
371 1119 618 1184 existimationem
636 1121 741 1199 veriti,
774 1142 877 1185 roeem
902 1121 980 1184 illam
997 1115 1171 1200 dporoaimon
1186 1120 1356 1198 obtrudunt,

197 1235 227 1288 et
242 1233 407 1286 merituram
433 1222 469 1285 ab
493 1234 658 1285 ceterarum
678 1224 846 1287 cotiditione
861 1224 1009 1314 diversam
1029 1243 1096 1286 esse
1116 1220 1269 1300 debrrirnrt,
1291 1244 1357 1286 ctum

196 1326 232 1388 de
257 1324 361 1408 spiritu
388 1336 509 1404 sancto,
535 1325 664 1410 inquam,
689 1326 803 1409 agitur,
828 1347 886 1388 non
911 1325 1010 1388 timide
1036 1346 1071 1387 ao
1095 1324 1274 1401 diffidenter,
1305 1323 1358 1389 sed

196 1427 362 1490 rabidorum
379 1449 483 1490 carrium
503 1449 584 1491 ruore
603 1438 667 1491 toto
691 1427 801 1512 impetu
821 1431 955 1492 lernotnr
972 1439 1000 1490 et
1024 1437 1189 1491 ereaturam
1208 1447 1276 1490 esse
1292 1426 1358 1491 sine

196 1529 253 1595 ulla
270 1530 457 1595 cunctatione
477 1532 596 1608 decerit,
620 1540 650 1592 et
667 1551 685 1594 a
700 1540 783 1615 patre
799 1551 833 1594 ao
851 1531 911 1594 lilio
925 1530 1093 1593 abalienare
1114 1539 1269 1593 conantur.
1311 1528 1357 1594 Ae

195 1653 231 1695 ne
248 1632 313 1715 qrria
334 1632 505 1696 calumniari
525 1654 572 1695 aare
586 1633 740 1716 quiequam
757 1633 934 1709 arbitretur,
966 1633 1120 1716 utriusque
1138 1631 1185 1696 bie
1203 1630 1357 1715 epistolam

193 1746 342 1812 attexam,
376 1732 478 1798 Bastttt
505 1734 742 1812 seilicetunanr,
775 1745 806 1798 et
827 1732 949 1818 Georgii
966 1732 1153 1812 Laodiceae,
1186 1756 1354 1818 quamcuru

192 1834 304 1901 Basilio
327 1847 358 1900 et
378 1836 468 1901 sociis
490 1836 625 1921 scripsit,
650 1837 786 1899 alteram.
832 1833 919 1917 Quae
941 1848 1010 1901 stunt
1032 1837 1189 1901 eiusmodi.

279 1937 478 2004 sacrosancta
501 1941 649 2025 synodus,
682 1959 757 2023 quae
778 1937 917 2024 Arrryrae
944 1939 1029 2024 paulo
1047 1951 1115 2004 ante
1132 1936 1246 2003 Pasrba
1262 1939 1510 2038 variisertspuue

193 2061 232 2105 ex
258 2041 418 2125 provinciis
440 2041 561 2104 collecta
584 2053 649 2119 est,
683 2040 902 2105 veurerabilibns
927 2041 1072 2121 dominis,
1105 2051 1135 2104 et
1158 2041 1353 2105 concordibus
1367 2004 1498 2124 &ufiddi

193 2144 325 2211 eiusdem
359 2143 513 2206 nrinisterii
537 2143 649 2220 sociis,
683 2142 745 2220 bis,
778 2142 827 2227 qui
860 2143 889 2205 in
912 2140 1062 2207 Phoenice
1088 2143 1256 2228 ceterisque
1279 2107 1494 2209 locisaapppa.

194 2245 325 2311 eiusdem
350 2245 501 2309 nobiscum
524 2245 589 2308 littei
613 2257 700 2323 sunt,
724 2245 754 2308 iu
777 2246 896 2310 domiuo
918 2247 1054 2310 salntem.
1376 2214 1437 2282 ⁰⁸¹²·
1453 2217 1484 2267 ¹¹·

279 2345 480 2411 Vehementer
500 2348 569 2412 illud
584 2346 700 2432 qrriilem
714 2348 899 2432 optabamus,
914 2361 945 2411 nt
959 2358 1025 2433 post
1041 2348 1118 2411 illam
1133 2348 1355 2413 ecclesiastieae

193 2450 259 2516 lidei
285 2450 504 2535 probationem,
536 2448 660 2534 quaein
680 2451 933 2532 persecutionibus
959 2450 1016 2514 illis
1033 2450 1070 2514 ob
1091 2450 1263 2533 religionem
1284 2474 1355 2514 con·

192 2553 268 2619 fletis
286 2552 329 2617 sic
348 2562 484 2637 tauquam
502 2554 531 2616 in
551 2553 620 2636 igne
638 2552 792 2636 explorata
811 2554 905 2617 iuerat
929 2564 1040 2638 etpost
1062 2572 1188 2636 eaquae
1206 2549 1354 2617 Cerretan-

192 2655 313 2740 tinopoli
337 2654 374 2718 ob
394 2653 568 2718 Marcellum
584 2654 756 2718 acciderunt
776 2676 812 2718 ae
832 2666 899 2739 post
920 2655 1135 2740 expositionem
1159 2655 1247 2732 lidei,
1278 2674 1354 2738 qrrae

192 2757 352 2842 iuspuodo
372 2756 549 2822 Aritioclriae
570 2767 689 2843 propter
706 2758 803 2841 templi
826 2757 1038 2821 dedicationem
1058 2757 1182 2820 collecta
1204 2757 1354 2841 proposita

192 2869 254 2936 est,
278 2880 313 2921 ao
332 2859 470 2945 deinceps
488 2861 517 2922 in
535 2857 706 2923 Sardiceusi
723 2861 859 2944 repetita,
884 2859 931 2944 qni
948 2862 1021 2923 tides
1038 2859 1251 2943 quodammodo
1267 2858 1354 2922 cello·

193 2961 290 3024 ruisse
309 2961 441 3039 vitietur,
465 2961 590 3046 denique
610 2972 677 3047 pust
693 2983 727 3025 ra
745 2982 818 3045 qnae
834 2960 944 3047 Syrurii
963 2973 1082 3047 propter
1096 2958 1253 3026 Pltotinum
1269 2972 1354 3044 gesta

192 3073 279 3138 surrt,
312 3063 364 3124 sed
389 3075 503 3148 etpost
527 3063 658 3127 rationes
677 3064 741 3126 illas
759 3085 831 3148 quas
853 3065 888 3127 de
911 3085 1087 3148 unoquoque
1113 3064 1181 3126 iudei
1204 3063 1299 3146 capite
1316 3064 1352 3126 de

191 3161 365 3230 Sar-dicensi
395 3166 443 3229 illo
473 3164 707 3231 Occidentalinrn
738 3165 774 3229 ab
798 3163 1000 3230 Orientalibus
1027 3166 1148 3230 dissidio
1179 3164 1353 3249 interrogati

191 3288 286 3353 nuper
312 3267 472 3346 edidimus,
506 3270 581 3353 qnod
602 3267 745 3352 reliquum
765 3278 830 3346 est,
862 3269 891 3331 in
912 3269 1010 3353 quiete
1029 3269 1147 3352 otioque
1165 3271 1297 3345 versari,
1322 3281 1352 3334 et

190 3373 244 3433 snb
274 3370 498 3454 religiosissimo
522 3371 630 3435 dorriini
648 3370 740 3433 nostri
760 3366 926 3434 Constantii
945 3372 1085 3457 imperio,
1116 3372 1271 3435 conciliata
1288 3371 1351 3434 nbi·

191 3492 246 3554 qne
264 3472 299 3535 ab
315 3485 381 3535 nrtn
397 3474 432 3535 ad
447 3495 583 3536 oceasum
601 3473 740 3552 ecclesia,
765 3471 925 3558 eiectisqne
941 3475 1087 3538 scandalis
1103 3496 1202 3558 pacem
1217 3474 1352 3535 obtinere

191 3590 227 3633 ac
245 3573 351 3635 divinis
370 3574 519 3659 obsequiis
538 3575 689 3640 insistere.
735 3573 796 3639 Sed
816 3576 972 3659 quioniam,
997 3587 1029 3639 nt
1048 3577 1181 3654 videtur,
1204 3574 1349 3653 diabolus,

192 3694 249 3757 qno
267 3675 380 3736 scilieet
395 3680 491 3740 uinaria
509 3679 570 3756 illa,
594 3699 699 3763 qrraea
718 3678 835 3742 doctrino
852 3679 998 3762 praedicta
1015 3689 1096 3756 sunt,
1119 3687 1150 3740 et
1163 3677 1200 3740 ab
1216 3677 1351 3760 apostolo

191 3785 392 3836 corrsentnnee
418 3780 453 3840 ad
482 3780 610 3842 bdelium
638 3780 803 3842 corilionem
830 3782 866 3842 de
891 3781 1056 3843 delectione
1086 3778 1277 3863 praedicata,
1313 3778 1349 3842 ad

191 3878 304 3941 esitum
331 3877 471 3954 deducat,
504 3879 590 3942 noris
613 3880 782 3962 quibusdam
807 3883 981 3945 commentis
1006 3892 1108 3944 contra
1129 3878 1349 3944 ecclesiastieae

192 3979 261 4044 littei
280 3977 480 4042 sinceritatem
498 3979 639 4065 oppositis
657 3981 684 4042 id
701 4001 789 4062 agere
812 3983 965 4066 molirique
989 4004 1046 4046 nou
1071 3982 1193 4059 desiuit,
1226 3991 1258 4046 nt
1276 4004 1349 4046 rroo·

191 4082 279 4146 nullis
304 4080 404 4166 specie
422 4083 544 4166 quadam
569 4080 728 4144 ementitae
755 4082 871 4166 pietatis
894 4085 1038 4148 adirrnctis
1056 4087 1195 4166 prostrare
1215 4090 1348 4166 quasdam
1363 4117 1489 4168 mm

190 4207 287 4248 uocum
303 4191 458 4261 novitates,
489 4186 633 4248 adversus
650 4183 820 4269 religiosam
838 4185 977 4270 unigeniti
993 4187 1039 4249 dei
1057 4187 1108 4250 tilii
1125 4188 1346 4272 germanitatem
1386 4175 1407 4228 ⁶’
1420 4173 1452 4216 ²⁰·

187 4392 284 4453 putoutt
300 4391 418 4441 Patauina.
455 4393 505 4452 Epo
520 4395 626 4454 suspicor
643 4389 666 4444 el
683 4387 730 4458 nri.
789 4395 839 4443 rius
856 4393 923 4441 uerttt
939 4390 1104 4443 Constantini.

222 4463 246 4506 ¹2.
269 4459 294 4508 tn
317 4463 413 4520 neroque
434 4461 502 4510 codd.
527 4474 575 4509 naas
619 4458 752 4512 Kureran-
821 4463 845 4511 3.
857 4456 926 4521 παρὰ
937 4463 1069 4522 suspicatus
1084 4465 1117 4511 eet
1131 4464 1246 4515 Paculus.
1264 4465 1346 4515 rnen

188 4523 255 4577 alneu
277 4528 334 4576 mim
356 4529 437 4578 uideor
452 4530 532 4591 tepere.
567 4530 646 4578 Elium
665 4530 753 4578 Cornu·
821 4525 846 4578 4.
864 4529 915 4581 rein
935 4543 981 4580 om.
999 4531 1050 4580 eod.
1068 4531 1165 4594 ltlrerlr'p.
