3096 5070
361 310 500 365 seusun
518 311 767 366 murmanus.
784 311 884 363 nuso.
896 312 1015 364 cxxvi.
1208 301 1267 365 sn

351 535 523 597 suQutTutt
543 536 633 586 ΑΕΤΙΙ
653 536 804 587 ΔΝΟΜΟΕΙ
822 534 1035 586 ot’ttscuuutt.

197 634 345 720 Quoniam
365 637 579 722 persecutionis
595 637 672 700 illius
689 649 838 721 tempore,
863 660 948 722 quam
967 647 1070 700 contra
1087 658 1140 701 nos
1159 648 1270 723 tempo·
1292 645 1350 714 Cap.
1366 647 1412 698 ιιι.

115 739 185 805 surii
203 738 318 824 quidam
337 739 469 802 homines
490 739 676 817 excitarunt,
702 740 832 803 nonnulli
850 761 889 802 ex
907 741 943 802 iis
962 761 1034 824 quos
1050 741 1179 804 diximus
1196 742 1273 805 inter

114 843 171 908 alis
189 842 279 905 multa
295 841 466 926 opusculum
482 841 626 925 quoddam
644 842 779 926 privatim
794 863 810 904 a
827 842 910 905 nobis
929 842 1128 906 elucubratum
1143 844 1178 906 de
1193 844 1273 926 inge-

115 947 179 1012 nito
194 948 250 1009 deo
267 965 302 1007 ac
318 942 420 1027 genito
438 941 651 1027 surripientes,
687 943 834 1028 plerisque
853 945 958 1008 additis
974 955 1025 1008 aut
1041 945 1198 1024 detractis,
1230 947 1275 1008 in·

114 1047 289 1137 terpulatum
320 1067 356 1108 ac
385 1045 576 1130 depravatum
606 1045 776 1124 ediderunt,
818 1046 985 1130 perturbata
1016 1046 1136 1131 insuper
1164 1048 1276 1112 ordinis

116 1150 212 1229 serie,
244 1159 333 1233 atque
357 1148 426 1210 illud
452 1147 528 1210 idem
554 1158 655 1231 postea
680 1147 831 1211 literarum
856 1148 970 1232 quidam
992 1149 1027 1211 ad
1048 1170 1102 1212 cos
1124 1149 1275 1215 studiosus

116 1253 230 1330 sttulit,
255 1271 378 1314 necesse
395 1249 499 1327 babui,
525 1259 626 1333 utpote
643 1250 722 1313 illius
739 1261 859 1329 auctor,
893 1251 1070 1314 recensitum
1085 1273 1119 1315 ac
1135 1272 1276 1338 repurga-

119 1366 178 1420 tuus
194 1374 267 1439 opus
281 1353 357 1417 istud
376 1353 411 1414 cd
431 1372 485 1416 sos
506 1351 634 1428 mittere,
658 1351 831 1436 quicumque
849 1352 964 1436 pietatis
983 1354 1110 1418 athletae
1124 1356 1277 1440 utriusque

120 1477 212 1522 sexus
234 1456 323 1530 estis,
356 1466 387 1517 ut
412 1453 582 1537 intelligatis
606 1453 676 1516 nibil
703 1475 759 1517 non
787 1454 815 1517 in
842 1477 877 1518 co
897 1476 935 1518 ex
954 1477 1105 1519 sacrarum
1126 1456 1277 1522 literarum
1327 1470 1333 1485 ·“

119 1579 257 1645 germano
280 1577 347 1620 esse
374 1576 464 1618 sensu
489 1555 645 1639 prolatum.
693 1551 786 1620 Cuius
807 1556 921 1641 quidem
940 1558 1086 1643 pracsidio
1105 1580 1156 1622 ecs
1175 1581 1277 1624 omnes

117 1661 169 1749 qui
183 1660 386 1725 contradicere
404 1658 570 1735 volueriut,
594 1657 693 1742 paucis
709 1659 880 1741 quibusdam
898 1660 1030 1724 breviter
1046 1661 1186 1742 obiectis,
1211 1684 1279 1748 pro·
1377 1670 1380 1677 '

120 1763 220 1829 bibere
238 1762 390 1848 poteritis,
415 1781 452 1824 ue
468 1760 505 1823 de
521 1759 651 1842 ingenito
668 1760 725 1822 deo
742 1782 777 1823 ac
792 1762 892 1844 genito
910 1783 1077 1828 sermonem
1094 1764 1279 1850 impudenter

119 1867 290 1942 instituant,
325 1886 359 1928 ac
384 1862 577 1947 temporarios
599 1862 664 1924 illus
688 1861 820 1947 inprimis
845 1885 917 1947 quos
944 1867 1040 1950 attigi.
1085 1864 1181 1931 Porro
1204 1867 1279 1931 banc

120 1968 343 2053 disputationem
369 1967 397 2029 in
423 1966 517 2049 capita
542 1985 680 2027 versuum
706 1964 736 2027 iu
753 1967 867 2029 modum
887 1966 927 2030 ita
943 1968 1118 2051 digessimus
1139 1981 1213 2032 utet
1229 1971 1280 2033 ob-

119 2071 264 2136 iecticoes
287 2069 358 2132 alias
383 2089 421 2130 cx
446 2067 530 2143 aliis,
563 2077 592 2129 et
616 2067 820 2150 quaestionum
847 2068 1055 2134 dissolutiones
1079 2083 1277 2151 necteremus,

120 2194 179 2258 quo
199 2183 230 2236 et
252 2173 289 2235 ad
313 2169 615 2255 comprehendendum
642 2169 774 2233 laciliora
797 2182 828 2234 et
848 2171 996 2256 planiora,
1030 2173 1136 2257 quibus
1157 2175 1277 2252 utimur,

121 2284 292 2360 argumenta
318 2272 402 2335 vobis
427 2281 539 2335 essent.
587 2272 632 2333 Ab
654 2270 787 2354 ingenito
810 2293 883 2336 vero
901 2274 956 2336 deo
979 2273 1143 2361 disputandi
1164 2278 1277 2342 initium

120 2377 257 2443 lecimus.

207 2482 228 2543 l.
253 2475 287 2544 Si
301 2477 450 2562 ingenitus
469 2478 541 2540 deus
557 2476 632 2560 quod
652 2475 782 2560 genitum
800 2489 846 2541 cst
862 2480 958 2542 lacere
982 2479 1144 2563 ingenitum
1168 2492 1277 2567 potest,

123 2582 266 2668 siquidem
291 2578 453 2644 substantia
480 2578 574 2642 omnis
590 2578 720 2661 ingenita
737 2590 800 2658 est,
833 2592 954 2660 neutra,
980 2583 1055 2666 quod
1075 2584 1110 2646 ad
1128 2603 1193 2647 eam
1210 2604 1280 2648 con·

121 2685 262 2751 ditionem
279 2685 400 2759 attinet,
433 2681 541 2745 nullius
557 2691 588 2744 ut
604 2681 762 2744 dominatui
781 2682 893 2763 subsit,
924 2684 960 2748 ab
979 2686 1073 2751 altera
1091 2685 1278 2772 discrepabit.

125 2784 250 2870 Quinam
273 2786 363 2869 igitur
381 2783 437 2848 dici
458 2793 555 2868 potest
576 2783 682 2846 mutari
701 2783 815 2868 quidem
838 2786 978 2866 alteram,
1012 2789 1134 2853 alteram
1153 2800 1278 2868 mutare,

126 2909 189 2951 cum
207 2908 246 2953 ex
264 2887 344 2950 nulla
358 2886 490 2950 subiecta
506 2886 628 2949 materia
647 2885 798 2969 quicquam
816 2890 871 2950 dec
895 2890 1057 2972 producere
1078 2891 1196 2955 minime
1215 2913 1281 2977 pcr-

126 2990 258 3055 mittant?

212 3094 246 3155 ll.
260 3088 293 3156 Si
310 3091 458 3175 ingenitus
475 3093 547 3155 deus
562 3110 665 3154 caussa
678 3101 724 3154 est
738 3090 818 3152 omni
833 3093 1042 3176 praestantior,
1057 3095 1114 3159 erit
1131 3095 1217 3159 etiam
1230 3116 1281 3179 ge·

126 3193 280 3259 uenatione
294 3193 357 3280 ipsa
380 3194 589 3278 praestantior.
636 3189 688 3270 si,
712 3193 846 3276 inquam,
872 3195 985 3258 caussis
1002 3197 1136 3260 omnibus
1154 3199 1282 3262 antecel-

124 3297 176 3377 lit,
201 3295 384 3381 geueraticni
400 3296 499 3360 itidem
516 3295 683 3360 antecellet.
729 3293 835 3379 Neque
852 3297 929 3360 enim
945 3307 996 3359 aut
1012 3299 1048 3360 ab
1066 3299 1158 3363 altera
1178 3310 1281 3365 notura

126 3410 159 3464 ut
180 3409 264 3464 esset
283 3399 416 3483 accepit,
441 3408 493 3460 aut
512 3398 583 3461 illud
606 3397 667 3481 ipse
689 3397 745 3460 sibi
769 3398 903 3462 contulit.

210 3503 260 3564 ΙΙΙ.
273 3499 335 3564 lam
354 3521 438 3578 vero,
462 3500 487 3562 si
505 3499 568 3584 ipse
583 3499 638 3562 sibi
654 3510 685 3562 ιιι
701 3512 783 3564 esset
800 3500 918 3565 minime
937 3502 1071 3581 contulit,
1088 3525 1146 3567 nou
1163 3517 1284 3590 propter

127 3603 215 3667 ullam
238 3613 361 3667 naturae
386 3601 633 3679 imbecillitatem,
665 3605 717 3664 sed
739 3604 814 3686 quod
839 3625 942 3667 caussa
966 3603 1006 3666 sit
1031 3606 1109 3668 omui
1134 3607 1282 3691 superior,

128 3704 194 3789 quis
213 3702 419 3769 subsistentem
437 3715 569 3766 naturam
590 3701 625 3763 ab
644 3722 691 3780 ea,
716 3725 790 3787 quae
807 3705 1014 3770 subsistentem
1034 3709 1215 3791 produxerit,
1240 3709 1285 3771 ni·

128 3805 168 3870 bil
194 3806 226 3870 iu
248 3805 412 3871 substantia
434 3804 610 3869 discriminis
634 3804 742 3867 babere
759 3806 914 3888 latebitur,
946 3830 1010 3873 eum
1029 3810 1171 3874 eiusmodi
1188 3811 1285 3874 subsi-

127 3909 236 3975 stentia
258 3909 482 3994 generationem
506 3927 620 3970 omnem
644 3906 801 3969 excludat?

215 4013 264 4076 tv.
275 4008 311 4076 Si
324 4022 465 4096 perpetuo
478 4032 513 4075 ac
526 4009 591 4074 siue
606 4008 664 4072 ullo
682 4007 738 4069 line
749 4009 821 4070 deus
835 4009 864 4071 in
879 4011 1007 4095 ingenita
1024 4026 1129 4078 natura
1142 4012 1284 4097 persistit,

128 4299 167 4337 σιιι
182 4289 250 4347 cett,
267 4284 331 4348 quod
345 4295 426 4333 utrum
441 4295 489 4333 esst
502 4287 566 4360 putu.
602 4281 691 4360 corno
726 4281 846 4342 facturus,
862 4278 933 4332 initio
947 4281 980 4331 de
993 4282 1041 4334 dec
1053 4285 1167 4353 ingenito
1179 4296 1288 4354 sumpto.

127 4355 179 4404 rto·
192 4355 260 4402 corut
272 4351 298 4401 in
311 4364 426 4402 renuam
441 4365 525 4416 apeme
539 4348 693 4416 pronuntinu
759 4347 784 4400 9.
801 4347 964 4416 προςιεμέιης
979 4355 1069 4402 restttm
1085 4369 1114 4404 ee
1130 4356 1225 4418 nesus
1243 4357 1288 4405 Ge-

128 4418 382 4489 prcnoutiaticneur,
414 4427 441 4468 et
464 4414 595 4469 solutionis
621 4416 692 4468 solu·
725 4421 812 4468 nuinoe
826 4421 957 4480 scriptione
972 4423 1103 4481 corruptele
1119 4428 1152 4471 est
1165 4421 1290 4487 ιιρωιεμέ·

128 4487 225 4538 tionem
233 4525 244 4567 ‚³
277 4504 328 4555 quc
352 4484 449 4566 facilius
472 4483 654 4566 retineamur,-
667 4496 693 4536 et
726 4503 787 4552 ιης,
810 4488 873 4568 qood
889 4488 972 4549 legitur
986 4491 1011 4535 in
1025 4488 1094 4536 codd.
1112 4502 1166 4567 mss.
1184 4496 1290 4552 retroque,

129 4571 302 4622 aggressiones
316 4565 342 4605 ct
356 4554 539 4623 epicheremata
553 4553 618 4604 elma
633 4563 693 4614 unt,
727 4555 789 4604 unde
807 4556 905 4605 edrtores
922 4555 1063 4617 effinxerunt
1079 4555 1237 4623 προιεμένης.

1004 4638 1074 4706 14*
