3066 5078
265 253 326 317 154
544 306 551 319 ,
683 268 807 321 mcv
826 270 997 325 mmm!

263 408 384 469 ναμκες,
406 380 608 464 όςάνείποι,
631 385 785 471 Λίγοδλ,
812 385 1004 472 ῑόἀκλγοί,
1036 383 1265 472 ἀλλ’όκύριος,
1296 397 1426 474 γυναῖκα

263 484 325 554 ἀπό
351 485 562 572 1’ἀνθρώπου
580 485 621 571 μή
647 492 872 574 14χαρίζεσθαι.
916 495 1054 571 Αιήλθον
1076 490 1109 554 δὲ
1129 486 1185 571 τήν
1212 494 1350 576 Φρυγίαν
1372 495 1425 561 καλ

263 585 316 671 τήν
334 586 498 671 Γαλατικήν
523 587 637 673 χοίραν,
664 592 848 667 κωλυθέντες
869 588 970 660 Ιιύττδ
993 598 1047 658 τοῦ
1065 589 1234 673 πνεύματος
1256 601 1310 658 τοῦ
1335 591 1425 682 άγίου

262 697 383 773 λαλῆσαι
398 688 451 757 τόν
464 687 551 776 λόγον
566 694 598 757 ἒν
613 692 762 782 τήἊσίρι,
795 693 934 769 ἐλθόντες
951 694 984 758 δὲ
999 696 1042 770 είς
1058 691 1112 776 τήν
1128 697 1254 759 Μυσίαν
1270 696 1425 783 ίπείραζον

263 794 306 869 είς
316 791 370 877 τήν
388 797 536 859 Βιθυνίαν
553 792 748 879 πορεύεσθαι,
777 797 827 861 καί
845 793 900 861 ούκ
917 799 1013 862 είασεν
1031 793 1141 873 αύτούς
1157 793 1191 862 τό
1207 804 1326 881 πνεῦμα
1344 799 1419 866 ιθτό

262 893 361 981 ἀγιον,
393 893 434 972 σός
454 892 493 961 ἀν
507 897 587 961 είποι
608 895 748 982 Χριστός,
787 895 1020 974 ΠἈπελθόντες
1044 902 1202 982 βαπτίσατε
1222 902 1308 977 1ἐίς
1323 898 1419 967 πάντα

262 996 403 1081 τάέθνη·
433 994 475 1080 μή
496 1004 529 1044 ¹⁹
537 999 690 1081 βαστάζετε
706 997 795 1083 ὀμή
812 999 926 1086 πήραν,
956 997 998 1082 μή
1013 1001 1141 1086 βάβδον,
1172 998 1417 1087 ιιμήτεύποδή-

263 1126 350 1184 ματα.
392 1103 520 1180 Οίτινες,
554 1103 688 1183 Ὴφησί,
719 1104 817 1189 ἔλεγον
838 1109 880 1191 τῷ
908 1100 1020 1190 Παύλῳ
1041 1098 1092 1168 διά
1115 1108 1170 1168 τοῦ
1190 1103 1356 1187 πνεύματος
1376 1104 1417 1188 μή

263 1201 433 1285 ἀναβαίνειν
449 1205 491 1278 είς
506 1200 710 1288 Ἰερουσαλήμ,
742 1210 778 1251 ²³
788 1202 962 1291 ἢἍγαβος,
997 1203 1073 1270 Τάδε
1088 1205 1163 1289 λέγει
1178 1202 1212 1271 τό
1231 1214 1349 1290 πνεῦμα
1369 1206 1420 1274 τόν

262 1301 365 1389 ἀγιον,
395 1301 449 1370 τόν
471 1303 566 1391 ἀνδρα
581 1298 619 1372 ού
636 1308 712 1373 ίστιν
728 1303 749 1389 ή
765 1307 842 1390 ζάνη
859 1305 948 1390 αῦτη,
980 1305 1133 1389 ’ίόμοιον
1149 1303 1191 1383 τίς
1207 1303 1271 1372 είπε
1290 1315 1422 1388 Παῦλος,

147 1412 150 1417 ’
264 1408 308 1472 EI
325 1405 451 1491 δοκιμήν
470 1415 621 1491 ’θζητεῖτε
636 1416 690 1474 τοῦ
706 1411 739 1475 ἐν
753 1411 819 1492 ίμολ
834 1416 991 1486 λαλοῦντος
1009 1416 1047 1456 ²⁶
1058 1415 1203 1495 Χριστοῦ;
1232 1408 1271 1494 ἢ,
1292 1418 1425 1495 Μνημο-

263 1508 360 1576 νεύετε
375 1516 436 1574 τεῦν
448 1508 543 1596 λόγων
564 1516 684 1597 κυρίου,
715 1510 760 1578 δτι
781 1510 872 1588 αάτός
893 1508 973 1577 είπεν
993 1509 1114 1597 ἀγαθόν
1136 1508 1254 1578 διδόναι
1273 1511 1426 1597 μάλλονῆ

262 1611 431 1695 λαμβάνειν.
476 1615 546 1695 Καὶ,
569 1621 638 1678 Νῦν
654 1620 691 1659 ²⁷
701 1611 769 1680 ίδού
786 1613 842 1699 ἐμά
860 1616 1015 1696 δεδεμένος
1031 1618 1073 1702 τῷ
1088 1611 1232 1697 πνεύματι
1243 1612 1425 1700 πορεύομαι,

264 1710 305 1790 οἷς
325 1713 423 1781 ’ὓέἀν
444 1719 539 1800 είποι,
574 1722 696 1792 Παῦλος
710 1718 829 1799 δέσμιος
845 1714 943 1798 Ἰησοῦ
964 1722 1102 1802 Χριστοῦ.
1148 1712 1234 1798 Πλήν
1250 1714 1283 1782 τό
1302 1719 1427 1800 πνεῦμά

264 1841 317 1899 μοι
338 1817 566 1905 διαμαρτύρεται
587 1816 663 1884 κατά
688 1818 790 1901 πόλιν,
819 1820 917 1904 λόγον,
950 1817 1056 1903 ὅμοιον
1082 1815 1170 1895 ’θός
1193 1815 1272 1900 είπε,
1306 1817 1425 1904 Κύριος

138 1952 190 1996 μς.
202 1941 248 1985 ωε.
263 1929 407 2003 μαρτυρεῖ
418 1927 455 2010 τῇ
470 1923 526 2010 ἐμή
543 1926 640 2010 ψυχή,
670 1919 716 1988 δτι
732 1920 770 1987 ού
785 1919 946 2004 ψεύδομαι.
988 1918 1038 1987 Ἐν
1060 1921 1186 2003 δυνάμει
1205 1919 1282 1987 κατά
1305 1928 1424 2005 πνεῦμα

263 2019 436 2108 άγιοσύνης,
473 2021 579 2105 όμοιον
608 2029 650 2111 τρῖ
679 2026 787 2102 εἰπεῖν,
809 2023 914 2109 ’Ἄγιος
945 2020 964 2090 ό
992 2026 1025 2090 ἐν
1056 2021 1152 2110 άγίοις
1183 2022 1424 2108 ἀναπαυόμενος.

266 2127 374 2190 *θΧαλ
398 2123 542 2211 περιτομή
567 2130 691 2209 καρδίας
711 2128 744 2191 ίν
763 2124 921 2209 πνεύματι,
952 2125 1059 2209 ὅμοιον
1079 2135 1120 2214 τῷ
1146 2129 1255 2207 εἰπεῖν,
1287 2132 1349 2194 Χαλ
1371 2155 1423 2195 πε-

263 2226 411 2314 ριετμήθή
433 2235 577 2317 περιτομῇ
602 2226 816 2317 ἀχειροποιήτῳ
839 2231 871 2294 ἒν
893 2235 930 2318 τῇ
953 2228 1113 2295 ἀπεκδύσει
1133 2236 1189 2295 τοῦ
1213 2229 1348 2313 νάματος
1362 2238 1421 2295 τοῖν

264 2327 416 2415 άμαρτιῦν
434 2333 465 2396 λν
483 2337 518 2377 ⁸¹
530 2338 566 2420 τή
584 2339 726 2421 περιτομή
747 2339 801 2397 τοῦ
821 2337 959 2417 Χριστοῦ.
1000 2334 1094 2416 Είπερ
1117 2339 1232 2414 πνεῦμα
1252 2337 1328 2397 θεοῦ
1344 2333 1423 2397 ολκεῖ

264 2437 296 2501 ίν
312 2429 400 2516 ύμῖν,
430 2431 536 2515 ὅμοιον
548 2439 590 2521 τῷ
609 2435 715 2512 ελπεῖν,
749 2431 864 2510 Καθοίς
880 2431 993 2517 ἐλάβετε
1014 2432 1162 2520 Χριστόν,
1191 2435 1223 2501 λυ
1238 2431 1319 2522 αύτῷ
1337 2457 1419 2517 περι-

264 2544 394 2616 πατεῖτε,
423 2537 490 2615 καλ,
522 2542 648 2618 Πνεῦμα
669 2541 776 2618 κυρίου
795 2532 930 2618 ἐλάλησεν
949 2538 981 2601 ἐν
996 2537 1078 2618 ίμολ,
1107 2537 1159 2601 καλ
1176 2533 1262 2623 λόγος
1279 2533 1372 2603 αύτοῦ
1388 2537 1421 2601 ίν

262 2645 305 2728 τρῦ
321 2637 444 2721 στόματί
459 2664 528 2721 μου.
574 2640 648 2718 Καί,
676 2636 737 2721 Τήν
752 2636 888 2721 ἀπαρχήν
905 2644 960 2703 τοῦ
975 2635 1143 2720 πνεύματος
1159 2642 1286 2724 ἔχοντες,
1316 2637 1424 2722 ὅμοιον

262 2748 304 2830 τῷ
319 2743 423 2821 εἰπεῖν,
449 2739 628 2826 ηἈπαρχή
646 2739 782 2825 Χριστός.
821 2737 897 2805 Ἀλλ’
910 2737 983 2805 αύτό
1001 2738 1033 2806 τό
1049 2747 1169 2824 πνεῦμα
1182 2738 1427 2827 ύπερεντυμχάνει

263 2841 339 2929 ῦπλρ
356 2841 457 2926 ήμοῦν,
486 2842 593 2926 δμοιον
608 2849 649 2931 τῷ
664 2846 773 2922 εἰπεῖν,
787 2841 845 2919 ’Ὁς
859 2845 937 2907 ἐστιν
952 2843 984 2907 ἐν
1001 2845 1084 2933 δεξιᾷ
1099 2849 1153 2908 τοῦ
1167 2850 1259 2923 θεοῦ,
1282 2841 1317 2919 δς
1337 2844 1427 2908 ”lv-

264 2943 398 3031 τυγχάνει
414 2943 488 3031 ύπὲρ
504 2944 597 3030 ήμοῦν.
631 2944 698 3010 ’Ἵνα
719 2948 836 3031 γίνηται
849 2941 871 3027 ή
884 2943 1042 3028 προςφορά
1063 2952 1123 3011 νῦν
1143 2947 1243 3011 ἐθνῶν
1267 2943 1428 3029 εῦπρόςδε-

265 3075 350 3128 κτος,
379 3045 556 3134 άγιασθεῖσα
570 3050 602 3115 ἐν
622 3045 766 3130 πνεύματι
782 3044 873 3135 ἀγίρι,
903 3046 1008 3128 ὅμοιον
1029 3055 1072 3135 τῷ
1089 3048 1197 3127 εἰπεῖν,
1227 3044 1260 3113 ‘0
1277 3047 1311 3112 δὲ
1324 3044 1429 3132 πόριος

171 3143 173 3146 ’
268 3149 435 3238 ’wysiam
462 3149 559 3233 ύμῦς,
591 3154 641 3217 ἵνα
663 3142 715 3235 ἦτε
743 3153 921 3234 εἰλικρινεῖς,
954 3151 1006 3215 καὶ
1031 3148 1220 3233 ἀπρόσκοποι
1247 3151 1291 3224 είς
1313 3145 1428 3233 ἡμέραν

269 3258 429 3339 θὸκυρίου.
472 3250 558 3335 Ἡμῖν
574 3253 607 3318 δὲ
621 3249 813 3332 ἀπεκάλυψεν
831 3249 849 3316 ό
868 3249 986 3328 30θεός
1002 3249 1053 3318 διό
1067 3258 1121 3316 τοῦ
1138 3249 1305 3333 πνεύματος
1325 3247 1426 3329 αύτοῦ,

266 3355 373 3441 ὅμοιον
388 3363 429 3444 τῷ
448 3358 555 3438 εἰπεῖν,
577 3353 649 3421 Ὅτε
664 3352 823 3436 εύδόκησεν
843 3351 908 3419 Ηό
926 3350 1073 3439 ἀφορίσας
1089 3378 1125 3435 με
1139 3354 1173 3418 ίκ
1187 3356 1301 3428 κοιλίας
1317 3349 1428 3436 μητρός

265 3486 325 3543 μου
350 3457 399 3524 διά
422 3464 476 3542 τῆς
497 3455 616 3543 χάριτος
638 3456 732 3523 αῦτοῦ
756 3455 950 3537 ἀποκαλύψαι
975 3459 1051 3523 θθέν
1076 3456 1142 3539 λμολ
1161 3451 1213 3520 τόν
1234 3452 1301 3519 υίδν
1324 3454 1428 3519 αῦτοῦ.

263 3558 361 3645 Ἡμεῖς
377 3561 409 3626 δὲ
430 3559 467 3627 οῦ
484 3558 518 3626 τό
531 3567 646 3642 πνεῦμα
662 3566 715 3625 τοῦ
730 3557 846 3642 κόσμου
863 3559 1022 3642 ἐλάβομεν,
1052 3555 1125 3624 ἀλλά
1143 3553 1176 3620 τό
1193 3562 1309 3637 πνεῦμα
1329 3560 1431 3619 89τοῦ

265 3671 358 3743 θεοῦ,
387 3662 493 3748 ὅμοιον
507 3667 548 3751 τῷ
568 3665 675 3742 ελπεῖν,
702 3656 845 3738 Ἑαυτοάς
863 3659 1047 3744 δοκιμάζετε,
1078 3661 1106 3725 εί
1121 3656 1139 3725 ό
1156 3656 1284 3744 Χριστός
1301 3653 1430 3740 ίνύμῖν.

267 3764 353 3844 Ναός
369 3774 423 3832 τοῦ
439 3772 517 3831 θεοῦ
530 3768 609 3843 ἐστε,
641 3766 691 3829 καί
708 3762 741 3830 τό
758 3771 874 3846 πνεῦμα
887 3770 941 3829 τοῦ
959 3769 1035 3830 θεοῦ
1055 3764 1133 3828 οίκεῖ
1153 3763 1187 3828 ἒν
1204 3756 1291 3841 ύμῖν,
1322 3755 1432 3842 ὅμοιον

265 3875 306 3958 τρῖ
321 3873 426 3947 εἰπεῖν,
447 3865 610 3950 Ἐνοικήσω
635 3868 667 3933 ἒν
688 3863 803 3944 αύτυῖς,
836 3868 886 3931 καλ
909 3862 1152 3952 ίμπεριπατήσυ,
1183 3863 1235 3928 καί
1253 3863 1357 3944 ἔσομαι
1375 3859 1432 3924 αῦ-

267 3979 326 4038 τῦν
346 3969 435 4051 θεός,
457 3973 508 4036 καλ
530 3967 616 4035 αύτολ
637 3972 755 4035 ἔσονταί
777 3993 827 4051 μοι
847 3967 927 4044 λαός.

303 4112 342 4163 12
368 4106 414 4164 οῦκ
434 4108 484 4178 λγ
466 4130 503 4174 ω,
532 4103 586 4164 ἀλλ’
609 4110 675 4192 adipi
695 4123 725 4159 ιτ
745 4111 832 4191 Ιλοοοε.
902 4108 941 4162 17.
958 4104 1133 4171 Πορευθέντες
1144 4108 1230 4160 Aaou

267 4182 333 4231 δίδη·
348 4181 419 4260 υυίςο
435 4129 518 4230 λίτοάιί
537 4174 605 4245 ίγεδ,
624 4173 671 4244 οόχ
688 4169 702 4230 ό
720 4171 813 4240 κύριος
903 4176 939 4226 18.
958 4174 995 4233 εἰς
1011 4190 1059 4225 ποτε
1075 4175 1275 4237 nonuncium.

305 4247 342 4298 13.
367 4241 459 4312 ἀνδρὸς
480 4251 563 4298 Amor.
596 4249 626 4296 Εί
646 4249 681 4294 ita
706 4247 831 4295 τεείίλυιο-
901 4241 940 4295 19
959 4245 1024 4292 Libri
1047 4245 1118 4305 ουλςο
1143 4234 1302 4310 βαστάζεται.
1341 4241 1430 4292 Ancon

269 4317 327 4366 δυιο
343 4329 390 4366 αττ
407 4318 494 4365 cmvii
510 4317 627 4366 Ρείανῖαι
866 4306 1019 4393 βαστάζητε.

304 4386 378 4465 χ
378 4384 519 4503 κρισδομαι
530 4385 617 4435 Amor
899 4379 940 4429 ‘20
959 4395 997 4444 η
1016 4393 1062 4428 οτι
1075 4381 1161 4431 Amr.

304 4452 344 4503 15.
360 4468 377 4502 α
898 4446 939 4498 21
958 4397 1121 4512 Ἦηδλλοσοε

303 4516 342 4572 16
360 4515 390 4572 τὸ
407 4510 477 4584 ἅγιοι
493 4533 540 4570 mm
557 4519 624 4570 οοοιλ
634 4520 721 4573 Αοοοε.
899 4514 940 4565 22
957 4513 1037 4582 φησὶν
1048 4517 1133 4569 Amor.
