3096 5070
398 281 536 336 raason
553 280 617 332 ιιι.
629 281 673 332 ιιι.
690 280 772 334 roa.
786 281 807 332 ι.
822 279 923 332 naen.
938 279 1032 332 sxxr.
1252 268 1296 340 ,ιι

141 403 379 482 aecclesiam,
411 423 485 488 quae
508 421 646 465 seraiooe
666 400 808 486 explicari
832 410 997 485 nequeunt,
1022 399 1182 464 dimensor.
1229 396 1300 464 Fuit

55 558 56 561 ,
141 509 187 574 bic
203 519 334 595 prompta
351 507 386 571 ad
404 505 580 591 loquendum
598 525 632 567 ac
648 503 768 566 volubili
784 504 895 587 lingna,
920 504 993 565 adeo
1011 514 1042 565 ιιι
1056 505 1212 588 plerosque
1230 523 1298 566 aer·

139 611 242 677 boram
266 612 327 696 ipsa
350 606 589 694 pronuntiatione
612 617 643 669 et
672 604 787 670 dicendi
809 606 962 670 celeritate
984 605 1013 668 in
1046 606 1176 669 iraudem
1197 615 1298 691 posset

139 715 301 800 impellere.
349 710 447 795 Saepe
475 708 552 771 enim
570 730 586 771 a
606 709 703 772 ocultis
726 710 868 772 refutatas
889 718 954 786 est,
987 718 1052 792 post
1069 706 1145 771 illam
1159 709 1209 790 ,sui
1230 729 1298 794 pur·

139 819 286 900 petionem
309 834 395 898 quant
412 812 440 874 iu
459 808 630 876 Sardicensi
648 812 762 896 synodo
775 810 920 896 suscepit,
951 810 1069 874 camah
1088 810 1232 896 episcopis
1249 832 1299 894 pc·

140 919 262 984 stilerae
283 919 451 994 doctrinae,
476 934 561 997 quam
576 923 788 998 proposuerat,
819 913 960 976 rationem
979 913 1103 976 reddere
1121 924 1167 976 est
1185 910 1295 976 iussas.

140 1020 258 1087 Etenim
277 1018 482 1084 Constantium
500 1015 707 1100 imperatorem
724 1016 845 1092 adiens,
876 1025 1012 1100 tartunam
1032 1017 1130 1100 inique
1148 1015 1299 1100 depositus

140 1136 238 1202 esset,
271 1141 380 1186 causae
402 1140 473 1184 saao
500 1119 611 1182 iudices
634 1139 669 1182 ac
694 1118 907 1202 disceptatores
929 1117 1028 1202 petiit,
1059 1119 1163 1202 quibos
1192 1120 1299 1182 frastra
1365 1104 1424 1207 ι’),

140 1227 195 1290 sibi
213 1226 382 1309 abrogatam
407 1243 473 1286 esse
493 1221 688 1285 sacerdotium
709 1222 857 1304 probaret.
904 1216 951 1285 Ob
967 1221 994 1284 id
1014 1220 1175 1306 imperator
1188 1219 1299 1284 indices

143 1327 239 1407 misit,
274 1328 348 1412 apud
369 1346 447 1410 qnos
473 1324 521 1388 ille
538 1346 672 1388 acassam
696 1334 816 1408 agerat,
848 1321 1037 1388 Thalassium
1063 1335 1094 1387 et
1122 1322 1298 1402 batianum,

143 1428 328 1509 Cerealium,
370 1428 521 1506 Taurum,
560 1424 784 1504 Marcellinum,
818 1424 1014 1506 Et'anthium,
1049 1423 1236 1513 Olympiam,
1270 1434 1300 1490 ct

143 1530 315 1610 Leontium,
340 1533 496 1615 datamqne
519 1526 630 1594 Basilio
647 1532 809 1614 Ancyrano
826 1529 995 1613 negotium,
1027 1531 1153 1596 utillum
1172 1531 1299 1594 iuterro-

140 1646 236 1720 garet,
261 1645 290 1698 et
307 1655 381 1720 quac
399 1635 435 1698 ab
453 1655 490 1697 eo
507 1645 703 1717 purgarentur
718 1642 768 1696 ant
784 1632 1009 1696 admitterentur
1024 1633 1185 1696 refelleret.
1231 1629 1301 1697 Fuit

142 1760 212 1801 raro
230 1738 305 1801 baad
327 1736 484 1800 mediocris
503 1736 553 1798 illa
577 1757 642 1799 cum
658 1731 772 1797 Basilio
796 1745 932 1819 suscepta
952 1734 1120 1819 disputatio.
1167 1734 1227 1799 Sed
1249 1757 1300 1799 ne-

140 1841 299 1926 quissimae
315 1838 504 1903 mulierculae
517 1859 611 1916 more,
629 1857 704 1921 qnae
720 1835 794 1899 lucis
808 1837 936 1900 colorem
953 1838 1111 1917 adulterat,
1134 1839 1300 1903 senitentias

141 1943 169 2005 in
185 1942 360 2026 disputando
376 1942 531 2005 nonnullas
545 1940 707 2018 iniciebat,
731 1960 804 2024 qaas
820 1961 836 2001 a
853 1960 941 2002 senso
957 1941 1090 2004 veritatis
1107 1941 1301 2006 abhorrentes

142 2045 301 2128 depravata
318 2063 371 2107 sua
387 2042 580 2127 intelligentia
595 2052 779 2128 corruperat.
826 2038 886 2106 Sed
906 2044 1052 2106 sermonis
1071 2044 1242 2123 calliditate,
1265 2066 1300 2109 ac

143 2144 280 2229 loqneudi
303 2145 443 2208 facilitate
465 2147 501 2207 ad
525 2145 570 2209 soi
593 2147 817 2229 auditorumque
842 2143 1043 2229 deceptionem
1066 2147 1234 2230 cornprimis
1257 2147 1301 2211 in·

142 2259 290 2325 stractus,
324 2249 411 2311 etiam
428 2247 497 2312 illud
520 2246 630 2311 iactare
647 2261 821 2332 arroganter
839 2269 928 2312 ausus
947 2259 1010 2327 est,
1040 2259 1156 2312 centum
1177 2271 1211 2314 se
1227 2249 1302 2313 scri-

143 2361 246 2436 pturae
272 2350 448 2414 testimoniis
469 2349 636 2435 opinionem
663 2371 745 2414 suam
772 2373 838 2415 esse
866 2351 1067 2436 probaturam.
1112 2349 1200 2415 Multi
1223 2352 1301 2416 enim

143 2456 286 2517 adversus
302 2453 381 2517 illum
397 2452 427 2516 in
444 2446 592 2516 certamen
609 2453 838 2534 descenderunt,
857 2465 887 2517 ot
903 2454 931 2518 in
950 2453 1024 2517 actis
1040 2453 1205 2518 collationis
1224 2455 1301 2519 illios

144 2577 207 2619 com
224 2553 334 2619 Rasilio
352 2556 533 2641 reperimus,
566 2575 673 2639 quaes
693 2556 815 2620 notariis
835 2568 959 2642 excepta
978 2566 1041 2636 est,
1075 2554 1191 2641 hrrysio
1210 2555 1302 2639 impe·

143 2659 251 2722 ratoris
265 2659 417 2736 otinistro,
442 2668 473 2721 ct
490 2654 648 2722 Callicrate
664 2668 825 2743 exceptore
844 2658 945 2723 liuhai
965 2657 1123 2745 praelecti,
1148 2655 1300 2743 Olympio,

142 2759 269 2837 Niceta,
295 2758 423 2837 Basilio,
449 2761 496 2845 qui
514 2771 599 2824 erant
615 2781 632 2823 a
649 2760 806 2839 memoria,
832 2759 986 2848 Eutyche,
1019 2772 1049 2825 et
1067 2760 1223 2827 Theodulo
1243 2758 1301 2825 tta-

143 2862 199 2926 silii
216 2862 350 2926 notariis.
397 2860 512 2946 Quibus
528 2863 663 2926 omnibns
679 2862 850 2948 perscriptis
870 2875 965 2929 tomas
982 2886 1057 2928 ottus
1074 2864 1245 2949 obsignatus
1264 2865 1301 2928 ad

143 2965 346 3050 imperatorem
372 2962 602 3030 Constantinum
625 2965 819 3044 missusest,
851 2966 927 3030 alias
952 2989 1042 3052 penes
1060 2970 1221 3053 synodum,
1254 2968 1300 3031 cai

140 3065 272 3131 Basilius
305 3069 465 3147 intererat,
507 3068 667 3146 remansit,
709 3068 826 3131 tertium
858 3068 979 3154 perinde
1009 3069 1193 3154 obsignatum
1223 3071 1299 3155 apud

141 3191 175 3234 se
201 3171 324 3235 comites
352 3172 532 3249 habuerant,
567 3171 616 3234 ubi
642 3182 703 3235 tota
725 3169 801 3235 illios
826 3172 970 3256 dogmatis
994 3173 1142 3259 expositio
1166 3175 1299 3238 contine·

140 3274 238 3340 batur.
1043 3325 1045 3328 .

226 3374 322 3442 Porro
343 3397 409 3440 eom
433 3378 468 3440 de
493 3377 541 3440 illo
564 3375 693 3440 Basilius
714 3376 933 3456 sciscitaretur,
968 3380 1113 3462 quomodo
1137 3379 1301 3464 scripturae
1328 3384 1387 3454 cap,
1403 3387 1436 3436 tr.

142 3501 243 3544 sacrae
265 3482 301 3544 de
326 3479 445 3544 domiuo
469 3501 503 3543 ac
521 3479 577 3543 deo
595 3480 687 3542 aerbo
706 3479 863 3557 docerent,
894 3492 962 3545 ante
982 3483 1079 3551 omnia
1099 3483 1215 3547 saecula
1236 3482 1441 3559 oui-roman.

142 3581 269 3662 genitam
296 3584 387 3663 illam,
419 3595 449 3645 et
474 3605 538 3647 cum
557 3592 640 3668 patre
655 3583 773 3662 inisse,
805 3581 948 3647 Photinus
967 3585 1094 3649 adhibita
1113 3584 1300 3648 distinctione

145 3681 184 3744 ita
203 3684 278 3765 qood
295 3686 445 3750 dicebatur
462 3686 616 3771 probabat,
640 3685 744 3770 partim
762 3696 793 3748 ut
809 3686 844 3748 ad
864 3683 1033 3764 Christum,
1059 3687 1162 3772 partim
1179 3688 1215 3749 ad
1234 3707 1301 3749 aer-

143 3850 306 3919 μεμοραδίοις
322 3856 358 3903 ed.
375 3858 455 3906 Petau.
486 3856 646 3921 μεμοραρῑοις
665 3872 705 3907 aa·
739 3858 851 3907 Patavina
873 3859 923 3908 laea
938 3859 1121 3908 succurrendum
1139 3871 1186 3906 esse
1209 3859 1302 3919 pertavit

141 3925 215 3983 spicio
234 3922 325 3970 Patauii
337 3928 393 3970 erat.
413 3921 582 3988 μεμοριαλιοις
595 3927 704 3972 emenda-
737 3927 841 3973 restituto
854 3918 916 3978 ὅπου
930 3941 974 3987 pro
991 3919 1042 3986 alc,
1059 3930 1079 3973 et
1093 3930 1139 3973 tota
1153 3939 1227 3986 paene
1240 3927 1302 3976 coela

141 3993 174 4040 vit
190 3992 275 4039 Frons.
293 3992 398 4039 Francos
422 3993 580 4052 (Salmasius)
603 3993 628 4038 in
644 3994 704 4040 Gon·
738 3994 872 4054 aberraoit,
888 4008 942 4043 eam
952 3998 1033 4054 pateat
1050 3998 1108 4042 certe
1121 3995 1179 4055 hoc,
1196 3996 1302 4056 Epipha-

141 4060 185 4120 int.
196 4059 320 4107 Animada.
333 4060 426 4107 Antonii
437 4059 546 4107 Coronatii
557 4072 580 4116 p.
590 4061 631 4105 ιιι.
648 4059 705 4107 item
738 4060 803 4107 nitrm
819 4062 877 4110 nihil
897 4063 965 4110 aliud
987 4063 1087 4110 valarisse
1109 4076 1181 4123 quam
1195 4067 1301 4113 actorum

141 4128 179 4176 Du
196 4127 315 4187 coaptas,
339 4140 407 4188 quem
432 4140 454 4174 u.
474 4128 499 4174 tn
523 4125 650 4174 Glassariia
671 4127 704 4175 ad
738 4130 928 4177 torriumtertinm
942 4131 1055 4178 mannase
1068 4130 1246 4191 opaucomtto,
1260 4145 1301 4194 pe·

142 4195 237 4255 Scriptt.
254 4196 314 4243 Med.
331 4199 352 4243 et
368 4195 412 4255 inl.
428 4195 566 4243 Graecitatis
578 4198 599 4243 et
612 4195 704 4244 Latini-
737 4194 804 4242 riade
818 4197 963 4258 abstpnatum
974 4203 1042 4258 atque
1053 4200 1127 4259 impia
1141 4200 1233 4248 Phottni
1243 4214 1300 4262 atto·

142 4264 197 4312 tatia
211 4276 229 4311 ι.
248 4277 270 4312 a.
739 4276 783 4324 que
797 4263 915 4325 doprnato
935 4266 1063 4317 Carnarius
1076 4271 1142 4316 certd
1159 4277 1232 4333 prout
1247 4268 1300 4334 ipss

176 4331 214 4380 ta.
233 4328 359 4397 βασιλέως
371 4333 503 4388 manicatus
520 4335 553 4379 eat
568 4331 688 4382 Petaraios.
739 4346 770 4380 ex
786 4330 911 4381 renitentia
927 4348 970 4382 sua
989 4333 1169 4399 pronuntiarat„

178 4395 215 4448 tt.
234 4400 300 4449 Libri
315 4402 387 4462 eulpa
406 4397 596 4465 Κωισταιτιιῳ.
777 4397 835 4448 Cte-
852 4400 882 4448 ll.
897 4427 931 4440 -·
965 4403 987 4453 1.
1005 4405 1186 4456 domitandam
1208 4405 1301 4456 videtur

177 4463 424 4535 depompationem
438 4470 467 4518 de
476 4469 608 4518 amiectara
622 4472 706 4532 scripsi
737 4463 834 4522 Ὁπότε
851 4463 909 4536 γὰρ.

138 4549 183 4598 pro
193 4534 345 4605 βεβλημένοι,
357 4539 420 4600 qaod
434 4539 505 4600 eulpa
516 4541 579 4587 catat
593 4540 618 4589 tn
630 4540 704 4592 tibris.
