3096 5070
410 322 548 376 raunau
566 322 631 375 ιιι.
646 323 689 376 nr.
707 322 790 376 ron.
802 323 821 373 ι.
839 321 939 372 unca.
951 321 1047 375 cxxi.
1261 308 1305 372 ιιι

145 462 263 507 caruem
278 453 417 507 mutatum
439 442 544 521 luerit3
574 443 615 505 ita
631 442 707 505 enim
724 442 772 505 illc
796 443 870 505 falso
886 443 922 504 de
941 440 997 503 boc
1013 452 1187 524 argumento
1209 439 1304 504 disse·

145 547 215 609 ruit.
260 543 301 609 Et
318 569 391 611 vero
408 549 433 610 si
454 547 584 609 uramus
605 545 695 608 verbo
712 546 857 627 originem
877 543 1054 622 aritecessit,
1080 563 1131 626 per
1149 565 1303 627 quemnam

146 668 205 711 non
231 650 317 712 modo
335 651 487 726 addamus,
512 646 670 710 sedetiam
695 667 769 729 qnae
785 647 901 710 Adamo
927 645 1041 730 priores
1063 655 1132 707 sunit
1149 656 1304 709 ercamrao

146 751 191 815 dei
216 773 319 816 omues
344 753 503 836 productae
528 749 616 811 sont?
658 745 734 832 Quis
754 749 802 812 ille
819 769 891 811 nero
908 759 954 811 est
968 746 1014 811 cui
1034 756 1117 831 pater
1135 746 1226 826 dixit,
1251 751 1305 810 Fo-

145 858 252 916 ciamus
265 858 424 916 ltomr'nem?
466 847 564 913 Nemo
580 849 656 913 enim
673 861 723 913 aut
741 852 775 913 ad
793 848 923 914 intimum
941 849 1062 912 verbnm
1081 870 1178 925 suurn,
1203 858 1253 912 aut
1269 851 1306 914 ad

144 956 214 1019 illud
240 956 316 1039 quod
341 952 476 1017 exterius
494 955 642 1038 protertur
665 952 907 1017 consultationem
923 951 1221 1034 deliberationemque
1236 952 1306 1014 diri-

144 1058 199 1142 gir.
247 1055 318 1119 ldeo
342 1056 460 1119 inuitum
477 1054 532 1118 sibi
548 1056 822 1140 sanctissimumque
843 1074 926 1121 ιιιιιι
944 1056 1066 1118 verbum
1083 1055 1235 1138 alloquens
1257 1075 1306 1139 pa·

146 1170 192 1223 ter
211 1160 337 1222 loturam
365 1157 489 1221 bominis
511 1158 745 1243 procreationem
764 1159 979 1243 sapientissima
1000 1178 1073 1221 voce
1097 1158 1242 1236 declarat,
1275 1168 1304 1221 ut

146 1261 235 1324 lilium
260 1262 333 1345 apud
358 1271 468 1346 patrem
485 1259 570 1323 initio
589 1261 727 1325 extitisse
744 1263 906 1338 sciremus,
939 1281 1035 1344 neque
1055 1259 1235 1323 conditorem
1254 1281 1306 1323 oo-

96 1376 100 1392 ¹
146 1375 239 1426 strum
257 1384 360 1426 recens
378 1365 407 1426 io
428 1364 521 1427 lucem
540 1363 648 1429 editum
668 1365 898 1443 arbitraremur,
922 1364 973 1427 sed
993 1373 1158 1448 compatre
1178 1362 1304 1448 priorem

146 1466 271 1529 necatis
293 1467 428 1530 omnibus
452 1468 556 1531 luisse.
603 1463 634 1529 ld
652 1467 727 1551 quod
748 1465 875 1531 loannes
892 1467 931 1530 ita
950 1469 1149 1530 demonstrata
1174 1470 1208 1528 ln
1221 1470 1304 1548 prt'n·
1318 1472 1394 1520 toan.
1409 1472 1459 1529 ιι·

145 1573 218 1650 arpa
239 1580 304 1632 erat
322 1570 451 1644 amdam,
476 1580 507 1631 et
525 1571 639 1632 uerbum
661 1582 727 1632 erat
744 1575 822 1652 apud
841 1574 933 1632 damu.

227 1775 319 1859 Atqui
342 1775 483 1855 verbum,
514 1775 610 1859 iuquit
625 1775 784 1839 circulator
807 1775 881 1854 iste,
914 1774 1088 1860 aprinoipio
1105 1774 1242 1838 extitisse
1261 1775 1303 1838 lo·
1328 1774 1440 1846 captv.

141 1888 225 1955 teor3
259 1879 347 1940 blium
371 1878 416 1940 dei
434 1878 564 1961 genitum
591 1878 701 1955 luisse,
734 1877 761 1941 id
785 1898 858 1941 vcro
883 1900 941 1940 non
964 1881 1068 1942 lateor.
1116 1874 1227 1940 Verum
1247 1877 1303 1941 rrisi

144 1979 190 2042 dei
207 1980 247 2042 sit
262 1978 349 2057 tilius,
373 1981 469 2042 inauris
485 1990 531 2043 est
547 1978 625 2044 illius
644 1982 739 2060 labor,
762 1980 850 2044 inane
866 1991 898 2043 et
908 1981 996 2044 animi
1013 1981 1207 2066 propositum,
1228 2001 1304 2043 rana

143 2079 269 2164 denique
300 2100 368 2165 sper
394 2081 489 2144 omnis
516 2093 546 2146 et
570 2083 724 2167 cogitatio.
784 2081 868 2146 Nihil
893 2082 970 2146 euim
1000 2085 1124 2168 amplius
1151 2082 1303 2147 excellen-

144 2181 260 2266 tiusque
286 2182 322 2246 de
341 2178 463 2246 Christo
482 2184 635 2266 profitetur
654 2207 739 2270 quarn
758 2182 859 2248 ludaei
874 2184 948 2270 ipsi,
972 2185 1019 2269 qui
1035 2187 1159 2249 eundem
1177 2187 1304 2271 abuega-

142 2295 223 2349 runt.
269 2281 365 2349 Porro
389 2307 448 2349 non
474 2286 684 2372 scriptumest
709 2288 738 2351 iu
755 2288 928 2372 evangelica
958 2292 1147 2370 lnprr'nm'pr'a
1163 2301 1304 2351 matrer-

144 2389 227 2463 lum,
261 2399 291 2450 et
306 2390 419 2450 verdum
434 2401 501 2451 erat
516 2394 546 2451 in
562 2395 630 2464 deo,
662 2391 731 2469 aad,
764 2393 884 2453 Verbum
907 2402 971 2452 erut
987 2394 1064 2471 apud
1079 2395 1177 2465 ιιιιι,
1203 2410 1258 2454 nec
1274 2390 1303 2454 io

143 2492 200 2555 deo
219 2491 339 2555 verbum
358 2493 445 2555 modo
462 2492 553 2556 luisse
573 2493 661 2573 dicit,
692 2494 837 2558 sedltenr
854 2495 1054 2556 mutandam.
1103 2489 1135 2554 lu
1160 2491 1304 2578 ipsoqui·
1411 2479 1414 2484 ¹

144 2594 209 2657 dem
228 2593 344 2657 bomine
362 2614 462 2658 sermo
477 2594 547 2673 ille,
571 2595 620 2680 qui
638 2607 780 2681 perpetuo
794 2607 845 2660 aot
861 2596 997 2674 interior,
1022 2604 1073 2659 aut
1087 2605 1213 2658 externa
1230 2616 1304 2658 voce

143 2696 355 2780 prolatuseet,
388 2695 475 2759 bomo
493 2697 549 2761 dici
569 2720 627 2761 non
645 2709 759 2783 pateat,
791 2701 842 2763 red
859 2699 985 2763 bominis
1003 2719 1113 2763 sermo.
1160 2693 1302 2779 Quodsi,

143 2809 177 2861 ιιι
193 2798 241 2863 ille
255 2809 400 2881 nugatur,
433 2801 560 2863 noudum
579 2800 660 2863 velut
677 2802 772 2864 foetos
788 2813 890 2880 erant,
923 2813 973 2865 aut
989 2801 1034 2864 dei
1053 2801 1128 2863 lilius
1147 2800 1220 2863 deus
1237 2819 1304 2864 ver-

143 2899 223 2977 bum,
248 2921 301 2985 per
315 2921 469 2985 quemnam
487 2903 584 2966 omnia
602 2904 742 2987 producta
756 2906 844 2968 sunit?
887 2902 1142 2988 Quandoquidem,
1166 2913 1197 2966 ut
1214 2922 1305 2966 eran-

144 3001 251 3086 gelium
275 3003 401 3081 asserit,
436 3008 534 3067 Omnia
554 3027 610 3087 per
630 3009 818 3089 ipramsaeta
838 3019 921 3082 sant,
944 3011 1050 3069 ateriae
1066 3008 1305 3087 aprosrrtamert
1404 3053 1405 3056 ,

142 3109 225 3168 nr'lril.
282 3109 401 3172 Atenim
432 3108 691 3193 quemadmodum,
726 3109 836 3194 inquit,
869 3110 956 3173 bomo
985 3129 1038 3195 per
1065 3109 1187 3173 verbum
1218 3130 1302 3172 suum

143 3209 280 3293 quidquid
300 3211 414 3275 libuerit
433 3211 536 3288 efficit,
561 3209 647 3274 itaet
664 3221 814 3297 paterper
830 3212 951 3276 verbum
972 3233 1072 3290 suum,
1097 3212 1173 3297 quod
1191 3212 1219 3274 iu
1237 3214 1301 3297 ipso

142 3323 219 3391 erat,
244 3314 382 3377 universa
400 3313 575 3399 procreavit.
623 3310 779 3396 Quomodo
797 3314 885 3398 igitur
900 3315 955 3378 boc
970 3314 998 3377 iu
1019 3316 1174 3399 euarrgelio
1193 3313 1301 3377 domini

142 3413 249 3479 dictum
266 3415 467 3502 accipiendum
486 3427 550 3480 est:
583 3421 769 3499 Patareaque
784 3422 864 3480 morlo
880 3430 1031 3499 operatam,
1064 3430 1093 3480 et
1107 3440 1161 3499 ego
1177 3420 1300 3498 operor?

144 3511 229 3596 Quae
243 3519 335 3582 verba
352 3541 409 3583 ooo
425 3519 470 3583 sic
484 3519 673 3603 intelligenda
689 3531 776 3599 suot,
801 3521 883 3606 qnasi
904 3521 933 3584 iu
952 3520 997 3584 bie
1014 3540 1089 3606 qaae
1111 3519 1186 3583 filius
1212 3517 1297 3582 efficit
1363 3524 1370 3549 '
1412 3531 1417 3538 '

144 3615 214 3678 nibil
228 3631 315 3702 ‘pater
333 3622 396 3707 ipsc
416 3623 569 3700 moliatur,
602 3631 654 3685 aut
672 3632 776 3686 contra
794 3623 1004 3687 abalienandos
1024 3624 1064 3687 sit
1079 3622 1174 3700 lilius,
1205 3642 1300 3706 oeque

143 3737 177 3781 ae
195 3720 285 3802 patris
305 3724 419 3806 opificio
444 3726 558 3807 agendo
577 3724 683 3808 aliquid
707 3725 880 3790 immisceat.
927 3723 1080 3810 Siquidem
1097 3745 1186 3809 opera
1202 3726 1299 3789 omnia

143 3840 161 3883 a
178 3829 261 3905 patre
273 3821 358 3886 sinml
377 3836 406 3887 et
422 3825 480 3889 lilio
495 3835 526 3888 ct
539 3824 643 3909 spiritu
660 3837 763 3890 sancto
779 3829 918 3912 producta
933 3837 1012 3891 suut.
1046 3824 1124 3889 Nom
1140 3849 1194 3912 per
1207 3827 1301 3913 ipsum

144 3921 241 3986 omnia
265 3934 334 3986 curat
356 3946 373 3988 a
395 3936 476 4010 patre
500 3925 657 4010 producta,
690 3926 811 4012 ipseque
833 3930 908 3993 adeo
937 3950 1003 3991 oum
1034 3938 1116 4013 patre
1148 3940 1176 3993 et
1197 3931 1454 4015 spiritnrntnmm

143 4036 248 4089 carunto
274 4025 428 4090 fabricavit
451 4027 559 4092 omnia.
605 4027 695 4088 Verbo
719 4035 791 4091 enain
811 4035 919 4093 domani
938 4033 1013 4092 coeli
1023 4032 1246 4112 lormatr'snnt,
1272 4049 1301 4098 ct

144 4132 248 4208 spria'ta
260 4133 321 4191 oris
336 4135 397 4191 oriar
411 4135 500 4192 oman
517 4133 609 4191 vertas
624 4151 740 4191 munau„
778 4128 926 4214 Quocirca
943 4142 1027 4196 caute
1043 4133 1111 4199 illnd
1128 4139 1299 4254 prudenter-

143 4251 200 4315 que
224 4231 393 4295 dominus
385 4254 414 4294 ro
439 4232 594 4318 eraugelio
619 4233 711 4312 dixit,
736 4254 818 4311 cum,
843 4244 943 4319 utpote
964 4236 1036 4299 deus
1062 4238 1157 4301 omnia
1183 4240 1299 4324 praeri-

176 4364 200 4419 3.
210 4363 255 4420 και
268 4365 364 4434 mecla
378 4364 454 4424 αι’τιυ
442 4365 637 4437 ἠιιροαιρεσις
650 4368 700 4421 cod.
768 4366 791 4418 6
808 4363 1021 4435 oblatrandum
1035 4375 1167 4425 emendavit
1178 4376 1297 4427 Prtcrtar.

141 4435 239 4500 Rbedr'p.
734 4432 920 4504 dilatandam<
940 4443 1011 4505 culpo
1033 4447 1097 4493 ιιιιι
1116 4444 1141 4492 ιι
1162 4445 1234 4494 ιιιιιι.
1269 4445 1298 4493 ιι

175 4503 232 4557 tet
246 4500 319 4559 δι’
289 4523 336 4561 ουκ
349 4495 381 4573 ηἰ
393 4509 526 4569 maniculae
539 4508 699 4560 aerenum
736 4509 865 4559 Carnarius
888 4511 938 4561 ιἰιιιι
960 4513 1027 4562 nota
1049 4527 1130 4578 neque
1150 4509 1219 4577 qaod
1234 4509 1297 4563 titio·

176 4572 200 4624 5
210 4575 256 4627 τοῦ
270 4589 315 4626 ιιι
333 4577 386 4628 cod.
399 4577 497 4642 llbedip.
734 4574 828 4628 alienor
845 4575 886 4629 ιιι.
