3096 5070
183 260 242 323 132
608 267 920 320 ειυοτιεειειιειιιι

178 384 296 453 ’ίκανάν
313 388 347 452 θλ
362 387 422 454 λστι
440 386 492 451 καλ
505 382 538 451 τά
556 390 611 469 τῆς
628 387 739 465 σοφίας
759 382 854 467 ὄνομα
874 390 974 449 πᾶσαν
989 383 1109 451 ἀννοιαν
1133 383 1256 462 πάθοας
1268 380 1348 453 ἀπο-

180 498 299 556 κλεῖσαι

43 611 169 683 κως,
259 589 347 656 Ἀλλά
372 599 429 658 ποῖ
450 590 608 676 φερόμεθα
630 587 672 674 μή
691 588 924 674 μνημονεύοντες
939 595 993 654 τοῦ
1009 586 1161 669 είπάντος,
1184 582 1225 655 Ὦ
1243 588 1350 672 βάθος

180 693 313 760 πλούτου
338 696 391 759 καλ
414 699 525 774 σοφίας
550 695 622 758 ικαλ
649 691 786 780 γεύσεως
808 698 903 772 θεοῦ,
933 687 974 767 οἱς
995 688 1203 776 ἀνεξεραύνητα
1222 688 1260 758 τά
1281 696 1349 779 αρί·

180 824 258 882 ματα
278 795 386 876 αύτοῦ,
418 798 467 862 καί
486 793 696 879 ἀνεξιχνίαστοι
712 798 747 860 αί
758 792 826 861 ύάολ
841 792 949 872 αύτούς
985 792 1113 877 Ἔχομεν
1127 791 1185 880 γάρ
1202 792 1351 861 ἀιάἀσκιε-

179 907 232 966 λον
254 897 288 965 τά
307 906 423 981 πνεῦμα
446 904 501 979 τῆς
522 897 677 982 ἀληθείας,
707 896 853 963 ἀίθωκεν
875 894 949 980 ήμῖν
975 892 1114 980 ύκύριος
1132 895 1204 980 μετά
1223 894 1279 980 τήν
1300 899 1352 977 είς

180 1000 331 1087 ούραναύς
358 999 526 1084 ἀνάληψιν,
555 1004 607 1066 ἰ’να
623 1005 734 1083 ίῦωμεν
753 997 789 1065 τά
813 996 874 1065 ύπὸ
893 1005 947 1064 τοῦ
963 1006 1040 1064 θεοῦ
1060 1002 1239 1086 γαρισθίντα
1257 996 1351 1083 ήμῖν,

179 1107 212 1171 ίν
232 1096 255 1170 ὦ
269 1106 319 1171 καί
335 1112 480 1186 λαλοῦμεν
486 1154 494 1184 ,
518 1099 573 1168 ούκ
589 1105 621 1168 lv
638 1106 790 1179 διδακτοῖς
801 1100 996 1185 ἀνθρωπίνης
1012 1106 1121 1182 σοφίας
1132 1101 1249 1188 λύγοις,
1281 1099 1351 1171 ἀλλ’

179 1208 211 1271 ίν
228 1210 380 1283 ἀιθακτοῖς
398 1214 451 1273 τοῦ
470 1204 651 1288 πνεύματος,
683 1213 895 1289 πνευματικοῖς
916 1201 1101 1287 πνευματικά
1122 1209 1350 1290 συγκρίνοντες,

179 1310 212 1375 lv
230 1301 449 1397 ρύλατρεύομεν
471 1310 523 1373 καὶ
545 1314 786 1394 προςκυνοῦμεν,
820 1304 887 1372 ’δι’
905 1306 923 1373 θ’
938 1302 1144 1390 ἀτιμαζόμεθα
1167 1309 1200 1373 ίν
1223 1298 1248 1396 ᾇ
1268 1332 1350 1393 προ-

179 1419 272 1494 φήται
286 1411 528 1499 προεφήτευσαν,
552 1413 583 1476 lv
602 1402 627 1499 ᾦ
647 1413 756 1476 θίκαιοι
778 1406 989 1494 ύάηγήθησαν,
1013 1408 1050 1476 δι’
1068 1401 1107 1477 ού
1128 1407 1351 1496 προςαγύμιθι

178 1520 220 1602 τῷ
243 1516 309 1603 υἱῷ.
356 1511 445 1579 Ἀλλά
468 1517 496 1579 τί
518 1519 824 1599 πολυπραγμονοῦμεν
846 1509 883 1576 τά
906 1519 960 1595 τῆς
985 1511 1121 1593 φύσεωςς
1151 1512 1193 1595 μή
1215 1511 1273 1600 γάρ
1298 1511 1351 1594 ὅς

178 1625 346 1697 σαρκικοῖς,
378 1613 439 1681 ἀλλ’
458 1615 513 1699 αύχ
535 1612 576 1691 ύς
600 1624 812 1698 πνευματικοῖς
830 1613 1040 1699 ἀιαλεγύμεθας
1090 1613 1154 1681 Ἐπ’
1175 1614 1269 1683 ἀλλων
1283 1615 1349 1705 γάρ

178 1722 291 1804 ελρηται
316 1717 379 1798 ὅτι,
413 1716 458 1784 Ού
484 1716 640 1800 θυνάμεθα
666 1714 761 1802 8ύμῖν
776 1724 900 1801 λαλῆσαι
915 1715 957 1795 οἷς
975 1727 1201 1800 πνευματικοῖς,
1222 1715 1283 1785 ἀλλ’
1298 1716 1350 1798 οἷς

179 1830 341 1906 σαρκικοῖς.
385 1822 464 1898 Δίος
487 1819 544 1907 γύρ
560 1824 620 1887 ἐστι
641 1820 683 1904 μή
697 1846 762 1897 πως
780 1821 813 1886 ίκ
834 1827 888 1903 τῆς
902 1827 963 1886 τῶν
982 1819 1197 1901 ἀκαταλήπτων
1211 1828 1348 1902 φιλονει-

178 1929 246 2001 κίας
272 1926 323 1990 καί
346 1931 399 2006 τῆς
425 1931 486 1989 τῶν
507 1923 674 2003 ἀνεφίκτων
696 1921 843 2006 ζητήσεως
864 1926 906 1999 είς
926 1922 1026 2010 βυθὸν
1047 1923 1183 2006 ἀσεβείας
1208 1924 1343 2007 lpum

178 2051 240 2110 μεν.
286 2028 347 2091 Καὶ
364 2022 449 2105 εἶπα,
471 2026 722 2109 Σαφισθήσομαι,
744 2025 796 2090 καλ
815 2024 891 2107 αύτή
909 2025 1084 2109 λμακρύνθη
1099 2022 1152 2093 ἀπ’
1172 2028 1247 2111 ίμού
1262 2023 1346 2115 ύπλρ

178 2127 197 2194 ἀ
216 2121 269 2211 ἦν,
290 2130 342 2194 καλ
363 2127 449 2211 βαθύ
471 2128 586 2212 βάθος,
607 2133 651 2204 τίς
673 2124 790 2213 εύρήσει
809 2126 917 2210 αὐτήν·
940 2127 1190 2212 μνημονεύσομεν
1207 2127 1266 2215 γάρ
1286 2136 1347 2197 τοῦ

178 2230 330 2311 είπόντας,
360 2229 412 2297 Ἐκ
440 2234 548 2316 μέρους
573 2228 771 2318 γινύσκομεν,
808 2232 857 2295 καὶ
880 2233 914 2296 ίκ
935 2234 1044 2316 μίρους
1073 2228 1338 2318 *προφητεύομν

55 2352 106 2400 m·
119 2340 166 2386 ⁶⁸¹·
180 2332 253 2399 ὅταν
269 2335 302 2399 θλ
317 2336 393 2424 ἔλθη
415 2332 448 2400 τύ
470 2337 591 2412 τίλειον,
620 2332 687 2399 τότε
708 2331 742 2399 τύ
765 2336 799 2399 ἐκ
820 2335 928 2420 μέρους
948 2332 1217 2420 καταργηθήσεται·
1249 2336 1277 2401 ιλ
1287 2356 1335 2411 τις

178 2441 263 2503 δοκεῖ
271 2435 443 2524 γινώσκειν,
466 2435 553 2503 οὔπω
572 2439 648 2523 ἔγνω
661 2435 768 2512 καθεὶς
787 2438 834 2500 ἀεῖ
850 2441 969 2522 γνῶναι.
1014 2439 1075 2501 Καί
1092 2434 1143 2502 θιά
1164 2443 1254 2503 τοῦτο
1271 2436 1340 2513 θύος

178 2542 239 2606 ίστλ
261 2539 301 2623 μή
324 2566 390 2616 πως
410 2540 579 2622 βιαζόμενοι
606 2540 700 2624 λέγειν
722 2541 791 2622 περὶ
814 2530 855 2603 ύν
876 2539 914 2605 ού
945 2538 1102 2622 θυνάμεθα
1121 2541 1214 2625 λέγειν
1236 2538 1342 2623 μηιίτι

179 2650 421 2727 συγχωρηθιῦμεν
442 2643 516 2725 μηθλ
538 2644 606 2727 περλ
628 2634 671 2707 ύν
691 2640 863 2725 ἀυνάμεθα·
886 2644 919 2708 ἐκ
941 2647 1066 2718 πίστεως
1086 2640 1143 2728 γάρ
1165 2646 1213 2707 θεῖ
1229 2648 1342 2721 λαλεῖν,

177 2741 234 2811 ούκ
256 2747 289 2810 ἐκ
309 2751 369 2810 τῶν
390 2746 576 2828 λαλουμένων
596 2743 752 2810 πιστεύειν.
794 2742 968 2809 Ἐπίστευσα
983 2743 1057 2830 γάρ,
1079 2746 1171 2827 φησί,
1201 2742 1250 2810 θιά
1272 2741 1342 2811 ἀλύ-

175 2854 259 2930 λησα.
294 2845 389 2912 Ὅταν
410 2839 466 2913 αύν
486 2844 520 2913 τύ
543 2848 597 2929 μλν
618 2849 687 2932 περὶ
708 2854 761 2929 τῆς
782 2849 894 2924 οἰκείας
920 2844 1082 2933 γεννήσεως
1108 2844 1149 2930 μή
1178 2843 1344 2930 θυνύμενιι

177 2946 398 3029 ἀποφαίνεσθαι
420 2946 696 3035 περιεργαζόμεθα,
718 2951 770 3013 καλ
787 2957 964 3030 φιλονεικεῖν
982 2952 1173 3035 ἐπιχειροῦμεν
1190 2951 1259 3035 περλ
1285 2956 1344 3035 τῆς

177 3056 232 3117 τοῦ
260 3058 336 3116 θεοῦ
358 3052 537 3138 γεννήσεως,
565 3058 632 3127 πῦς
654 3050 690 3117 ού
712 3054 779 3128 δίας
805 3053 866 3117 ἐστὶ
888 3050 930 3136 μή
953 3078 1018 3128 πως
1035 3049 1053 3117 o‘
1071 3050 1176 3129 διδούς
1191 3049 1229 3119 ου’
1243 3050 1344 3135 μα’νρν

177 3159 307 3240 γλῶτταν
319 3158 470 3234 παιδείας,
499 3152 572 3218 ἀλλά
597 3156 648 3219 καί
669 3162 782 3239 γνῶναι
796 3151 884 3237 ήνίκα
899 3159 946 3221 δεῖ
959 3157 1052 3221 εἰπεῖν
1064 3153 1170 3239 λόγον,
1201 3172 1343 3240 καταψη-

177 3260 301 3338 φίσηται
316 3252 402 3340 ήμτῦν
419 3263 472 3339 της
489 3258 537 3321 ἐπί
554 3262 596 3345 τῷ
611 3257 703 3341 λέγειν
724 3262 900 3343 προπετείας
920 3256 975 3342 τήν
998 3257 1131 3340 σιωπήνς
1164 3255 1261 3343 ’Ὅπερ
1288 3258 1343 3325 bl

177 3364 233 3424 τοῦ
245 3364 393 3445 μακαρίου
410 3362 559 3443 Ζαχαρίου
578 3362 750 3442 πεποίηταιν
773 3358 808 3437 ἀς
823 3358 924 3444 ίπειθή
942 3359 983 3444 μή
999 3363 1149 3427 ἐπίστευσε
1162 3367 1204 3449 τῷ
1217 3359 1344 3447 εύαγγι·

174 3464 322 3551 λισαμίνρα
343 3459 399 3544 τήν
420 3463 534 3546 γένεσιν
556 3467 611 3526 τού
633 3460 758 3544 παιάἀς,
787 3460 991 3549 ἀνθρωπίνοις
1002 3471 1154 3549 λογισμοῖς
1170 3461 1344 3546 ἀοκιμάζιν

175 3561 233 3647 τήν
248 3572 304 3630 τοῦ
319 3570 395 3629 θεοῦ
409 3562 496 3651 γάριν
511 3566 563 3630 καλ
584 3562 727 3649 ὁύναμιν,
748 3568 799 3632 καλ
815 3569 969 3651 διαπορῶν
984 3564 1061 3651 πράς
1077 3563 1185 3633 ἕαυτάν
1202 3568 1230 3631 εί
1242 3563 1344 3647 φύσιν

176 3670 234 3751 ἀχει
256 3665 309 3734 τάν
324 3666 494 3754 πρεσβύτην
515 3670 549 3734 ἔκ
570 3674 623 3750 τής
643 3672 861 3753 πραβεβηκυίας
877 3667 1169 3752 παιδοποιήσασθαι,
1199 3672 1228 3734 τί
1244 3690 1342 3753 φησις

179 3776 253 3847 Πιῦς
268 3769 419 3858 γνούσομαι
437 3777 525 3836 τοῦτο
544 3768 591 3836 ὅτι
608 3773 703 3849 ἔσταις
733 3769 789 3857 ἒγά
801 3770 857 3859 γάρ
873 3775 932 3856 είμι
948 3771 1127 3859 πρεσβύτης,
1157 3773 1209 3838 καλ
1226 3768 1342 3859 ήγυνή

177 3897 235 3954 μου
258 3876 464 3960 προβεβηκυῖα
488 3874 520 3938 ἒν
543 3882 608 3950 ταῖς
631 3871 754 3959 ήμέραις
774 3871 874 3957 αύτῆς.
923 3882 1087 3962 Τοιγαροῦν
1110 3871 1222 3941 ὓύπύτε
1242 3872 1340 3957 ήκου·

177 3997 228 4039 σευ
245 3974 306 4055 ὅτι,
331 3973 414 4042 Ἰδού
428 3977 482 4066 ἔσῃ
499 3983 638 4055 σιωπῶν,
666 3978 716 4042 καὶ
730 3973 768 4041 ού
783 3979 946 4061 θυνάμενας
964 3985 1076 4059 λαλεῖν,
1096 3979 1148 4045 καλ
1163 3973 1220 4043 ούκ
1234 3977 1343 4063 λλάλη-

178 4095 228 4140 σευ
249 4076 386 4154 ἐξελθεῖν.

212 4197 271 4249 (διε.
283 4199 396 4250 xxxn.
413 4227 447 4239 -
483 4199 506 4252 ί.
524 4198 569 4254 καὶ
590 4216 635 4252 σοι
657 4205 683 4253 ίπ
699 4203 736 4252 ιθ.
804 4204 829 4253 5.
844 4200 904 4256 τότε
920 4206 1011 4254 υολεθαλ
1027 4207 1146 4256 Ρελσνλαι.
1181 4205 1211 4253 λλ
1223 4207 1286 4254 κιαι
1298 4206 1342 4257 λιι·

177 4266 259 4317 Ρελιιυ.
280 4268 359 4318 Calon.
376 4275 446 4331 repet
770 4273 856 4321 ιείίετλι
868 4277 1012 4321 structuram
1028 4274 1156 4323 comorius
1170 4286 1223 4322 ευοι
1238 4277 1344 4326 verm

210 4334 234 4383 ⁶2.
251 4336 317 4385 Libri
334 4339 403 4400 ννίηο
419 4333 467 4390 ῦιά.
770 4337 878 4388 Proinde
900 4356 955 4389 cum
977 4336 1128 4399 audivisset,
1148 4338 1213 4389 Ecce
1231 4336 1281 4389 σεῖε
1298 4338 1343 4391 εἰ·

210 4399 236 4453 3.
256 4405 329 4466 λἀίρο
346 4399 417 4470 ήμῖν.
768 4405 831 4467 lem,
848 4416 875 4455 et
888 4424 940 4458 non
955 4406 1049 4474 ροεατίι
1063 4406 1139 4475 loqui,
1157 4422 1272 4475 egram
1287 4418 1342 4476 ut,

210 4465 235 4519 4.
252 4469 456 4538 προεφητεύομιν
479 4474 552 4535 edm,
575 4476 655 4523 λιινίλίε
671 4475 737 4524 ίίθνίε
770 4484 795 4525 et
813 4490 865 4525 non
883 4485 923 4525 eat
941 4475 1047 4526 locutus.

176 4552 250 4589 οιονιυ
266 4542 379 4591 exaratis.
