3096 5070
301 272 362 335 538
717 286 838 337 οιιιοτι
856 285 1024 337 τιιοιιιιιιι

299 404 437 484 βιβλίων,
460 401 579 487 πράτου
596 404 646 467 καί
661 403 799 487 δευτέρου
814 404 864 466 καί
881 407 989 486 τρίτου,
1013 398 1098 467 άτινα
1116 405 1181 486 τρία
1199 406 1298 484 βιβλία
1318 407 1359 481 είς
1377 401 1456 471 ἑπτά

299 502 409 585 τόμους
423 507 577 586 διείλομεν·
600 507 633 570 ἒν
647 506 678 570 δέ
691 505 803 592 ἑκάστῳ
816 501 898 594 τάμμ
909 503 1039 588 άριθμάς
1053 530 1098 579 τις
1110 505 1249 589 αἱρέσεων
1264 508 1314 571 καί
1330 509 1460 590 σχισμά-

300 631 359 671 των
375 608 515 690 ἔγκειται·
546 604 624 688 δμοῦ
639 608 671 672 δέ
688 611 782 671 πᾶσαί
799 609 871 671 είσιν
887 604 1082 692 ὀγδοήκοντα,
1116 599 1158 672 οἷν
1176 610 1209 670 αἱ
1226 604 1379 689 ὀνομασίαι
1401 612 1458 675 καί,

300 711 334 773 αἱ
355 706 519 792 προφάσεις
540 701 638 774 αύται·
672 708 896 794 Βαρβαρτσμύς,
925 709 1118 791 Σκυθισμδς,
1147 706 1350 792 Ἑλληνισμός,
1375 712 1459 778 Ἰου-

300 809 440 893 δαϊσμδς,
473 811 716 895 Σαμαρειτισμός.
758 808 808 876 Ἐκ
826 809 939 877 τούτων
956 815 989 876 αἱ
1004 816 1147 895 καθεξῆς,
1177 810 1235 895 πρδ
1255 813 1307 894 μὲν
1321 822 1374 897 τῆς
1391 817 1459 880 ἔπι-

299 917 406 996 δημίας
425 920 570 998 Χριστοῦ,
600 912 660 980 άπδ
685 915 717 978 δὲ
739 921 793 979 τοῦ
809 920 1021 1003 Βαρβαρισμοῦ
1045 917 1094 979 καί
1118 921 1170 997 τῆς
1185 921 1343 998 Σκυθικῆς
1364 920 1460 982 δεισι-

298 1019 452 1097 δαιμονίας
464 1019 513 1081 καί
530 1024 583 1082 τοῦ
600 1014 790 1099 Ἑλληνισμοῦ
805 1019 857 1081 καί
868 1023 928 1081 τοῖν
942 1012 1053 1082 λοιπῶν
1069 1016 1202 1097 φύσασαι
1216 1010 1316 1082 αὗται·
1343 1025 1461 1084 Πυθα-
1518 1084 1520 1088 ⁴

298 1117 426 1204 χύρειοι,
459 1122 556 1184 εἱτουν
575 1121 823 1205 Περιπατητικοί,
849 1121 1050 1199 Πλατωνικοί,
1073 1122 1221 1198 Στωϊκοί,
1238 1120 1461 1205 ’Ἐπικούρειοκ

299 1217 376 1285 Εἶτα
391 1218 411 1311 ῆ
425 1219 625 1306 Σαμαρειτικῆ
642 1213 718 1286 ούσα
734 1225 853 1305 αἵρεσις,
872 1218 893 1303 ἦ
910 1224 944 1286 ἐκ
961 1229 1014 1286 τοῦ
1028 1219 1223 1302 Ἰουδαϊσμοῦ.
1269 1224 1328 1286 Καὶ
1342 1222 1463 1306 ταύτης

297 1324 422 1407 τέσσαρα
442 1327 532 1406 ἔθνη,
568 1325 779 1407 οΓοροθηνολ,
808 1327 985 1406 Σεβουαῖοι,
1008 1329 1167 1402 Δοσίθεοι,
1188 1322 1328 1405 Ἐσσηνοί.
1374 1322 1464 1389 Εἶτα

298 1423 423 1502 δαῦτδς
458 1427 667 1510 προειρημένος
684 1424 871 1507 Ἰουδαϊσμδς
894 1425 955 1490 άπδ
975 1433 1030 1491 τοῦ
1052 1423 1186 1511 Ἁβραάμ
1211 1426 1262 1492 τδν
1282 1434 1466 1513 χαρακτῆρα

299 1526 435 1609 είληφοὶς,
450 1530 500 1592 καί
516 1527 566 1593 διά
581 1534 634 1594 τοῦ
650 1529 793 1603 δοθέντος
808 1525 902 1609 νόμου
917 1535 959 1616 τῷ
975 1534 1095 1617 Μωῢσῆ
1110 1531 1296 1606 πλατυνθείς,
1319 1530 1372 1593 καί
1389 1528 1462 1596 άπδ

298 1637 351 1695 τοῦ
366 1628 463 1695 Ἰούδα
483 1636 536 1695 τοῦ
552 1633 620 1694 υἱοῦ
638 1627 759 1713 Ἰακοὶβ,
780 1637 836 1695 τοῦ
849 1631 898 1695 καί
913 1627 1042 1715 Ἰσραήλ,
1064 1630 1115 1695 διά
1131 1633 1229 1712 Δαβλδ
1248 1638 1301 1696 τοῦ
1316 1631 1465 1713 βασιλεύ·

298 1752 404 1807 σαντος
420 1731 519 1796 αιίτοῖν
537 1733 570 1796 ἱκ
587 1739 640 1815 τῆς
655 1731 762 1798 τούτου
778 1739 874 1815 φυλῆς
889 1732 922 1798 τά
940 1732 1097 1814 έπιάνυμον
1111 1739 1165 1799 τοῦ
1179 1729 1367 1814 Ἰουδαϊσμοῦ
1385 1741 1465 1817 κλη·

298 1838 414 1920 ρωθείς.
462 1836 522 1898 Καί
543 1832 594 1898 ἀπ’
609 1833 701 1900 αύτοῦ
717 1860 747 1900 τε
769 1842 824 1899 νῦν
839 1841 893 1900 τοῦ
913 1831 1099 1918 Ἰουδαϊσμοῦ
1113 1833 1187 1900 ἱπτά
1204 1838 1330 1921 αἱρέσεις
1348 1827 1463 1902 αὗται·

298 1937 511 2020 Γραμματέων,
537 1941 718 2021 Φαρισαίων,
741 1940 968 2015 Σαδδουκαίων,
988 1934 1273 2022 Ἡμεροβαπτιστῶν,
1290 1937 1460 2016 Ὀσσαίων,

299 2043 513 2123 Νασσαραίων,
534 2035 731 2124 Ἠρωδιανῦν

379 2138 428 2205 Ἐκ
441 2140 555 2207 τούτων
571 2149 632 2206 τῶν
647 2143 794 2228 αἱρέσεων
802 2143 854 2207 καί
871 2143 1023 2224 μετέπειτα
1040 2141 1115 2206 κατά
1137 2139 1277 2225 διαδοχῆν
1301 2149 1362 2207 τοῖν
1384 2141 1454 2228 χρύ-

295 2269 356 2310 κων
372 2242 504 2326 ἐπεφάνη
521 2241 541 2327 ῆ
556 2243 700 2331 σωτῆριος
720 2251 775 2310 τοῦ
790 2248 897 2331 κυρίου
917 2241 1003 2327 ῆμοῦν
1018 2241 1114 2326 Ἰησοῦ
1134 2250 1266 2329 Χριστοῦ
1288 2251 1324 2290 ¹⁰
1336 2246 1447 2310 σίκυον·

296 2351 364 2428 μία,
393 2344 525 2431 ῆχουνῆ
547 2349 688 2433 ἔνσαρκος
712 2347 806 2412 αιἰτοῦ
826 2351 991 2431 παρουσία,
1020 2348 1071 2411 καί
1087 2343 1257 2432 εὐαγγελικῆ
1274 2349 1442 2411 διδασκαλία

295 2472 326 2512 τε
345 2450 397 2513 καί
416 2447 552 2534 κήρυγμα
566 2454 728 2531 βασιλείας,
758 2448 824 2533 ῆτες
838 2447 914 2532 μάνη
933 2451 994 2514 έστλ
1009 2446 1090 2534 πηγὴ
1105 2453 1265 2534 σωτηρίας,
1288 2451 1342 2514 καί
1356 2452 1447 2523 πίστις

295 2547 437 2633 άληθείας
461 2558 513 2633 τῆς
536 2559 699 2635 καθολικῆς
722 2553 773 2616 καλ
795 2549 994 2634 άποστολικῆς
1018 2554 1178 2633 ἐκκλησίας.
1220 2549 1271 2617 Ἐκ
1288 2551 1322 2615 δὲ
1342 2547 1452 2632 ταύτης

295 2652 549 2740 περιεκλάσθησάν
561 2680 591 2720 τε
606 2656 657 2719 καί
673 2658 850 2737 ἐσχίσθησαν
865 2651 960 2736 ὄνομα
979 2651 1073 2736 μάνου
1090 2659 1221 2738 Χριστοῦ
1237 2656 1367 2736 ἔχουσαι,
1393 2648 1455 2718 ἄλλ’

295 2757 362 2840 ούχλ
382 2757 437 2838 τῆν
453 2762 559 2822 πίστιν.
603 2759 674 2822 Είσλ
701 2757 733 2822 δέ
760 2748 861 2822 αὗται·
893 2759 1093 2838 Σιμωνιανοί,
1126 2757 1367 2841 Μενανδριανοὶ,
1391 2761 1456 2819 Σα·

167 2893 220 2939 m.
238 2881 281 2926 ln
295 2861 487 2946 τορνιλιανολ,
510 2861 727 2937 Βασιλιδιανοί,
752 2865 941 2935 Νικολαῖται,
965 2864 992 2921 Γ
990 2860 1143 2936 νωστικοί,
1165 2860 1259 2924 οἱκαὶ
1274 2864 1457 2942 Στρατιωτι·

294 2964 360 3044 κοί,
387 2969 419 3008 ¹¹
433 2964 464 3027 οἱ
474 2961 561 3026 αὐτοὶ
576 2962 608 3026 δὲ
626 2966 815 3044 Φιβιωνῖται,
838 2958 920 3046 παρά
938 2961 971 3025 δέ
985 2982 1043 3025 τισι
1061 2962 1244 3026 Κουδδιανοὶ
1259 2958 1457 3042 καλούμενοι,

294 3066 346 3129 καί
362 3066 570 3150 Βορβοριανοὶ,
588 3061 658 3150 παρ’
671 3062 767 3138 άλλοις
779 3063 812 3128 δὲ
824 3070 1020 3146 Σωκρατῖται,
1039 3060 1108 3148 παρ’
1121 3064 1230 3143 έτέροις
1245 3062 1277 3126 δέ
1293 3068 1457 3144 Ζακχαῖοι·

296 3172 553 3251 Καρποκρατῖται,
585 3167 801 3251 Χηρινθιανοί,
833 3168 936 3231 οἱκαὶ
960 3167 1185 3250 Μηρινθιανολ,
1220 3169 1254 3210 ¹²
1268 3170 1459 3249 Ναζωραίου,

289 3268 478 3349 Ἐβιωναῑοι,
505 3266 754 3346 ΗΟιίαλεντῖνοι,
783 3269 1012 3344 Σικουνδιανοί,
1041 3264 1087 3342 οἱς
1103 3265 1301 3332 συνάπτονται
1319 3265 1459 3346 Ἐπιφά-

294 3395 359 3445 νιος
371 3370 596 3455 καλἸσίδωρος·
620 3377 815 3452 Πτολεμαῖοι,
838 3372 1030 3454 Μαρκοίσιοι,
1054 3367 1268 3454 Κολορβάσιοι,
1289 3365 1460 3453 Ἡρακλεω-

294 3481 384 3550 νῑται,
424 3470 557 3552 Ὀφῖται,
599 3474 748 3551 Καϊανοί,
789 3475 961 3555 Σηθτανολ,
993 3472 1195 3557 Ἀρχοντικολ,
1236 3474 1458 3557 Κερδωνιανοὶ,

294 3578 489 3660 Μορκίωνες,
527 3576 761 3651 Λουκιανισταί,
793 3574 1020 3657 Ἀπελληϊανοί,
1058 3575 1257 3658 Σευηριανολ,
1301 3576 1459 3654 Τατιανοὶ,

288 3674 485 3761 Ἐγκρατῖται,
506 3675 581 3741 κατά
601 3676 723 3762 Φρύγας
738 3684 798 3742 τῶν
811 3679 862 3743 καλ
878 3683 1092 3742 Μοντανιστῦν
1105 3677 1155 3740 καί
1177 3678 1459 3758 Τασκοδρονγιτιῦν,

296 3781 506 3858 Πεπουζιανοὶ,
528 3782 559 3845 οἱ
568 3780 619 3843 καί
636 3781 866 3865 Πρισκιλλιανοί,
888 3781 938 3843 καί
959 3779 1200 3855 14Χυντιλεανοὶ,
1223 3774 1270 3852 οίς
1284 3775 1459 3845 συνάπτον-

295 3908 341 3947 ται
355 3883 572 3967 Ἀρτοτυρῖται,
599 3885 951 3964 Τισσαρεςκαιδεκατῖται,
974 3885 1006 3946 οἱ
1019 3880 1052 3945 τά
1067 3878 1173 3962 Πάσχα
1187 3884 1256 3961 μίαν
1269 3875 1382 3963 ἡμέραν
1395 3890 1459 3948 τοῦ

293 3986 379 4060 έτους
401 3992 571 4065 ποιοῦντες,
608 3982 779 4070 ίΨἏλοχοι,
810 3987 842 4049 οἱ
864 3982 896 4050 vo*
919 3983 1086 4069 εὐαγγέλιον
1108 3985 1159 4048 καλ
1175 3980 1459 4063 τῆν’Λποκάλυψτν

288 4083 431 4151 Ἰωάννου
451 4085 492 4168 μῆ
515 4085 678 4170 δεχόμενοι·
701 4087 893 4177 ’ᾼδαμιανοὴ
921 4094 1096 4168 Σαμιμαῖοι,
1118 4085 1213 4151 οἱκαὶ
1236 4081 1457 4166 ιθἙλκεσαῖοι,

295 4191 501 4266 Θεοδοτιανολ,
525 4191 800 4272 Μελχεσεδεκιανολ,
831 4190 1094 4273 Βαρδησιανισταί,
1119 4189 1298 4271 Νοητιανοί,
1332 4183 1457 4272 Οάαλῆ-

294 4311 363 4368 σιοι,
388 4293 540 4374 Καθαροί,
562 4295 593 4357 οἱ
601 4294 652 4357 καλ
668 4290 815 4371 Ναυάτοι,
835 4289 1003 4377 Ἀχγελικοὶ,
1021 4291 1238 4371 ’Λποστολικολ
1255 4292 1287 4354 οἱ
1296 4287 1457 4358 καίἈπο-

293 4393 440 4470 τακτικολ,
462 4396 671 4474 Σαβελλιανολ,
691 4392 877 4482 Ὦριχένειοι,
907 4397 940 4460 οἱ
952 4397 1001 4460 καί
1021 4397 1224 4479 Αίσχροποιοί.
1265 4391 1455 4479 Ώριχένειοι,

326 4528 350 4583 9.
370 4533 442 4594 Υνίρο
459 4529 622 4600 Γσρχοθηνολ.
921 4535 959 4587 10.
978 4531 1088 4599 οἰκονομλ
1103 4536 1140 4585 ed.
1158 4536 1249 4598 Ριιαυ,
1265 4538 1354 4586 vitiose.
