3096 5070
508 324 594 377 πονοι
611 324 738 377 νιιοπιν
756 325 839 377 ms
858 325 964 380 emon.
1247 302 1310 381 ’ων-3

155 442 194 496 12.
220 446 308 495 Venet.
330 461 385 495 cum
412 445 494 496 vatic.
519 444 597 495 habet
617 441 692 507 Aah&
715 442 745 499 δέ
766 446 854 499 ταῦτα.
874 476 905 486 -
939 445 1008 497 1.15.
1033 447 1151 514 Praepoe.
1170 442 1238 515 Πσρ’
1253 458 1312 499 anm

152 526 215 597 η’μῖν
237 547 288 580 non
309 530 422 597 agnoscit
444 531 507 580 Ven.
526 557 558 570 -·
594 528 670 580 Paulo
693 540 752 581 ante
768 527 891 600 ῥυθμηση
915 534 969 582 Bae
988 560 1020 571 —
1055 531 1072 582 l.
1082 531 1123 582 22.
1149 531 1253 597 Repone
1270 527 1311 586 νέ-

152 612 205 669 τιόν
227 631 256 667 τε
272 614 317 667 καί
330 631 388 682 μισ.
416 613 540 666 Particula
555 612 599 667 καί
615 614 687 665 abest
702 613 777 665 etiam
792 615 824 665 ab
839 614 878 665 ed.
892 616 977 668 Petav.
994 614 1080 666 colon.
1096 624 1177 684 repet.
1191 645 1225 656 -
1258 616 1277 667 l.
1287 614 1310 669 9.

153 699 184 752 ab
199 700 272 750 infer.
290 700 395 766 hepone
415 699 546 751 articulum
566 699 613 766 τὴν
627 709 685 750 ante
700 688 860 762 ἐποστᾶσαν,
886 700 927 768 qui
944 699 1015 751 abest
1032 701 1107 752 etiam
1122 702 1154 752 ab
1172 700 1211 751 ed.
1226 700 1311 752 Petne.

153 785 240 836 Gelon.
256 795 335 852 repet.
355 812 388 823 -
421 784 438 835 l.
451 785 476 835 7.
494 783 526 835 ab
540 784 586 837 inf.
603 783 757 851 κεκτισμένα
770 786 833 837 ven.
855 813 888 824 -
923 782 966 838 11
979 796 1006 835 et
1021 785 1046 838 3.
1063 785 1095 835 ab
1110 785 1156 836 ins.
1175 779 1312 839 ἅπσστᾶσσ

153 872 215 922 V'en.
237 872 310 921 Bene.
330 899 360 909 —
396 870 411 921 l.
431 869 525 937 penult.
543 869 625 920 Verba
640 867 684 922 καί
699 866 728 924 τί
744 865 872 938 πλήρωμα
885 870 920 939 τῇ
935 866 1029 940 ἐστέρᾳ
1046 870 1136 921 abeunt
1154 887 1169 919 ο
1186 869 1268 933 Ven.,
1285 869 1312 922 in

153 974 203 1025 quo
222 956 296 1025 paulo
314 966 373 1024 post
389 952 585 1024 διανοηθήσεται
602 972 648 1022 pro
664 951 901 1023 προςενεχῖἠοεται

219 1041 386 1112 Ρος.390.
420 1039 472 1091 13.
494 1037 619 1109 βόοκησιν
641 1056 687 1106 pro
711 1035 839 1105 κόσμησιν
860 1041 922 1090 Ven.
947 1069 976 1078 -
1012 1035 1063 1091 1.4.
1089 1038 1239 1107 παραλείψω
1266 1037 1311 1108 μίν

152 1125 240 1180 τιτῶν
255 1127 316 1176 Ven.
336 1153 369 1162 -
402 1125 419 1176 1.
434 1122 472 1176 17.
498 1124 611 1176 Restitue
635 1133 766 1174 accentum
785 1122 1017 1192 ἑπτακαιδεκαετῆ,
1044 1134 1072 1175 ut
1087 1124 1179 1192 legitur
1193 1125 1268 1176 etiam
1285 1125 1311 1177 in

154 1208 207 1260 Βαο.
234 1208 386 1278 ἐπτακαιέτη
410 1210 502 1277 legitur
525 1220 612 1260 contra
635 1209 660 1258 in
686 1207 726 1258 ed.
750 1210 835 1260 Petav.
853 1239 886 1250 -
927 1207 1003 1262 121.
1029 1210 1171 1277 περίπαστον
1196 1211 1259 1260 Ven.
1277 1237 1311 1250 -

152 1293 169 1344 l.
185 1293 226 1347 27.
246 1296 368 1347 Particuln
382 1294 426 1362 δέ,
446 1295 513 1345 cuius
527 1294 585 1345 loco
600 1293 700 1361 reposui
716 1311 760 1362 τε,
779 1305 862 1362 potent
879 1295 948 1348 ferri.
967 1323 1000 1334 -
1035 1295 1042 1345 1
1065 1294 1090 1347 7.
1106 1294 1138 1344 ab
1153 1293 1201 1345 inf.
1219 1294 1310 1362 τρίψα-

153 1394 199 1432 σαν
218 1380 272 1430 Bas.
292 1409 322 1419 -
358 1381 374 1430 1.
391 1380 415 1433 6.
433 1381 464 1431 ab
482 1380 529 1430 inf.
547 1373 692 1447 Ἐπιφανής
710 1381 763 1429 Bas.
773 1418 780 1443 ,
800 1396 845 1448 pro
862 1397 939 1431 more.

222 1466 387 1537 Pmm.
421 1466 436 1516 1.
449 1467 474 1518 2.
493 1461 640 1531 Ἐπιφανής
655 1465 709 1515 nn.
726 1494 759 1503 -
795 1465 856 1518 lbid.
883 1466 989 1533 Repono
1006 1461 1154 1534 προστάτῃ,
1179 1463 1309 1533 provulg.

151 1549 328 1620 πρωτοστάτη,
347 1567 377 1600 ex
387 1554 450 1602 Ven.
466 1578 500 1590 -
526 1548 579 1600 1.4.
599 1551 703 1617 Repone
717 1549 847 1601 articulum
861 1548 907 1615 τὴν
920 1561 980 1602 ante
996 1547 1130 1619 πρόφασιν,
1148 1550 1190 1619 qui
1207 1549 1309 1601 deside-

152 1646 220 1687 ntur
234 1635 308 1686 etiam
323 1636 348 1685 in
367 1635 427 1686 edit.
445 1637 529 1686 Petne.
550 1633 637 1685 colon.
657 1645 736 1702 repet.
749 1662 780 1673 -
812 1635 830 1685 l.
840 1635 863 1688 7.
880 1636 911 1686 σίν
925 1636 972 1686 inf.
992 1636 1106 1705 λέγωμεν
1122 1637 1175 1687 Bne.
1189 1664 1222 1675 -
1256 1636 1272 1687 l.
1282 1639 1308 1689 6·

151 1719 277 1790 ἐλλογηθῇ
296 1721 349 1770 Bas.
374 1750 401 1758 -
437 1720 488 1773 La.
506 1720 538 1770 ab
552 1720 597 1770 ἰοί
623 1717 667 1772 καί
682 1718 711 1774 τέ
728 1720 779 1773 τῶν
797 1733 897 1789 praeter
912 1721 993 1773 vatic.
1010 1722 1087 1773 habet
1103 1721 1178 1773 etiam
1193 1723 1257 1774 Ven.
1275 1751 1309 1763 -

151 1806 168 1856 l.
187 1804 229 1855 ult.
249 1803 357 1875 ἐλέγχων
376 1815 461 1856 tuetur
478 1805 553 1856 etiam
573 1806 639 1855 Ven.
722 1787 727 1797 ’

219 1887 389 1961 mm.
421 1889 439 1940 1.
451 1890 475 1941 2.
502 1883 659 1956 Ἐπιφανοῦς
675 1891 729 1940 Bas.
751 1919 780 1928 -
816 1885 868 1943 14.
894 1890 938 1945 καί
955 1890 1009 1946 ἐστι
1025 1889 1090 1960 πρές
1104 1892 1166 1944 Ven.
1185 1921 1220 1934 -
1253 1893 1269 1944 l.
1283 1896 1309 1948 5.

152 1973 257 2034 ἱαυτοῦς
273 1973 411 2029 ἐκτέῧεντο.
431 2004 462 2014 -
496 1973 549 2028 H.
567 1965 700 2043 ἦπάντων
718 1973 776 2025 edd.
794 1986 904 2044 utraque.
924 2006 956 2017 -
990 1976 1007 2027 1.
1017 1975 1042 2028 6.
1059 1977 1090 2028 nb
1107 1976 1155 2029 inf.
1180 1980 1242 2032 Voc.
1259 1976 1308 2048 γὰρ

151 2071 210 2129 poet
227 2057 346 2127 τραγωιόν
364 2060 432 2110 delet
451 2061 511 2109 Ven.

219 2146 300 2217 Peg.
311 2147 388 2200 ³96.
422 2144 438 2195 l.
453 2143 477 2196 6.
497 2145 552 2195 Vox
569 2142 704 2206 ἐπίσκοπος
725 2145 825 2197 σίνιοεα
841 2147 904 2199 Ven.
927 2162 1033 2214 quoque.
1055 2175 1085 2185 -
1118 2145 1172 2200 19.
1189 2146 1304 2204 πεπόνων

151 2229 249 2297 γένημα
266 2230 352 2293 (scrib.
369 2229 501 2297 γέννημα),
519 2228 563 2283 καί
577 2231 639 2280 Ven.
658 2259 687 2270 -
721 2231 738 2282 l.
748 2229 789 2282 21.
808 2231 897 2285 πολλαί
909 2230 953 2284 καί
969 2230 1026 2281 dele
1044 2249 1074 2282 ex
1090 2232 1240 2284 auctoritate
1256 2252 1308 2287 non

152 2315 231 2367 Vntic.
254 2314 334 2365 solum
360 2314 417 2366 libri
441 2325 467 2365 et
484 2316 542 2366 Vet.
576 2317 698 2384 Interpr„
723 2315 768 2367 ned
785 2334 815 2367 ex
829 2315 921 2367 Veneti
936 2333 1034 2385 quoque
1051 2316 1116 2368 inari.
1134 2345 1167 2357 -
1203 2317 1221 2368 1.
1230 2318 1254 2372 7.
1274 2321 1305 2371 σίν

150 2399 196 2452 inf.
215 2399 272 2453 Καί
288 2398 366 2467 πολλή
387 2400 426 2460 τίς
443 2399 509 2454 ἐστιν
528 2399 554 2454 έν
571 2401 634 2450 Ven.

216 2486 298 2557 hg.
311 2487 387 2541 398.
421 2485 472 2538 18.
490 2478 635 2553 Ἐπιφανῆν
654 2487 709 2537 Bas.
729 2514 759 2525 -
794 2487 811 2540 l.
821 2484 845 2539 9.
873 2484 992 2553 Scafigeri
1009 2484 1208 2540 emendationem
1226 2483 1307 2559 ἄπιμ-

150 2567 309 2638 πσλησαντας
327 2569 457 2621 confirmat
475 2589 539 2622 nuuc
557 2570 648 2621 Veneti
662 2571 804 2623 auctoritas.
828 2600 857 2610 -
892 2571 909 2621 1.
925 2570 964 2620 11.
984 2569 1079 2640 ἑτέροις
1096 2572 1175 2640 τρίσιν
1192 2576 1256 2626 Ven.
1274 2606 1308 2615 -

115 2678 122 2701 Ἰ
150 2702 220 2757 117.
238 2703 351 2760 διάθεσιν
374 2705 444 2760 ἐκάλ.
465 2709 527 2758 Ven.
566 2710 593 2757 Ιπ
611 2707 667 2758 cod.
683 2707 787 2776 Rhedig.
800 2719 869 2760 extat
884 2671 1012 2772 διαῗλέσιν,
1039 2727 1112 2760 menn
1127 2709 1195 2761 haud
1210 2710 1308 2766 divers·

149 2789 268 2856 wn'ptum
287 2800 312 2839 et
330 2802 476 2841 correnum.
497 2820 529 2831 -
564 2792 573 2843 1
600 2788 624 2842 4.
642 2792 673 2842 nb
691 2792 764 2845 inser.
784 2792 829 2861 μέν
845 2811 870 2847 τι
887 2806 956 2847 extat
972 2796 998 2845 in
1017 2805 1122 2862 utraque
1139 2795 1199 2846 edit.
1222 2798 1307 2851 Petav.

217 2875 298 2945 Peg.
311 2875 390 2930 4⁰⁰.
424 2875 477 2926 1.5.
497 2874 669 2946 ἐπιβουλεύσει
691 2878 751 2928 edit.
771 2880 855 2930 Petav.
874 2890 985 2948 utraque.
1004 2907 1038 2919 -
1071 2879 1088 2930 l.
1101 2880 1139 2930 11.
1157 2878 1306 2945 κατάλειψιν
1387 2931 1390 2936 ,

151 2962 206 3011 Bu.
228 2989 256 2998 -
292 2959 361 3012 114.
380 2959 536 3014 ἐπιτετέλεκε
551 2962 674 3030 reperitur
688 2962 763 3014 etiam
777 2964 801 3013 in
817 2967 879 3014 Vcn.
900 2994 930 3004 -
965 2965 982 3016 l.
996 2960 1034 3015 16.
1055 2966 1118 3015 Ven.
1133 2965 1230 3033 plenius
1245 2961 1303 3029 ἀ’λος

149 3047 221 3106 νοῦς,
240 3040 298 3105 ἕλος
314 3046 386 3111 φῶς,
406 3039 463 3106 ὅλος
481 3039 543 3114 ὅφὶλ
566 3076 595 3087 -
630 3047 702 3100 111,
720 3049 752 3099 ab
769 3048 817 3098 ins.
834 3049 991 3117 πεποιημένη
1009 3049 1085 3102 habet
1102 3050 1179 3102 etiam
1198 3053 1259 3103 νοω.

222 3131 302 3203 rag.
313 3130 392 3189 4⁰4.
426 3131 498 3185 123.
517 3128 674 3191 οίπόλλεσθαι
693 3136 745 3184 Bae.

216 3218 386 3288 meos.
419 3219 435 3269 Ι.
450 3218 473 3269 1.
502 3219 571 3269 Corr.
585 3219 807 3286 καταριθμεῖσῆαι.
823 3248 853 3259 -
890 3218 941 3270 1.4.
960 3227 1099 3288 προφοραῖς
1113 3225 1166 3276 flas.
1186 3249 1218 3262 -
1253 3223 1305 3277 1.5.

149 3299 313 3369 ἐπιθνμησης
324 3305 376 3352 Bae.
397 3331 427 3342 -
463 3303 525 3353 lbid.
544 3297 648 3370 σ’μιόσαι
665 3304 745 3354 Vatio.

216 3388 296 3458 Pas.
310 3384 390 3442 410.
423 3384 473 3438 16.
501 3389 605 3455 Repone
629 3387 798 3454 articulumn‘
822 3400 881 3441 ante
899 3386 1016 3458 α’ληθεια.
1035 3419 1064 3430 -·
1099 3391 1116 3442 l.
1132 3390 1172 3443 18.
1197 3394 1305 3461 Repone

149 3467 190 3525 ὑπ’
209 3467 287 3525 αὔτοῦ
304 3472 348 3525 τοῦ
366 3472 469 3525 τελείου.

222 3557 302 3628 Peg.
313 3557 393 3612 412.
426 3557 443 3607 l.
453 3557 477 3609 3.
496 3557 599 3624 Repone
615 3551 696 3624 οὔσης
710 3576 739 3612 τε
753 3559 797 3613 καί
811 3556 880 3627 ὁμο).
915 3561 1038 3612 particula
1053 3579 1081 3615 τε
1095 3561 1185 3631 legitur
1199 3561 1225 3612 in
1241 3564 1304 3614 Ven.

150 3643 219 3700 Bne„
238 3643 300 3692 etin
317 3641 357 3692 ed.
375 3644 475 3702 Petam,
495 3641 566 3691 πίνωσι
579 3641 736 3693 solummodo
754 3644 785 3694 ab
801 3644 841 3694 ed.
858 3646 942 3697 Petev.
961 3647 1048 3698 Golon.
1065 3657 1144 3715 repet.
1165 3676 1198 3688 -
1232 3647 1249 3698 l.
1264 3648 1304 3698 10.

150 3725 215 3795 μετὰ
232 3726 276 3780 καί
291 3728 349 3788 τοῦ,
376 3726 443 3795 quod
460 3726 517 3777 libri
530 3727 605 3793 vulgo
618 3727 752 3794 praebent,
779 3729 908 3780 commode
923 3731 982 3781 fem‘
996 3741 1134 3798 potest.—
1167 3732 1184 3785 l.
1200 3731 1237 3783 12.
1256 3735 1304 3784 Pro

151 3810 215 3866 κατὰ
230 3813 278 3879 τῆς
294 3811 429 3879 συντομίας
449 3812 527 3879 magis
544 3829 610 3862 nunc
633 3811 744 3880 placeret
760 3811 790 3867 ἐκ
805 3814 854 3880 τῆς
872 3831 938 3867 συντ.
973 3821 1022 3866 Aut
1037 3817 1191 3869 restituenda
1205 3817 1304 3885 vulgata

152 3897 275 3966 ecn'ptura
292 3925 325 3936 -
369 3894 441 3947 1.18.
470 3895 652 3966 φρενοβλαβίας
668 3899 766 3948 Bu·
801 3898 818 3949 l.
833 3895 858 3948 6.
874 3899 906 3950 ab
919 3900 966 3950 inf.
986 3900 1066 3951 Etiam
1081 3903 1143 3952 Ven.
1163 3902 1241 3953 habet
1254 3904 1304 3957 τῶν

152 3979 201 4038 ον’νι
219 3977 318 4044 οὐσῶν,
337 3980 374 4043 οἷς
391 3980 564 4052 ἐπαρησυσῶν.
584 4011 615 4021 -
650 3982 667 4032 1.
686 3983 780 4050 penult.
800 3984 823 4037 εί
839 3984 869 4039 δέ
885 4002 924 4045 τις
938 3979 1065 4056 περιτύχοι
1082 3989 1145 4038 Ven.

216 4069 296 4139 Pas.
308 4069 386 4123 414.
419 4067 436 4117 l.
450 4068 474 4120 7.
493 4061 550 4133 παρ’
567 4063 626 4134 ν’μῖν
640 4068 716 4119 habet
732 4071 794 4120 Ven.
809 4087 863 4119 cum
880 4070 959 4121 vatic.
980 4100 1008 4110 -
1039 4070 1108 4124 1.11.
1127 4074 1305 4143 Venet.nuget

147 4149 277 4214 Ἡσίοδον,
295 4152 339 4206 καί
354 4150 470 4212 Ἱκέσιον,
488 4151 532 4205 καί
549 4153 632 4219 Στησ.
651 4181 682 4192 -
716 4153 733 4207 Ι.
751 4154 787 4206 16.
806 4154 997 4222 εἰδωλολατρίας
1015 4157 1068 4207 Bas.
1083 4186 1114 4196 -
1149 4158 1166 4209 l.
1179 4158 1210 4210 18
1225 4169 1250 4210 et
1265 4159 1302 4213 19.

148 4237 233 4288 Verba
248 4237 293 4290 καί
314 4237 364 4290 τῶν
385 4234 451 4291 κατὰ
473 4235 502 4290 σί
520 4238 567 4303 (ita
584 4255 646 4288 corr.
664 4254 711 4304 pro
728 4235 794 4293 κατά
813 4245 872 4305 σε),
896 4234 950 4307 ἤδη
963 4259 984 4294 τ.
1002 4257 1025 4294 σΙ
1041 4258 1083 4308 πρ.
1098 4260 1120 4295 τ.
1136 4241 1236 4313 ἔλεγχον
1253 4261 1301 4297 om.

149 4321 212 4370 Ven.
231 4351 262 4361 -
298 4322 315 4373 1.
330 4325 370 4374 20.
391 4323 493 4388 Repone
510 4319 557 4374 md
572 4320 602 4376 δέ
616 4323 677 4375 τῶν.
709 4324 833 4376 Ροειὶουία
846 4323 875 4381 δὲ
893 4325 984 4377 excidit
1001 4325 1122 4379 σύστασίν
1138 4329 1197 4379 odie
1214 4330 1299 4381 Petne.

150 4405 202 4456 001.
224 4434 251 4444 -
281 4406 297 4456 1.
312 4406 352 4459 27.
371 4400 446 4461 &att
459 4403 507 4473 γὰρ
527 4407 554 4460 αἱ
568 4402 610 4474 ἐφ.
627 4409 688 4458 Ven.
709 4437 740 4449 -
767 4409 784 4459 l.
797 4410 838 4464 28.
857 4410 961 4477 καιρίως
974 4422 1057 4462 tuetur
1072 4414 1135 4465 Ven.
1152 4430 1301 4483 quoque.-

148 4489 165 4543 l.
177 4488 218 4541 29.
238 4488 390 4553 ζιζανοίδσνς
407 4494 469 4542 Ven.

216 4576 297 4649 Ρις.
309 4577 387 4635 416.
420 4576 471 4630 L&
490 4574 516 4632 έν
532 4577 566 4648 τη
584 4575 754 4650 Πεντατεύχῳ
772 4581 835 4635 λἀσ.
855 4609 888 4620 -
921 4580 1185 4653 1.18.7οσ.ρ1οσιῗω
1204 4584 1301 4663 πατέρα
