3096 5070
619 320 943 374 uuacsenunsuosrs.
1293 312 1355 376 uos

203 438 308 502 infusis
332 439 361 502 in
388 441 510 503 salutem
538 453 691 520 asserunt,
726 462 841 526 unaque
870 463 959 505 voces
984 442 1121 526 quasdam
1144 439 1308 506 Hebraicas
1324 443 1354 508 iu

204 540 266 604 eius
287 541 334 624 qui
357 542 493 627 expiatur
514 557 600 629 caput
622 545 819 608 insusurrant.

286 638 423 727 0pbitae.
471 643 509 707 tti
524 657 689 730 serpentem
706 656 886 710 venerantur
898 667 932 708 ac
946 646 1127 731 praedicant,
1145 665 1270 730 eumque
1285 666 1353 712 esso

201 740 350 809 Christum
374 759 521 811 asserunt.
568 745 615 814 Ob
635 749 664 811 id
687 749 717 811 in
740 747 812 811 cisto
836 759 1005 832 serpentem
1028 760 1195 812 asservant.

264 843 400 929 ‚Ceioni
449 848 587 915 Veterem
605 851 717 936 legem,
742 861 853 914 etcum
873 849 921 933 qui
938 849 1017 913 illius
1035 850 1109 934 legis
1128 860 1259 934 ternpore
1273 850 1355 914 locu·

200 961 246 1013 tus
264 961 309 1013 est
322 952 486 1035 repudiant.
532 951 793 1016 Resurrectionem
812 953 909 1016 caruis
927 951 1084 1035 abnegant.
1129 947 1253 1015 Cainum
1274 974 1355 1016 com·

200 1053 353 1132 mendant,
385 1076 468 1139 quem
496 1054 720 1141 praestantioris
747 1054 896 1118 cuiusdam
917 1054 1034 1116 virtutis
1057 1053 1146 1116 luisse
1170 1055 1351 1139 praedicunt.

200 1151 259 1218 Sed
276 1165 305 1217 et
322 1153 421 1219 ludam
441 1157 546 1220 divinis
566 1156 725 1220 bonoribus
743 1156 887 1235 afficiunt,
912 1177 966 1219 nec
983 1177 1041 1218 nou
1062 1165 1091 1217 et
1107 1152 1204 1233 Cere,
1237 1153 1353 1221 Datbau

205 1265 235 1318 et
258 1256 388 1336 Abiron,
412 1280 445 1323 ac
469 1257 650 1323 Sodomitus.

285 1356 428 1423 Setbiani.
475 1360 513 1424 lli
532 1358 654 1424 Setbunu
674 1360 807 1424 leudibus
834 1359 970 1423 ederunt.
1018 1357 1112 1442 Quem
1137 1381 1177 1424 ex
1198 1380 1353 1446 supremae

202 1461 329 1543 parentis
346 1463 522 1547 poenitentis
543 1474 726 1549 procreatum
752 1473 869 1546 putant,
904 1484 989 1540 cum,
1024 1458 1120 1526 Caino
1137 1462 1289 1546 Abeloque
1307 1463 1352 1526 in-

200 1562 350 1642 teriectis,
374 1585 535 1649 congressa
552 1567 697 1630 sinceram
716 1565 854 1650 stirpem,
887 1564 1025 1627 videlicet
1044 1562 1197 1642 Setbum,
1219 1565 1349 1650 protulit,

200 1686 290 1748 aquo
312 1665 480 1731 universum
507 1689 599 1752 genus
625 1668 770 1732 bominum
797 1666 936 1729 manavit.
982 1664 1138 1729 Postremo
1161 1667 1303 1752 principia
1322 1678 1352 1732 et

200 1776 377 1851 potestates,
402 1780 557 1853 ceteraque
580 1782 611 1833 ut
632 1771 680 1834 alii
702 1770 799 1833 omnio
823 1778 966 1832 statuunt.

282 1970 466 2036 Arcbontici.
512 1971 615 2036 Plures
629 1973 678 2036 isti
693 1974 727 2036 od
743 1972 890 2058 principes
906 1972 1042 2035 universa
1060 1972 1236 2050 relerentes,
1261 1994 1350 2057 quae·

202 2095 325 2158 cumque
350 2075 427 2138 iacta
452 2075 576 2138 suntab
601 2075 658 2138 illis
680 2086 745 2138 orta
769 2075 920 2139 deliniunt.
967 2072 1084 2137 Habent
1109 2084 1138 2137 et
1163 2074 1349 2141 laedissirnac

199 2176 341 2261 quoddam
364 2176 492 2240 libidinis
511 2196 615 2260 genus.
661 2174 769 2241 Carnis
786 2176 1034 2240 resurrectionem
1057 2187 1208 2260 respuunt.
1255 2175 1349 2242 Vetus

198 2288 402 2342 testamentum
420 2279 599 2342 calumniose
618 2279 763 2342 reiiciunt.
810 2276 993 2364 Quamquam
1010 2289 1040 2341 et
1059 2279 1129 2357 boc,
1161 2289 1191 2340 et
1207 2300 1283 2342 noro
1304 2279 1350 2342 iu·

196 2401 285 2464 super
307 2401 511 2465 nonuunquam
536 2391 672 2458 utantur,
705 2401 744 2444 ex
768 2382 872 2465 quibus
898 2382 1029 2466 singulas
1053 2382 1172 2444 voculas
1191 2380 1294 2444 callide
1312 2382 1349 2445 ad

194 2494 320 2546 mentem
343 2505 425 2546 suam
448 2483 680 2558 accommodant.

279 2581 476 2663 Cerdonieni,
499 2606 515 2648 a
532 2580 689 2663 Cerdone,
714 2585 761 2669 qui
778 2606 863 2669 quem
878 2584 914 2649 ab
930 2583 1114 2649 Heracleone
1128 2605 1259 2648 errorem
1276 2584 1347 2648 bau·

195 2698 292 2766 serat,
325 2688 409 2752 nocis
436 2688 562 2751 inventis
585 2688 717 2750 adauxit.
764 2688 808 2751 Ac
829 2709 894 2750 curn
911 2686 1034 2751 Romam
1054 2708 1071 2751 e
1090 2685 1178 2773 Syria
1197 2689 1345 2773 proiectus

195 2800 289 2869 esset,
321 2789 430 2875 Hygini
455 2810 547 2875 papae
573 2789 752 2873 temporibus
777 2810 829 2853 sua
852 2791 987 2874 dogmata
1013 2789 1224 2853 disseminavit.
1277 2787 1344 2854 Duo

194 2914 280 2975 porro
309 2891 448 2978 principia
472 2892 620 2956 contraria
649 2891 775 2954 invicem
800 2893 932 2955 affirmat.
977 2890 1077 2975 Negat
1102 2889 1250 2955 Christum
1276 2913 1344 2956 esse

192 2996 333 3079 genitum.
379 2992 562 3058 Mortuerum
589 2994 797 3058 excitationem
821 3015 884 3056 cum
909 3005 1010 3056 vetere
1036 3003 1210 3056 testamento
1232 2993 1341 3058 reiicit.

275 3195 497 3262 Marcionistae.
544 3195 659 3261 Marcio
673 3198 813 3261 oriundus
831 3218 870 3260 ex
886 3196 982 3260 Ponto
1000 3196 1135 3279 episcopo
1157 3208 1240 3281 patre
1255 3210 1341 3262 natus

192 3311 249 3364 est.
295 3301 323 3363 Α
341 3321 397 3383 quo
414 3300 450 3363 ob
465 3300 587 3384 virginis
601 3311 731 3385 stuprum
750 3300 862 3363 eiectus
878 3320 917 3362 cx
934 3298 1058 3362 ecclesio
1075 3296 1198 3362 Romam
1216 3302 1340 3385 aufugit.

192 3399 248 3466 Ubi
268 3423 332 3464 cuna
349 3391 383 3465 ab
401 3401 438 3465 iis
455 3403 502 3486 qui
520 3412 578 3465 turn
597 3403 738 3465 ccclesiae
765 3412 920 3486 praeerant
935 3401 1142 3486 poeniteutiam
1165 3403 1272 3466 frustra
1291 3425 1344 3488 po·

192 3505 345 3582 stulasset‚
378 3504 549 3567 catholicam
577 3504 661 3566 fidem
685 3523 853 3589 oppugnare
875 3504 1012 3567 instituit.
1067 3501 1263 3586 Quamobrem
1285 3504 1342 3568 tria

193 3626 259 3670 esse
280 3607 418 3692 principio
440 3607 532 3684 dixit,
557 3607 683 3684 bouum,
713 3607 820 3669 iustum
843 3615 873 3667 et
887 3606 1004 3669 malum.
1049 3603 1167 3668 Novum
1184 3616 1343 3670 testamen·

192 3718 251 3772 tum
270 3730 285 3772 a
305 3720 408 3773 vetere
425 3709 613 3793 eiusdemque
634 3718 753 3771 auctore
778 3708 904 3769 alienum
930 3727 997 3770 esse
1017 3708 1125 3771 docuit.
1172 3704 1279 3772 Carnis
1294 3729 1342 3772 re-

191 3811 403 3875 surrectionem
429 3812 557 3876 sustulit.
612 3809 682 3874 Non
708 3830 795 3872 unum
821 3808 963 3895 baptisma
989 3811 1145 3887 duntaxat,
1177 3811 1227 3873 sed
1253 3812 1340 3874 etiam

191 3913 247 3977 tria
265 3924 329 3999 post
348 3913 483 3976 delictum
506 3913 647 3997 indulget.
693 3908 753 3974 Pro
773 3912 895 3974 mortuis
919 3911 1034 3974 illorum
1056 3911 1272 3976 catechumenis
1289 3913 1341 3976 ba·

191 4015 325 4100 ptisruum
347 4015 395 4077 alii
420 4015 592 4099 suscipiunt.
637 4010 814 4076 Mulieribus
834 4015 969 4077 conterre
997 4012 1169 4098 baptismum
1193 4013 1258 4078 siue
1281 4015 1339 4079 ullo

192 4116 357 4180 discrimine
378 4115 529 4199 permittit.

274 4214 476 4280 Locianistae.
521 4214 672 4280 Lucienus
697 4216 741 4280 bis
761 4217 926 4301 antiquior,
957 4239 1014 4281 uon
1035 4217 1110 4280 alter
1125 4218 1173 4281 ille
1191 4219 1239 4301 qui
1258 4215 1340 4283 Cou·'

191 4350 250 4399 utus.
284 4347 404 4413 ltpuettc
419 4352 503 4413 tapttn
518 4352 544 4400 tn
557 4355 684 4402 summata
699 4355 747 4405 Po·
781 4352 876 4406 iuuetis
899 4353 960 4405 scia.
1011 4356 1083 4417 Vutpo
1105 4357 1167 4404 enirn
1191 4357 1273 4419 epuns
1295 4352 1338 4409 ndu

191 4420 255 4467 norit
269 4430 326 4480 pop.
338 4417 395 4467 ¹230.
781 4419 872 4475 morta
889 4421 951 4473 νοῦν.

223 4483 265 4534 30.
298 4487 325 4535 tn
355 4486 461 4535 Penuria
491 4490 555 4535 aetat
579 4481 749 4554 διαβάλλουσι,
816 4490 856 4542 st.
875 4493 997 4552 Suspicort
1020 4492 1072 4540 ttcat
1093 4489 1271 4558 διαδεξαμένου
1284 4507 1338 4545 cum

189 4555 251 4616 pund
263 4554 420 4615 reponendum
432 4558 473 4605 ast¹
497 4555 548 4603 tuns
563 4555 750 4606 Gomcrtusosr·
782 4562 885 4613 Patauio.

161 4636 162 4639 ¹
190 4625 217 4674 tu
234 4618 423 4675 calumniantur.
448 4623 526 4681 Panto
539 4627 594 4689 post
610 4623 694 4686 minti
705 4620 749 4684 riu
815 4624 857 4687 32.
873 4628 938 4680 Libia·
953 4629 1037 4682 babent
1051 4628 1121 4696 culpa
1138 4626 1246 4699 puplico,
