3096 5070
385 284 522 336 raanan
540 283 604 334 utu.
617 283 661 335 tn.
677 283 760 336 ron.
774 285 793 336 1.
810 283 910 334 anau.
921 282 1044 334 Lxxm.
1253 269 1293 332 73

136 425 189 492 per
207 404 272 469 illos
290 404 456 489 excogitet,
490 424 554 465 cnm
576 413 605 465 et
628 416 714 468 antea
730 403 887 467 rtonunllos
904 400 1091 466 Antiochiam
1112 401 1215 482 obire,
1238 422 1294 466 uec

137 531 194 572 non
209 519 239 571 et
254 507 467 571 Alexandriam
484 527 519 569 ac
538 503 674 591 Lydiam,
699 517 729 569 ct
744 508 846 569 Asiam
862 504 1059 579 audissemus,
1082 504 1179 589 ibique
1193 505 1294 591 impie·

137 609 204 675 tatis
220 631 290 672 suae
308 609 452 673 scintillas
474 607 623 670 radiorum
642 607 747 672 aecimis
767 608 944 684 immittere,
974 627 1151 688 magnaoos
1166 629 1234 692 spes
1251 619 1294 670 te·

136 725 203 790 net,
235 734 289 797 pro
307 722 385 774 tanta
410 710 532 774 sceleris
551 711 671 774 andacia
688 732 723 773 ac
741 721 798 774 tam
818 707 947 793 proiecta
970 707 1084 770 illoram
1104 708 1293 792 impudentia,

137 816 161 880 ai
180 826 211 879 ct
228 836 300 891 nos,
332 815 424 895 etqui
442 810 544 874 inillis
562 811 636 876 locis
654 811 778 875 arianistri
799 810 906 874 domini
926 833 960 874 ac
979 811 1111 894 collegae
1131 820 1216 890 snut,
1246 834 1295 877 ec·

137 918 245 980 clesiae
266 914 527 1000 propugnationem
547 915 782 999 susciperemus,
814 914 962 977 increratam
984 913 1061 976 illam
1080 935 1174 999 arraper
1192 915 1296 978 haere·

137 1020 191 1084 aim
214 1015 382 1104 profligari,
423 1027 508 1100 atque
535 1037 651 1080 omnem
677 1018 756 1079 illam
783 1017 997 1101 improbitatem
1023 1037 1111 1100 posse
1138 1016 1293 1099 restingui.

138 1120 284 1204 erorriarn
302 1139 373 1181 vero
389 1129 445 1180 tam
461 1118 497 1181 alt
513 1119 548 1183 iis
565 1130 686 1204 postca,
710 1119 758 1203 qui
777 1139 817 1181 ex
833 1118 889 1181 illis
905 1118 978 1181 locis
998 1117 1053 1181 huc
1071 1118 1194 1203 protecti
1214 1131 1294 1198 sntrt,

139 1245 225 1308 qnam
244 1243 283 1284 ex
304 1218 485 1306 Illyricorum
503 1221 614 1284 nuntiis
633 1223 799 1306 accepimus
821 1221 889 1284 mali
911 1220 996 1285 lartius
1020 1232 1158 1284 auctores
1179 1243 1294 1284 οιιιιιιιιι

139 1325 311 1389 industriam
328 1323 477 1402 adltiltcre,
501 1346 536 1387 ac
555 1322 700 1408 plerisque
718 1323 875 1408 pernicicm
892 1323 1064 1400 anacltinari,
1088 1344 1199 1408 eosque
1215 1325 1297 1389 velut
1343 1365 1345 1372 κ

140 1429 312 1490 lerntentnm
329 1427 471 1512 quoddam
490 1429 525 1491 ad
541 1426 698 1510 nequitiam
718 1427 903 1503 distendere,
933 1447 996 1490 rem
1012 1427 1087 1490 ultra
1106 1427 1295 1490 differendam

139 1550 206 1594 esse
231 1552 288 1593 raon
314 1529 494 1593 censuimus.
540 1527 600 1593 Sed
625 1551 689 1593 curu
714 1530 815 1592 literas
834 1529 955 1614 insuper
972 1529 1008 1592 alt
1029 1530 1159 1593 ntrarrinri
1183 1530 1296 1616 collega

139 1645 240 1696 nostro
265 1631 397 1716 Genrgio
425 1632 564 1717 episcopo
589 1629 776 1696 Laodiccuae
800 1630 882 1695 urhis
908 1631 1142 1715 accepissemus,
1174 1654 1296 1716 quarum

137 1736 303 1821 exerrrplnm
319 1736 370 1799 ltio'
380 1736 601 1820 adscripsimus,
625 1746 773 1797 eteorum
793 1734 1028 1797 denuntiationes
1047 1736 1095 1819 qui
1116 1756 1214 1799 eoram
1240 1736 1296 1799 deu

137 1860 191 1902 nos
215 1838 438 1901 obtestabantur
460 1838 580 1901 reveriti
605 1858 757 1914 essemus,
788 1858 840 1921 pro
856 1857 893 1899 eo
910 1858 944 1899 ac
964 1857 1016 1922 per
1041 1848 1154 1921 tempus
1175 1837 1292 1914 licebat,

136 1941 307 2004 imminente
331 1952 523 2003 sacrosancto
544 1937 699 2003 Paaclratis
723 1939 789 2016 die,
820 1939 849 2002 in
877 1961 964 2002 ιιιιιιιιι
991 1939 1122 2017 collecti,
1155 1949 1297 2024 quotquot

138 2044 244 2107 adesse
261 2043 406 2127 potuimus
427 2047 507 2124 (nam
527 2043 681 2126 plerosquo
698 2041 791 2104 hiems
809 2041 990 2116 interclusit,
1023 2052 1054 2105 ct
1078 2062 1117 2104 ex
1135 2063 1235 2105 eorrrrn
1263 2041 1297 2105 li·

139 2145 211 2209 teris
226 2145 406 2226 didicimus),
431 2165 549 2229 operam
567 2145 698 2207 dedimus
715 2155 746 2207 ut
758 2145 792 2206 ad
811 2155 958 2228 receptam
978 2144 1042 2206 lldei
1060 2144 1211 2208 lcrmnlanr
1229 2165 1296 2228 pro·

138 2250 232 2334 prium
257 2248 390 2332 quiddam
416 2259 504 2331 atque
529 2246 701 2331 expressius
727 2247 901 2324 adderetur,
939 2256 971 2309 nt
998 2256 1063 2330 post
1091 2257 1208 2310 ceteras
1230 2245 1296 2309 nuci

137 2349 355 2437 professiones,
379 2370 444 2412 eam
464 2349 599 2411 rrirnirnno
618 2369 692 2431 qnae
712 2348 886 2412 Arctioclriae
905 2348 958 2413 snb
976 2349 1121 2412 ecclesiae
1138 2348 1297 2411 dedicatio·

138 2474 204 2516 nom
225 2451 372 2538 proposita
389 2463 447 2529 est,
472 2473 527 2515 ucc
545 2472 602 2513 non
620 2462 649 2512 et
665 2450 694 2512 in
709 2447 880 2514 Sardicensi
898 2452 1025 2537 synodo,
1050 2473 1134 2534 qnam
1152 2448 1296 2514 Sirmien-

138 2558 181 2621 sis
195 2555 331 2640 amplexa
352 2565 415 2630 est,
440 2555 522 2618 etad
541 2552 672 2617 rationes
690 2553 754 2615 illas
772 2575 848 2637 quae
866 2555 893 2618 in
915 2554 995 2617 lrisce
1015 2553 1147 2616 consciliis
1167 2554 1297 2637 explica·

138 2668 186 2720 tae
205 2670 290 2735 ιιιιιι,
324 2657 484 2721 catholicae
509 2656 653 2720 ecciesiae
680 2656 716 2718 de
741 2669 841 2720 satrcta
865 2657 993 2720 trinitate
1011 2657 1114 2738 tlognra
1132 2655 1298 2718 distinctius

139 2759 346 2844 explicatuma
364 2760 449 2823 uoltis
463 2760 631 2822 accederet.
662 2754 694 2820 ln
712 2779 767 2841 qna
789 2744 902 2843 quidem
920 2781 996 2823 trove
1016 2759 1081 2822 fidei
1099 2758 1297 2822 declaratione

140 2863 208 2925 nihil
227 2863 303 2925 aliud
331 2883 415 2945 qnam
442 2863 517 2946 quod
538 2860 658 2946 spiritus
680 2872 800 2925 satietas
820 2861 965 2924 ructatibus
990 2861 1100 2925 uostris
1119 2860 1298 2944 suggerebat

140 2963 250 3026 dictare
265 2964 440 3027 studuimus.
486 2962 633 3046 Quocirca
653 2963 740 3026 etiam
760 2973 847 3046 atque
864 2965 950 3027 etiam
968 2984 1021 3028 vos
1041 2985 1213 3049 precamur,
1245 2984 1297 3027 ve-

140 3067 286 3129 nerabiles
304 3067 412 3129 donnini
431 3087 465 3129 ac
483 3067 627 3149 collegae,
652 3076 684 3128 ut
700 3066 785 3129 lectis
803 3067 847 3130 his
864 3066 958 3130 literis
976 3088 1041 3129 cnon
1059 3067 1144 3130 robis
1161 3067 1295 3131 traditam

137 3190 154 3232 a
173 3168 333 3231 maiorilnrs
356 3170 439 3232 tidem
465 3169 546 3232 cordi
566 3188 651 3246 esse,
686 3178 746 3231 tum
763 3190 817 3231 taos
836 3170 938 3231 eadem
956 3169 1106 3233 vobiscum
1130 3169 1241 3233 seruire
1260 3191 1296 3234 ac

137 3269 269 3357 profiteri
293 3271 482 3353 significetis3
516 3283 547 3334 ut
570 3273 618 3355 qni
642 3270 820 3355 impietatem
845 3272 922 3334 illam
946 3271 1137 3336 disseminare
1164 3294 1222 3335 noo
1244 3292 1296 3335 ve-

137 3386 257 3451 rentur,
283 3395 347 3437 cum
366 3374 393 3437 id
409 3386 491 3438 certo
507 3373 721 3460 compererint,
754 3374 831 3435 illam
850 3396 904 3438 nos
921 3375 1004 3438 lidem
1021 3397 1106 3460 qnam
1125 3374 1161 3438 ab
1178 3386 1297 3459 aposto·

138 3475 202 3537 licis
221 3478 287 3539 inde
301 3477 482 3563 temporibus
500 3478 670 3539 continuata
689 3475 725 3538 ad
744 3488 842 3561 patres
862 3488 980 3541 nostros
999 3499 1091 3563 usqne
1108 3476 1297 3541 successione

139 3576 315 3661 acecpimus,
341 3581 421 3642 velnt
438 3579 642 3665 patrimonium
660 3578 734 3641 tueri
757 3600 791 3642 ac
809 3580 981 3658 defendere,
1004 3581 1051 3643 vel
1071 3581 1180 3662 pudore
1198 3578 1297 3640 allecti

139 3679 174 3740 ad
195 3678 343 3742 arreliorem
359 3693 486 3745 ruentem
503 3703 536 3744 se
554 3683 725 3759 auerterant,
757 3681 804 3745 vel
828 3683 852 3744 si
870 3682 899 3745 in
923 3681 1108 3767 improbitate
1124 3680 1294 3765 persistant,

139 3779 175 3843 ab
192 3779 318 3842 ccclesia
335 3785 570 3864 proscribantur,
596 3793 696 3868 utpote
717 3783 765 3868 qni
784 3784 944 3868 iniquitatis
961 3785 1038 3861 ntia,
1071 3782 1118 3866 qui
1136 3782 1183 3844 vel
1201 3782 1230 3844 in
1250 3781 1296 3846 dei

137 3949 179 4002 hic
204 3950 302 4000 locus.⁴‘
348 3953 476 4002 contortus
500 3955 567 4002 cartu
594 3961 621 3999 nt
646 3968 700 4000 eam
735 3950 935 4021 ἐντυγχάνοντες.
969 3955 1032 4017 quod
1059 3956 1224 4003 reatttneodum
1249 3969 1297 4006 esre

137 4017 222 4085 adepti
240 4017 406 4086 ampleximini
430 4019 547 4069 traditam
568 4036 597 4068 ex
620 4018 699 4084 patri·
733 4022 831 4080 portame
853 4025 937 4073 enodet
958 4026 1029 4072 etiam
1045 4025 1162 4084 scripturn
1179 4025 1228 4073 cod.
1248 4025 1296 4075 len.

138 4086 183 4136 bus
202 4085 292 4146 lislam,
319 4098 344 4137 et
363 4087 429 4155 quod
448 4104 558 4137 consona
573 4087 700 4136 vobiscum
735 4085 902 4156 ἐντινγχόντες4

137 4157 256 4205 sentimus
274 4173 304 4206 ac
330 4156 452 4206 credimus
469 4154 623 4222 siguificare,
651 4172 700 4222 quo
772 4158 807 4206 ll).
827 4150 846 4222 ii
864 4160 937 4207 edidit
955 4160 1079 4219 Pedanius,
1095 4163 1189 4208 anctore
1204 4161 1295 4210 Corno-

138 4222 259 4273 cantiones
279 4224 338 4273 tacti
353 4231 404 4276 cell.
431 4227 529 4275 Verbum
544 4221 700 4293 ἐντυγχάνειν
733 4225 784 4284 rt'd,
808 4228 849 4287 qui
868 4229 935 4275 cerm
957 4236 984 4273 nt
1000 4237 1041 4276 aut
1067 4225 1193 4288 parde-tacti
1218 4228 1295 4277 corri-

137 4293 238 4342 l.l.oan
253 4293 371 4356 etpotpr‘ot
384 4297 457 4358 tepere
471 4295 512 4342 aed
526 4296 627 4357 precum,
642 4308 699 4355 qno·
734 4303 840 4357 gaona,
866 4304 907 4341 ιιιι
929 4299 978 4345 cett.
1021 4296 1096 4347 codd.
1113 4310 1167 4349 ιιιιι.
1194 4301 1215 4347 et
1238 4297 1294 4349 edil.

136 4361 206 4409 modo
226 4376 252 4410 eo
275 4367 345 4412 ettont
369 4378 426 4412 ιιιιιι
449 4367 482 4413 eet
501 4363 566 4412 haer.
580 4362 621 4422 oo,
633 4370 656 4410 ἰ.
679 4364 700 4411 et
732 4363 807 4423 princ.
827 4363 912 4415 notat
929 4353 968 4429 ἣν.

136 4427 254 4491 naeus,
270 4427 310 4494 4.,
337 4435 359 4481 et
379 4433 444 4483 attat.
488 4433 596 4481 Ceterum
616 4431 700 4480 omttm
