3096 5070
382 280 518 334 ruuuan
535 281 599 333 ura.
610 283 655 333 ru.
672 238 754 335 rou.
766 284 786 334 ι.
804 282 904 334 nasa.
916 282 1035 335 uxxvr.
1221 268 1282 335 233

135 401 251 468 interim
279 412 366 487 atque
387 400 489 465 eximii
509 400 604 483 gloria
628 402 710 465 salva
733 403 904 487 integraque
930 403 1108 482 retineatur,
1141 402 1197 467 boe
1218 402 1285 485 ipso

137 507 210 591 quod
225 504 274 568 ille
290 505 334 569 sui
354 503 445 589 ipsius
469 503 588 567 minime
608 504 778 590 principium
801 506 960 584 asseritur,
993 506 1045 569 sed
1061 504 1211 590 aequalem
1228 504 1284 568 sibi

135 608 265 673 sobolem
282 605 436 693 purissima
453 617 482 668 et
499 606 783 691 incomprebensibili
800 607 964 672 substantia
984 607 1284 691 consubstantialique

134 711 236 785 modo,
269 709 325 772 boc
341 721 388 772 cst
403 707 567 772 substantia
588 720 617 772 et
635 709 784 795 hypostasi
803 710 963 794 praeditum
982 711 1158 793 produxisse
1180 710 1281 789 lilium,

135 813 312 899 quiquidem
329 833 386 875 non
405 810 519 874 animae
539 831 647 896 expers
663 812 741 876 illius
758 812 854 896 imago
871 812 928 890 sit,
953 814 1002 875 scd
1024 823 1175 898 paternum
1190 832 1284 896 genus

134 915 297 1000 exprimat,
330 924 360 977 ut
382 913 526 997 scripturn
547 924 690 993 testatur,
723 935 795 999 quac
814 914 1047 997 genitumlilium
1066 915 1216 998 aequalem
1234 933 1286 998 ge·

134 1016 224 1082 nitori
249 1017 411 1080 constituit.
456 1021 572 1096 Imago,
608 1015 716 1099 inquit,
748 1019 897 1079 cucurbitas
914 1021 970 1079 dm'.
1017 1019 1115 1081 Acne
1133 1017 1421 1100 quisine-cuum.
1534 1068 1536 1073 .

132 1121 211 1207 ginis
235 1120 383 1184 notionem
401 1118 438 1181 ab
457 1117 609 1181 identitate
633 1119 695 1204 ipsa
721 1119 839 1183 differre
865 1119 1015 1196 crederet,
1046 1120 1172 1203 ipsemet
1190 1130 1283 1204 pater,

133 1222 177 1289 uti
196 1245 251 1287 nos
274 1233 356 1286 certo
377 1220 534 1304 dirigeret,
565 1231 634 1283 ante
658 1219 798 1305 prolatam
821 1221 898 1285 illam
917 1222 1090 1285 sententiam
1110 1222 1153 1291 ita
1170 1222 1285 1285 locutus

134 1336 198 1390 estc
228 1329 376 1387 Faciamus
398 1327 533 1385 bominem
555 1328 594 1384 ad
611 1328 760 1403 imaginem
784 1337 925 1398 austrum,
959 1336 989 1386 et
1008 1328 1047 1386 ad
1062 1328 1282 1388 similitudmem.
1298 1335 1357 1381 (ιιι.
1371 1335 1438 1390 tm.

136 1428 168 1491 lu
184 1449 241 1511 quo
260 1448 317 1490 non
335 1426 462 1511 seipsum
480 1448 497 1488 a
515 1426 572 1489 filio
589 1425 739 1501 discrevit,
764 1428 814 1489 sed
830 1427 952 1489 similem
969 1447 1091 1505 vocem,
1116 1438 1145 1490 et
1161 1429 1196 1490 ad
1212 1428 1284 1492 duos

138 1531 347 1614 pertinentem,
373 1549 514 1614 usurpare
538 1528 643 1592 voluit:
675 1533 824 1590 Faciamus
841 1533 995 1604 laomim,-
1020 1551 1076 1613 qna
1095 1530 1167 1594 duos
1185 1531 1286 1615 expri-

140 1643 247 1710 meret,
278 1632 405 1716 scipsum
430 1629 584 1710 videlicet,
616 1652 649 1693 ac
669 1630 774 1708 lilium,
808 1642 856 1694 aut
878 1632 998 1714 insuper
1023 1633 1286 1717 etspirituruson·

140 1744 225 1797 ctum.
271 1732 368 1817 Atque
387 1744 417 1796 ut
434 1733 568 1816 imaginis
587 1734 790 1816 aequalitatem
808 1735 993 1812 ostenderet,
1026 1734 1141 1798 diversa
1160 1737 1217 1801 duo
1234 1757 1286 1798 vo-

139 1835 237 1900 eabula
254 1837 386 1900 inserere
409 1836 518 1912 noluit,
554 1836 604 1898 sed
629 1836 741 1899 naricam
762 1838 904 1898 duntaxat
928 1839 1167 1900 commemorarit
1184 1838 1286 1919 imagi·

138 1958 215 2018 nem,
238 1951 366 2004 nostram
382 1949 477 2001 autem
495 1958 529 2000 ca
544 1958 616 2001 voce
635 1958 709 2020 quae
723 1938 758 1999 ad
776 1939 847 2000 duos
864 1950 1010 2023 spectaret
1025 1941 1154 2023 protulit.
1189 1937 1285 2003 Porro

135 2051 265 2104 creatum
290 2041 434 2104 bominem
457 2062 514 2103 non
541 2041 576 2102 ad
603 2040 688 2102 arrius
715 2039 870 2123 imaginem
890 2061 1081 2126 expressum,
1114 2042 1165 2104 sed
1185 2042 1285 2105 ambu-

134 2163 199 2207 rnm
227 2143 424 2207 similitudinis
446 2154 474 2205 et
490 2142 674 2225 aequalitatis
699 2143 820 2226 effigiem
844 2163 911 2207 esso
938 2142 1132 2226 significarim
1166 2143 1284 2207 utillud

76 2283 79 2286 >
134 2255 235 2331 aperte
251 2246 431 2324 declararet,
458 2246 592 2329 quicquid
612 2244 806 2309 excellentiae
823 2256 886 2324 est,
920 2245 1072 2329 inpetus,
1097 2246 1154 2309 filio
1177 2268 1210 2309 ac
1226 2245 1286 2332 spi-

134 2348 193 2412 ritu
221 2360 324 2412 sancto
351 2350 425 2412 idem
453 2359 540 2431 atque
569 2369 655 2410 unum
686 2368 771 2428 esse,
806 2368 899 2432 ueqne
925 2348 1036 2412 riarium
1064 2369 1099 2410 ac
1121 2347 1284 2432 multiplex.

134 2447 205 2514 Nou
223 2452 300 2514 enim
315 2461 365 2514 aut
380 2450 416 2513 ab
432 2451 524 2514 altera
544 2461 646 2514 natura
664 2461 764 2534 pater,
789 2451 864 2514 lilius
880 2461 910 2513 et
926 2449 1047 2535 spiritus
1064 2460 1184 2512 sanctus
1201 2471 1286 2514 acce·

135 2552 194 2638 pit,
227 2563 278 2616 aut
293 2553 320 2616 in
339 2554 458 2617 alteram
484 2563 617 2616 naturam
638 2564 760 2616 uaturue
780 2552 986 2637 dignitatisque
1009 2573 1081 2615 snae
1106 2553 1285 2615 commuuio-

135 2674 201 2718 uem
228 2656 396 2734 transtulit,
430 2676 523 2740 neque
548 2655 628 2720 velut
645 2655 777 2718 sectione
802 2656 923 2739 quadam
943 2666 993 2719 aut
1010 2655 1152 2740 profluvio
1170 2655 1287 2719 diuinae

134 2755 176 2820 illi
193 2767 316 2822 naturae
333 2758 505 2822 varietatem
528 2758 624 2821 attulit
641 2755 782 2840 unigeniti
805 2756 857 2820 lilii
873 2757 1049 2841 spiritusque
1068 2756 1162 2822 sancti
1179 2758 1285 2842 produ·

136 2859 211 2938 etio,
236 2861 287 2923 aed
309 2861 547 2944 quemadmodum
565 2859 600 2922 ab
614 2860 698 2922 initio
716 2860 968 2944 praestantissima
985 2859 1031 2923 illa
1051 2869 1153 2924 natura
1171 2882 1189 2924 a
1206 2859 1285 2922 nullo

136 2958 211 3025 lacta
224 2973 363 3026 creamve
380 2983 497 3048 semper
511 2962 621 3041 extitit,
645 2962 684 3024 ita
701 2982 818 3047 semper
834 2962 1114 3047 praestantissimam
1132 2984 1171 3026 ex
1187 2961 1285 3046 seipsa

137 3062 264 3127 sobolem
287 3086 343 3129 uua
368 3087 432 3129 cum
450 3075 551 3129 sancto
569 3063 674 3150 spiritu
689 3063 754 3126 siue
773 3064 830 3127 ulla
848 3063 1020 3129 diversitate
1038 3065 1213 3150 produxisse
1230 3087 1284 3129 no·

135 3163 181 3228 bis
202 3168 383 3251 apertissime
406 3167 597 3253 praedicavit.

219 3267 298 3333 Aetli
315 3266 412 3355 Caput
430 3267 485 3333 lll.
532 3268 592 3333 lam
616 3290 688 3332 vero
709 3269 734 3332 si
756 3268 818 3354 ipse
835 3268 891 3332 sibi
910 3269 1026 3332 minime
1045 3281 1076 3334 ut
1090 3282 1170 3335 esset
1183 3281 1286 3335 contu·

133 3369 183 3449 lit,
216 3391 274 3434 non
295 3383 412 3458 propter
436 3372 522 3436 ullam
539 3383 660 3436 naturae
676 3370 921 3450 imbecillitatem,
954 3373 1005 3437 sed
1029 3374 1104 3457 qnod
1129 3394 1234 3438 caussa
1248 3374 1288 3437 sit

134 3472 212 3536 omni
229 3475 373 3559 superior,
399 3475 463 3558 quis
479 3477 647 3560 productam
668 3486 799 3539 naturam
819 3474 854 3537 ab
872 3495 918 3552 ea,
944 3496 1019 3559 quae
1035 3477 1217 3560 produxerit,
1243 3475 1286 3538 ni·

133 3573 171 3637 bil
195 3574 403 3640 insubstantia
427 3578 602 3642 discriminis
631 3578 738 3640 babere
769 3577 922 3655 fatebitur,
958 3598 1022 3640 cum
1053 3578 1194 3641 eiusmodi
1216 3577 1285 3640 sub·

130 3676 236 3741 stantia
258 3681 479 3763 generationem
503 3700 617 3741 omnem
641 3680 797 3742 excludat?

217 3776 340 3844 Conlut.
358 3778 413 3844 lll.
442 3779 467 3844 l.
487 3778 583 3844 Multo
599 3791 640 3857 tn,
659 3780 773 3859 oulc'ti,
793 3781 954 3844 consultius
968 3783 1093 3856 iaceres,
1113 3780 1137 3843 si
1153 3780 1285 3865 superio·

128 3880 210 3945 ribus
233 3903 268 3945 ac
287 3885 463 3947 coelestibus
480 3883 567 3945 rebus
584 3883 731 3959 intentus,
751 3893 781 3944 et
796 3882 996 3947 infelicitatem
1012 3894 1088 3946 tuam
1105 3904 1282 3966 agnoscens,

128 3985 304 4048 temerariae
321 3986 426 4048 mentis
441 3987 584 4069 insignem
602 3983 679 4047 illam
695 3984 870 4068 impietatem
888 4006 1104 4070 compesceres,
1130 4006 1167 4049 ue
1183 3996 1213 4048 et
1231 4007 1284 4049 nos

126 4085 201 4170 ipsi,
226 4087 307 4150 velut
323 4088 423 4150 iisdem
444 4089 527 4151 iuriis
546 4085 665 4173 perciti,
699 4096 797 4149 tantae
818 4085 957 4150 audaciae
975 4088 1166 4152 succubuisse
1185 4088 1284 4151 videa·

126 4208 209 4266 mur,
242 4190 293 4252 sed
313 4190 362 4253 tibi
382 4190 479 4274 potius
502 4212 536 4254 ac
559 4190 644 4254 nobis
671 4187 742 4274 ipsis
764 4209 838 4272 quae
864 4188 964 4273 pietati
989 4200 1057 4252 sunt
1084 4201 1283 4255 coruscatauea

160 4393 184 4443 5.
211 4395 276 4443 libri
292 4410 370 4445 omues
389 4394 526 4459 πρακτέον,
554 4394 688 4459 quod'cor-
723 4405 795 4463 putre
815 4403 841 4445 et
857 4393 908 4444 lilio
922 4411 952 4444 ac
968 4404 1056 4447 sancto
1072 4395 1162 4464 spiritu
1183 4413 1284 4450 manere

125 4463 184 4509 recl.
219 4463 298 4512 Etiam
316 4465 443 4513 Carnarius
461 4467 529 4514 uenit
548 4480 596 4530 quo
615 4465 688 4528 peni·
722 4471 772 4515 cett.

125 4536 165 4581 tue
186 4528 345 4581 manifestum
359 4530 392 4580 sit
400 4568 408 4592 ,
426 4532 644 4600 praeeminentiam
663 4533 689 4586 iu
760 4538 781 4585 l.
800 4528 831 4587 σύ
849 4539 882 4584 cst
897 4535 981 4587 uitium
998 4535 1110 4588 librentm
1126 4548 1181 4589 msa.
