3096 5070
361 299 500 353 sannen
517 300 638 350 marn.
654 300 737 351 rou.
749 301 781 350 rr.
808 300 928 351 nxros.
947 299 1011 350 rto.
1030 298 1173 351 cernon.
1281 287 1344 351 497

273 421 339 486 llae
353 431 422 485 sunt
438 419 526 504 igitur
538 415 667 482 LXXX
681 419 881 497 concubinae,
914 440 1036 502 quarum
1052 438 1191 482 numerus
1207 416 1346 502 exprimi·
1365 417 1424 485 ⁰³1³·
1441 417 1486 468 tx.

189 538 256 605 tur3
286 523 408 609 reginae
426 542 542 607 quoque
558 522 625 584 illae
641 520 722 604 ipsae
736 533 823 600 sunt,
856 522 920 586 sire
939 522 1072 599 animae,
1098 541 1172 606 quoe
1189 541 1242 603 per
1256 540 1347 603 genc-

189 629 319 694 rationos
336 637 548 700 recensentur,
580 624 635 686 hoc
652 635 697 687 est
712 623 768 687 viri
785 635 871 707 atque
890 623 1086 708 patriarchae.
1132 623 1347 686 Adulescentu-

188 731 235 796 lae
252 751 357 815 porro,
389 748 510 812 quarum
527 725 595 788 iniri
612 746 752 789 uumerus
771 747 828 788 non
847 736 963 810 potest,
993 726 1092 789 varim
1110 725 1346 810 philosophorum

189 843 304 908 sectas,
329 829 450 915 quaein
468 829 604 891 mundum
619 828 803 892 introductae
819 839 903 907 sunt,
934 849 969 892 ao
986 828 1103 892 diversa
1120 827 1348 911 uniuscuiusque

190 934 307 1001 vivendi
325 933 458 995 instituta
471 929 652 1014 significant,
676 952 799 1015 qnorum
814 930 900 994 laude
916 930 1003 1014 digna
1021 930 1078 994 alia
1095 940 1176 1008 sunt,
1200 929 1258 992 alia
1274 929 1349 992 vitu-

191 1037 331 1122 peranda.
378 1032 488 1116 Ecquis
505 1033 582 1096 enirn
600 1033 698 1096 mundi
717 1033 802 1096 huius
823 1033 997 1097 varietatem
1016 1034 1208 1117 percenseat?
1253 1029 1350 1115 Quam

191 1138 299 1202 multae
315 1136 389 1220 apud
405 1135 530 1218 gentiles
544 1135 620 1199 aliae
637 1145 736 1199 sectae
751 1146 817 1220 post
835 1135 1092 1199 manifestissimas
1109 1133 1174 1198 illas
1192 1134 1228 1198 de
1245 1133 1349 1218 quibus

192 1239 306 1324 egimus
329 1249 453 1321 quatuor
474 1237 671 1322 pullularunt?
714 1235 883 1320 Quinetiam
908 1250 974 1322 post
997 1239 1062 1301 illas
1085 1238 1226 1301 haereses
1249 1257 1284 1299 nc
1303 1255 1351 1299 se·

192 1351 316 1428 quantes
339 1340 449 1405 diversi
471 1340 619 1403 honlinnm
645 1340 733 1403 animi
761 1352 790 1403 et
811 1340 965 1424 opiniones
988 1340 1109 1404 iuvenili
1130 1339 1254 1423 quodam
1276 1339 1352 1401 lustu

193 1443 418 1527 arrogantiaque
440 1441 570 1528 privatas
595 1455 693 1506 sectas
716 1464 768 1527 pro
795 1463 847 1507 sua
869 1443 976 1527 quique
1000 1443 1119 1507 libidine
1145 1442 1359 1505 condiderunt?

193 1542 302 1630 Utpnta
321 1542 479 1630 Pyrrhonii
501 1544 617 1628 quidam
638 1544 838 1630 appellantur,
870 1547 977 1629 aliique
1002 1547 1167 1631 complures
1187 1555 1256 1607 sunt
1281 1564 1353 1627 quo-

193 1670 257 1713 rum
281 1648 398 1711 uomina
421 1668 456 1710 ac
474 1646 593 1710 decreta
617 1647 786 1730 singillatim
811 1659 841 1709 et
858 1648 961 1711 ordine
982 1649 1121 1712 referam.
1167 1648 1214 1710 Ao
1231 1648 1301 1710 licet
1316 1647 1352 1710 dc

194 1750 292 1814 multis
309 1751 448 1813 hactenns
463 1749 667 1832 cognoverim,
692 1759 781 1832 quota
801 1769 868 1831 pars
886 1761 982 1812 tamen
1003 1771 1103 1813 eorum
1123 1760 1180 1827 est,
1198 1770 1273 1833 quae
1291 1759 1353 1812 toto

196 1853 268 1916 orbe
289 1853 464 1915 versantur?
487 1849 536 1913 Ex
553 1851 590 1914 iis
610 1871 697 1935 porro
715 1850 805 1913 sectis
823 1851 974 1934 gentilium
991 1853 1044 1915 hac
1062 1851 1196 1937 propriae
1215 1853 1352 1929 luerunt3

195 1956 273 2019 inter
298 1975 371 2039 quas
394 1952 530 2016 Thaletis
553 1950 664 2016 Milesii
694 1951 861 2037 opinionem
892 1975 927 2017 ac
950 1955 1054 2038 dogma
1076 1954 1175 2038 priore
1196 1955 1263 2017 loco
1286 1975 1354 2039 pro-

214 2078 314 2122 onam.

195 2081 214 2143 p
282 2158 394 2223 Thales
410 2159 510 2242 itaque
521 2153 658 2220 Milesius
676 2178 781 2221 unnse
800 2154 858 2221 Vll
873 2156 1055 2241 sapientibus
1069 2157 1240 2242 principium
1256 2179 1354 2221 rerum

196 2261 323 2325 omnium
343 2281 447 2344 aquam
465 2280 532 2324 esse
551 2259 637 2323 dixit.
682 2258 761 2324 Nam
777 2281 817 2323 ex
834 2281 910 2345 aqua
924 2259 996 2323 oriri
1013 2260 1128 2339 omoia,
1160 2271 1190 2325 et
1205 2261 1234 2322 in
1251 2282 1355 2345 aquam

196 2363 293 2428 omnia
316 2363 439 2427 resolvi.

280 2465 517 2543 Anaximander,
540 2461 709 2528 Praxiadae
725 2465 812 2543 lilius,
835 2463 973 2529 Milesios
990 2476 1020 2529 et
1037 2465 1100 2550 ipse
1118 2464 1260 2528 infinitum
1278 2465 1357 2552 prin-

198 2568 303 2653 cipium
329 2569 457 2632 omnium
484 2568 647 2631 constituit.
694 2566 745 2632 Ex
769 2589 805 2632 eo
827 2568 903 2632 eninr
928 2567 1026 2631 omnia
1051 2566 1152 2646 nasei,
1188 2577 1218 2630 ct
1241 2567 1269 2630 in
1288 2567 1357 2631 illud
1384 2647 1386 2651 ‚

198 2671 291 2754 neqire
314 2671 447 2735 dissolvi.

283 2772 506 2850 Anaximenes,
531 2770 683 2858 Eurystati
702 2773 795 2852 lilius,
818 2770 973 2852 Milesios,
1005 2777 1103 2836 aerem
1123 2772 1294 2857 principium
1311 2793 1358 2835 re·

200 2895 264 2938 rum
287 2894 355 2937 esse
377 2874 492 2952 delinit,
517 2874 670 2956 abeoquo
694 2875 831 2939 universa
856 2897 986 2940 manare.

285 2977 496 3061 Anaxagoras,
522 2974 703 3060 Hegesebuli
718 2978 806 3058 lilius,
831 2975 1052 3057 Clazomenius,
1070 2977 1276 3045 similitudines
1294 2999 1359 3064 par·

203 3077 272 3140 tium
297 3079 467 3164 principium
490 3100 587 3143 rernm
611 3081 739 3144 omniurn
763 3102 830 3145 esse
853 3082 966 3145 statuit.

288 3181 454 3258 Archelao,
490 3183 681 3266 Apollodori,
716 3184 781 3247 sive
814 3195 846 3247 ut
875 3183 940 3247 aliis
974 3184 1088 3269 placet,
1118 3181 1255 3246 Miltonis
1287 3182 1358 3262 hlio,
1466 3212 1468 3215 ·

194 3282 383 3347 >Atheniensi
400 3304 434 3345 ac
452 3284 590 3368 physico,
615 3285 710 3370 placet
725 3286 761 3349 ab
780 3297 858 3350 terra
876 3286 974 3350 omnia
991 3286 1156 3370 proficisci,
1181 3286 1267 3370 idque
1287 3285 1360 3348 adeo

202 3407 301 3450 rerum
326 3404 394 3447 esse
417 3385 601 3469 principium.

290 3483 451 3564 Socrates,
484 3485 618 3570 Elbagli,
651 3488 715 3552 sive
739 3486 931 3574 Sophronisci
952 3502 981 3554 et
998 3488 1201 3556 Phaenaretae
1224 3488 1362 3553 obstetri-

205 3589 247 3652 cis
268 3590 362 3664 lilius,
396 3589 516 3652 moralis
536 3588 724 3673 philosophus
745 3613 820 3675 quae
845 3595 882 3657 ad
904 3615 971 3657 sese
990 3595 1138 3680 pertinent
1163 3593 1225 3657 sola
1252 3591 1362 3656 homini

205 3691 378 3776 inquirenda
401 3691 492 3770 dixit,
518 3711 612 3773 neque
637 3704 791 3775 praeterea
815 3696 980 3779 quicquam.

290 3791 480 3879 Pherecydes
503 3813 618 3877 quoquc
643 3804 750 3857 terram
774 3797 908 3860 omnibns
931 3798 1058 3882 priorem
1083 3818 1150 3861 esse
1173 3797 1295 3861 deliniit.

291 3894 494 3982 Pythagoras,
520 3892 658 3974 Samius,
682 3893 854 3961 Mnesarchi
872 3900 947 3963 lilius
961 3901 1046 3964 deum
1063 3922 1129 3965 esse
1147 3901 1301 3962 monadem
1317 3920 1364 3963 as-

206 4000 317 4078 sernit,
350 4019 445 4082 oeque
469 3998 623 4083 quicquam
648 3998 712 4062 sine
735 3999 797 4084 ipsa
824 4002 1006 4086 productum.
1053 4001 1191 4087 Negabat
1215 4002 1270 4065 diis
1297 4022 1365 4066 esse

208 4103 346 4167 animalia
364 4102 574 4181 sacrificanda,
600 4112 651 4165 aut
667 4102 803 4167 animatis
819 4105 1016 4183 vescendum,
1041 4127 1075 4168 ae
1094 4125 1130 4167 ne
1152 4105 1231 4169 lebas
1250 4105 1365 4189 quidem

209 4207 424 4281 comedendam
460 4226 554 4288 neque
582 4204 641 4268 vini
670 4216 768 4291 potum
800 4207 981 4291 sapientibus
1011 4207 1203 4271 adhibendum
1235 4208 1363 4293 potebat.

211 4303 293 4370 ldern
309 4329 384 4392 qnae
402 4307 478 4370 inira
496 4307 593 4369 lunam
611 4318 679 4371 sunt
696 4308 824 4393 patibilia
847 4329 915 4372 esse
934 4309 1049 4373 dicebat
1065 4309 1179 4389 omnia,
1213 4310 1366 4397 superiora

210 4479 240 4528 de
256 4480 402 4538 eonomine,
427 4479 490 4539 quod
507 4491 536 4526 eu
552 4473 712 4545 ἑρμαγλῦφου
733 4483 773 4530 de·
808 4482 924 4532 Ylteeouro
940 4483 986 4532 vol.
998 4482 1033 4544 ll,
1049 4495 1106 4544 pop.
1126 4479 1180 4534 ¹37.

211 4551 297 4596 tortum
313 4559 360 4595 erte
378 4547 486 4608 uidetur,
504 4547 595 4599 Ludoo.
620 4550 727 4611 Diodorf.
751 4555 776 4600 tn

263 4624 568 4684 connumerans.
1124 4638 1166 4702 32
