3096 5070
221 335 222 339 χ
280 261 343 326 420
705 271 830 327 ειοοτι
847 271 1016 327 τοιουτου

280 383 320 475 ἦν
333 390 428 477 μήτηρ
444 389 537 458 αύτού
559 397 613 458 τοῦ
628 388 774 458 Ἰωάννου
790 391 865 459 κατά
884 390 995 477 σάρκα,
1024 389 1083 456 ἄλλ’
1105 394 1155 457 ἰ’να
1178 396 1257 481 δείξη
1275 390 1371 476 αύτην
1385 419 1443 477 μη-

279 494 350 578 τέρα
375 491 504 580 άρχηγάν
526 502 579 578 τῆς
601 499 782 578 παρθενίας,
814 494 917 577 ἐπειδὴ
942 497 972 573 έξ
994 494 1087 576 αύτῆς
1113 491 1214 577 ἡζαῆ
1237 487 1289 577 ἦν·
1320 496 1373 560 καί
1399 502 1445 585 τῷ

279 591 424 685 Ἰωάννη,
455 602 507 662 καί
527 602 573 663 τοί
588 622 620 682 γε
642 593 705 662 ὄντι
728 595 803 661 κατά
819 597 915 682 σάρκα
937 595 1094 683 άλλοτρίφ,
1125 598 1234 682 ἔλεγεν,
1264 601 1315 661 ἵνα
1333 595 1443 687 διδάξη

281 704 369 780 τιμάν
384 696 438 780 τήν
455 702 533 764 ίδίαν
553 699 647 764 αύτοῦ
662 701 789 785 μητέρα,
820 697 865 764 ὅτι
883 705 923 787 τῷ
938 699 992 780 μὲν
1012 696 1075 764 ὄντι
1091 697 1165 763 κατά
1187 698 1283 785 σάρκα
1299 700 1329 776 έξ
1346 697 1445 782 αύτῆς

282 797 373 876 αύτύς
388 797 406 864 o‘
421 799 525 887 κύριος
543 803 725 888 γεγέννηται,
747 803 798 866 ἵνα
814 799 855 884 μή
871 826 914 877 τις
929 804 1034 889 νομίση
1047 800 1171 883 δόκησιν
1187 797 1262 866 εἶναι
1278 798 1330 884 την
1346 827 1443 888 πραγ-

147 930 198 977 μς.
212 918 271 965 ιλιι
284 907 420 985 ματείαν,
454 905 503 968 καί
525 901 580 969 σύκ
605 901 758 986 ἀληθειαν.
810 905 853 967 Εἰ
874 902 915 986 μὴ
936 901 992 988 γάρ
1017 894 1057 985 ἦν
1080 904 1175 969 αύτού
1197 901 1319 986 άληθῶς
1340 902 1441 990 μήτηρ

281 1003 357 1071 κατά
370 1004 465 1091 σάρκα
482 1005 618 1089 κυήσασα
632 1002 734 1083 αύτύν,
756 1004 812 1071 ούκ
827 1003 865 1071 άν
879 1007 946 1090 περί
959 1002 1050 1088 αύτης
1061 1002 1116 1088 τήν
1130 1007 1294 1090 ἐπιμέλειαν
1313 1012 1321 1050 ¹
1334 1013 1343 1051 ¹
1357 1008 1442 1072 έποι-

283 1115 343 1173 εἶτα
363 1106 396 1172 τά
415 1110 600 1193 παραδοῦναι
621 1105 677 1191 τὴν
701 1103 921 1194 άειπάρθενον,
950 1109 1060 1192 μητέρα
1079 1108 1133 1189 μέν
1147 1115 1302 1193 γεγονυῖαν
1319 1105 1369 1173 διά
1385 1106 1443 1192 τὴν

282 1212 475 1292 οίκονσμίαν,
508 1208 652 1296 άχραντον
678 1210 710 1274 δέ
734 1207 785 1275 διά
813 1207 866 1293 τήν
891 1207 967 1296 πρὸς
994 1207 1047 1274 τάν
1075 1208 1168 1275 αύτύν
1194 1208 1297 1294 τιμήν,
1329 1211 1381 1275 καί
1406 1210 1439 1277 τά

282 1320 388 1387 σκεῦος
401 1310 435 1377 τύ
451 1311 637 1394 θαυμαστόν.
682 1314 772 1398 Λέγει
787 1313 820 1378 δέ
835 1311 868 1377 τά
887 1310 1070 1397 εύαγγέλισν,
1103 1313 1163 1377 Καί
1182 1309 1242 1378 άπδ
1257 1319 1310 1396 τῆς
1323 1310 1439 1398 ἡμέρας

282 1417 395 1497 έκείνης
413 1417 517 1497 ἔλαβεν
540 1412 633 1497 αύτὴν
652 1413 729 1500 πρύς
751 1414 867 1480 έαυτάν.
914 1417 956 1478 Et
975 1414 1007 1479 δέ
1032 1410 1109 1496 ελχεν
1125 1410 1233 1500 ἄνδρα,
1265 1416 1293 1478 εἰ
1307 1409 1381 1496 εἶχεν
1398 1410 1441 1480 σέ-

281 1543 352 1596 κον,
385 1518 412 1581 εἰ
425 1513 481 1599 εἶχε
505 1517 604 1595 τέκνα,
639 1519 681 1593 είς
701 1515 737 1582 τά
763 1520 825 1582 ίδια
849 1512 1004 1601 άνεχάρει,
1040 1517 1134 1581 ηκοιλ
1155 1515 1192 1582 ού
1215 1513 1292 1602 πρύς
1315 1513 1368 1599 τάν
1389 1513 1439 1580 άλ-

280 1616 405 1705 λύτριον.
1349 1638 1352 1645 ”

249 1809 267 1863 ’·
365 1822 453 1888 Ἀλλά
477 1823 517 1906 μη
535 1832 622 1891 τοῦτο
644 1831 760 1914 στραφῇ
784 1827 825 1900 είς
841 1821 956 1907 βλάβην
980 1825 1054 1901 τισί,
1085 1825 1136 1888 καὶ
1151 1821 1277 1901 δόξασιν
1293 1826 1324 1891 έν
1343 1824 1440 1916 ταύτην

280 1922 442 2009 λαμβάνειν
456 1924 616 2012 πρόφασιν,
639 1922 848 2004 συνειςάκτσυς
860 1927 912 1991 καί
926 1923 1082 2012 άγαπητάς
1099 1933 1111 1972 ¹
1123 1927 1356 2010 έπικαλαυμένας
1371 1929 1437 1993 έαυ-

280 2036 344 2104 τοῖς
361 2031 504 2108 ἐπινοεῖν,
534 2027 584 2094 διά
604 2028 811 2113 κακομήχανον
831 2025 985 2095 ύπάνοιαν.
1028 2026 1137 2093 Ἐκεῖσε
1158 2026 1215 2115 γάρ
1230 2028 1267 2094 τά
1283 2028 1439 2116 πράγματα

279 2241 333 2317 λης
349 2230 468 2316 άπάσης
484 2231 559 2298 κατά
576 2232 652 2300 θεάν
671 2232 850 2317 ὀφειλούσης
865 2231 1068 2314 φυλάττεσθαι
1091 2233 1252 2319 άκριβείας.
1295 2232 1354 2296 Καί
1375 2228 1430 2315 γάρ

281 2335 330 2402 ὅτε
347 2344 436 2402 τοῦτο
455 2337 607 2422 γεγένητο,
636 2337 687 2401 καί
704 2340 884 2421 παρείληφεν
901 2333 994 2417 αύτήν
1018 2332 1094 2420 πράς
1111 2333 1232 2414 έαυτάν,
1260 2331 1358 2399 minin
1373 2357 1426 2396 na·

282 2439 395 2524 ρέμεινε
409 2436 478 2524 παρ’
494 2437 584 2528 αύτῷ.
627 2437 710 2503 Ἀλλά
726 2440 776 2504 καί
793 2441 821 2502 εί
836 2442 959 2503 δοκοῦσί
970 2462 1047 2512 τινες
1061 2436 1216 2517 ἐσφάλθαι,
1236 2430 1379 2518 ξητήσοοσι
1394 2430 1430 2495 τά

280 2544 347 2625 ἴχνη
360 2549 420 2606 τῶν
435 2548 577 2627 γραφῶν,
610 2544 661 2606 καὶ
676 2540 800 2625 εὕρωσιν
814 2538 852 2606 άν
865 2538 933 2605 ούτε
945 2538 1079 2605 θάνατον
1093 2541 1228 2624 Μαρίας,
1258 2533 1327 2602 α’ύτε
1345 2538 1374 2600 εί
1390 2536 1434 2599 τέ-

280 2653 408 2727 θνηκεν,
431 2641 497 2708 ούτε
513 2645 541 2707 εί
556 2641 599 2727 μὴ
615 2645 770 2725 τέθνηκεν,
793 2640 861 2707 σύτε
877 2644 905 2706 εἰ
920 2644 1080 2718 τέθαπται,
1103 2638 1170 2707 ούτε
1183 2640 1211 2705 τί
1224 2637 1264 2722 μη
1279 2639 1435 2704 τέθαπται.

282 2751 344 2811 Καί
363 2750 408 2811 τοί
426 2771 458 2831 γε
475 2750 527 2811 τοῦ
545 2740 684 2811 Ἰωάννου
702 2747 771 2830 περί
793 2743 847 2827 τήν
858 2743 962 2809 Ἀσίαν
983 2745 1204 2825 ένστειλαμίνου
1227 2738 1281 2824 τὴν
1304 2743 1438 2826 πορείαν,

281 2851 332 2915 καί
348 2846 483 2930 ούδαμοῢ
492 2850 566 2934 λέγει
577 2846 623 2914 ὅτι
637 2848 796 2934 ἐπηγάγετο
812 2844 880 2930 μεθ’
889 2849 996 2911 ἑαυτοῦ
1010 2844 1064 2928 την
1079 2843 1166 2931 άγίαν
1179 2845 1339 2929 παρθένον.
1367 2837 1441 2905 Ἀλλ’

283 2948 385 3025 άπλοῖς
403 2949 566 3033 ἐσιώπησεν
581 2948 602 3034 ἡ
618 2951 729 3037 γραφὴ,
752 2947 803 3015 διά
820 2949 851 3014 τά
872 2946 1053 3034 ὑπερβάλλον
1070 2954 1123 3012 τοῦ
1138 2946 1309 3029 θαύματος,
1329 2948 1380 3010 λ’να
1396 2940 1441 3026 μη

281 3055 323 3128 είς
337 3054 475 3135 ἔκπληξιν
492 3051 589 3143 άγάγρ
613 3053 667 3136 τήν
690 3052 825 3118 διάνοιαν
848 3058 908 3116 τῶν
925 3047 1105 3136 άνθράπαν.
1145 3046 1223 3135 Ἐγού
1247 3045 1303 3134 γάρ
1319 3045 1357 3112 ού
1375 3053 1440 3111 τολ-

280 3161 327 3238 μῶ
345 3156 453 3240 λέγειν,
484 3152 555 3220 άλίά
581 3153 794 3238 διανοούμενος
816 3151 931 3236 σιωπὴν
956 3152 1047 3218 άσκοῑ.
1096 3150 1175 3235 Τάχα
1200 3146 1255 3236 γάρ
1282 3174 1343 3213 που
1365 3149 1442 3214 8καί

280 3261 346 3342 ἴχνη
365 3256 490 3342 εὕρομεν
514 3266 567 3340 τῆς
590 3255 676 3343 άγίας
694 3261 807 3340 ἐκείνης
829 3258 877 3321 καί
900 3258 1090 3339 4μακαρίας,
1124 3249 1164 3329 ούς
1180 3249 1248 3317 ούτε
1265 3248 1361 3337 εύρεῖν
1377 3252 1442 3315 ἔστι

280 3358 333 3426 τύν
347 3360 482 3425 θάνατον
497 3360 598 3443 αὐτῆς.
646 3359 697 3442 Πή
715 3361 767 3442 μέν
782 3357 837 3445 γάρ
856 3355 875 3424 o‘
891 3356 1016 3441 Συμεών
1032 3354 1140 3439 φάσκει
1156 3356 1221 3440 περὶ
1239 3353 1332 3436 αὐτῆς
1338 3403 1348 3433 ,
1378 3352 1442 3416 Καί

282 3469 340 3527 σού
359 3459 452 3545 αὐτῆς
473 3461 527 3545 τὴν
544 3462 646 3546 ψυχὴν
665 3460 836 3527 διελεύσεται
854 3465 1005 3546 βομφαία,
1036 3459 1119 3535 ὅπως
1136 3454 1197 3522 ὅάν
1213 3455 1438 3532 αἰποκαλυφθοῖ·

282 3585 329 3630 σιν
345 3566 378 3630 ἐκ
396 3571 512 3630 πολλῶν
528 3570 661 3650 καρδιῶν
682 3566 880 3649 διαλογισμοὶ,
912 3562 955 3647 πη
973 3563 1006 3628 δέ
1021 3569 1075 3644 τῆς
1087 3557 1322 3640 Ἀποκαλύψεως
1341 3554 1440 3622 Ἰωάνι

284 3693 339 3733 νου
356 3666 531 3750 φασκούσης
546 3667 607 3747 ὅτι,
632 3669 691 3732 Καί
707 3670 848 3732 ἔσπευδεν
864 3664 882 3732 ύ
897 3664 1017 3751 δράκον
1034 3666 1083 3729 έπί
1098 3660 1152 3747 την
1167 3670 1294 3748 γυναῖκα
1308 3658 1362 3743 τὴν
1376 3683 1442 3745 γεν-

284 3768 417 3853 νήσασαν
432 3768 485 3835 τάν
502 3768 624 3857 άρρενα,
647 3772 696 3835 καί
715 3769 865 3853 έδύθησαν
879 3767 957 3858 αὐτῇ
972 3769 1113 3852 πτέρυγες
1126 3763 1231 3844 άετοῦ,
1253 3765 1305 3830 καί
1320 3759 1442 3845 ἐλήφθη

284 3874 327 3950 είς
343 3872 397 3955 τήν
412 3875 538 3957 ἔρημον,
568 3872 651 3949 ὅπως
669 3871 706 3938 άν
726 3872 767 3956 μή
791 3869 869 3962 λάβη
888 3869 980 3953 αύτὴν
998 3867 1159 3956 άδράκοον.
1209 3864 1288 3951 Τάχα
1304 3865 1336 3931 δέ
1351 3862 1444 3929 δύνα-

282 4002 332 4041 ται
349 3974 394 4042 ἐπ’
412 3974 492 4065 αὐτῇ
504 3982 706 4059 πληροῦσθαι·
729 3975 766 4042 ού
785 3974 906 4050 πάντας
921 3975 954 4040 δέ
972 3971 1104 4059 ὁρίζομαι
1122 3978 1226 4053 τοῦτο,
1248 3971 1297 4036 καὶ
1315 3965 1351 4034 ού
1366 3969 1444 4053 λέγω

263 4171 265 4175 ,
319 4118 355 4167 11.
375 4114 480 4168 έιτοιτῖτο
496 4112 526 4167 τί
541 4117 608 4165 codd.
624 4129 678 4166 ιιιιε
697 4120 846 4178 alermum
879 4116 977 4178 Βίιιδίρ.

282 4185 335 4235 edit.
348 4188 427 4234 Ριιυυ.
463 4181 564 4249 ἐμποιεῖ
576 4180 605 4235 τὸ
624 4186 677 4232 edit.
694 4187 769 4245 ριίαα.
788 4185 845 4233 Cor·
913 4183 937 4233 2.
957 4185 1022 4232 Libri
1039 4185 1109 4245 υυλρο
1124 4183 1208 4231 habent
1224 4172 1279 4231 κατ’
1301 4173 1445 4241 οἰκονομίαι
1485 4239 1491 4248 .

282 4256 366 4302 κοτίυι
388 4255 456 4302 verm
478 4268 530 4301 non
555 4267 614 4300 sane
637 4251 669 4300 de
684 4251 737 4317 ipsa
762 4266 845 4301 curam
879 4247 908 4303 θλ
923 4249 1090 4318 διῃρημένων.
1124 4251 1204 4299 Relevi
1217 4248 1326 4296 voculam
1341 4241 1386 4300 δέ,
1404 4249 1446 4294 αε-

282 4318 416 4369 habuisset.
877 4324 929 4379 μολο
951 4323 1073 4381 repetitam
1096 4330 1258 4380 permutem
1280 4328 1309 4363 ιτ
1330 4314 1448 4364 vocabulo

323 4391 357 4437 12.
384 4385 429 4440 καὶ
446 4391 524 4440 omiss.
542 4391 567 4439 εἰν
584 4390 638 4439 edit
661 4388 742 4436 Ρείαν.
766 4388 844 4437 colon.
876 4391 1000 4449 proximo,
1015 4400 1153 4449 sensumque
1169 4389 1204 4434 ιεο
1218 4385 1288 4446 plane
1304 4384 1449 4433 ίατθοιιιεια.
1526 4393 1537 4402 “

282 4461 353 4517 repet.
912 4455 936 4506 3.
956 4453 1000 4507 καὶ
1016 4470 1060 4505 σενι
1078 4457 1128 4504 cod.
1147 4455 1243 4516 θλεελίρ.

320 4523 378 4572 Cu.
398 4524 444 4573 xl.
471 4551 502 4562 ·-
550 4526 571 4579 l.
605 4521 760 4590 καλουμένας
793 4525 844 4574 cod.
912 4518 937 4573 4.
959 4523 1051 4589 μορίας
1067 4526 1119 4574 ασελ
1138 4524 1236 4584 λίίιιάλρ.
