3096 5070
441 277 578 330 seusun
596 277 658 328 nis.
668 278 713 329 ιιι.
731 277 816 331 rom.
826 279 846 328 ι.
862 277 963 328 naen.
979 277 1097 329 cxxvi.
1283 266 1343 331 321

192 395 389 482 Quamobrem
411 409 444 462 ut
462 398 541 462 illius
565 397 679 461 animus
704 396 861 483 opinioque
887 397 960 476 lert,
993 407 1043 459 aut
1065 395 1152 459 lilium
1177 396 1261 461 deum
1279 419 1346 464 esse

191 492 296 586 negat,
329 511 359 565 et
375 501 485 565 nomini
510 500 566 585 ipsi
592 499 764 563 calumniam
789 501 874 577 lucit,
909 499 976 561 dum
997 489 1182 563 Cliristianus
1207 500 1347 584 appellari

187 604 286 690 cupit,
317 614 367 667 aut
386 605 470 668 deum
497 623 564 666 esse
581 602 697 686 quidem
714 601 802 665 filium
828 611 925 686 putat,
957 601 1010 665 scd
1028 600 1145 667 minime
1166 621 1287 683 verum,
1316 614 1348 667 ut

190 725 231 771 ex
252 707 314 771 eius
333 705 481 770 sententia
504 705 577 768 deus
601 704 675 768 alius
692 704 732 768 sit
751 725 857 781 verus,
892 703 968 768 alius
988 724 1046 767 nou
1064 723 1165 765 verus.
1211 700 1347 787 Quapro-

188 819 255 895 pter
268 831 333 872 cum
350 809 475 872 alterum
491 806 576 870 alteri
590 806 743 885 subiiciat,
773 817 804 870 et
820 805 952 892 spiritum
970 816 1103 870 sanctum
1121 806 1150 868 in
1176 806 1282 869 minori
1305 817 1348 869 at·

189 933 246 996 que
264 911 399 975 interiori
416 910 487 973 sede
503 908 645 990 collocet,
677 929 801 973 necesse
820 920 866 973 est
882 919 914 973 ut
929 918 981 972 ant
997 908 1139 972 minorem
1157 907 1245 971 alium
1263 909 1347 971 doum

190 1024 370 1097 cognoscat,
408 1022 475 1092 aut,
510 1012 535 1076 si
559 1011 680 1076 trinitati
696 1032 877 1096 nequaquam
904 1013 1157 1076 annumerandum
1182 1010 1345 1092 existimet,

191 1136 312 1201 pmrsus
331 1135 347 1177 a
363 1109 600 1178 Christianorum
628 1135 751 1179 numero
774 1115 976 1199 segregandus
995 1114 1033 1178 sit
1050 1114 1154 1178 infelix
1179 1112 1348 1193 homuncio,

190 1228 278 1300 atque
293 1217 329 1279 ad
346 1216 498 1300 gentilium
524 1217 700 1296 factionem,
733 1218 782 1281 vel
800 1214 1037 1282 Sadducaeorum
1064 1238 1185 1302 prorsus
1210 1215 1349 1300 ablegan-

192 1321 258 1382 dus.
306 1316 361 1382 Est
379 1318 455 1382 enim
473 1341 491 1382 a
510 1320 614 1406 spiritu
639 1330 742 1384 saneto
770 1319 873 1384 borum
897 1319 993 1384 instar
1015 1319 1141 1384 alienus.
1187 1318 1235 1381 Ab
1254 1318 1350 1403 genti·

192 1420 261 1484 lium
283 1442 355 1485 vero
378 1422 508 1508 partibus
534 1433 658 1487 eatenus
681 1432 757 1500 stat,
788 1423 855 1485 dum
879 1415 969 1487 unum
994 1444 1061 1487 esse
1081 1432 1184 1486 censet
1202 1443 1348 1485 summum

193 1524 297 1602 deum,
331 1524 453 1588 alterum
477 1524 639 1605 minorem,
670 1546 773 1590 verum
800 1546 906 1603 uncam,
939 1526 1063 1589 alterum
1087 1548 1146 1589 non
1165 1544 1287 1606 verum3
1308 1524 1349 1587 'id

196 1626 272 1711 quod
291 1625 399 1691 Graeci
416 1629 609 1707 confitentur,
641 1628 690 1712 qui
708 1649 796 1692 uuum
815 1628 955 1690 maiorem
975 1628 1079 1707 deum,
1114 1628 1259 1692 minorum
1277 1647 1349 1712 gen·

192 1728 263 1793 tium
282 1739 398 1794 ceteros
416 1730 573 1816 appellant.
620 1728 680 1794 Sed
698 1729 834 1794 nimirum
853 1731 1005 1815 perspicue
1022 1730 1102 1793 illum
1118 1751 1268 1794 sacrarum
1284 1730 1349 1792 lite·

190 1851 290 1895 rarnm
314 1833 463 1896 convincit
485 1834 665 1912 auctoritas,
696 1854 770 1917 qnae
797 1855 862 1896 cum
884 1834 920 1895 dc
942 1843 1023 1916 patre
1050 1833 1226 1916 loquuntur,
1258 1837 1345 1907 Beue,
1366 1855 1385 1898 1.
1398 1853 1477 1898 tenea

191 1934 346 2019 inquiunt,
368 1957 451 1996 neres
467 1948 528 2011 est,·
553 1935 640 1999 lilium
659 1955 773 2020 quoqne
788 1935 887 1998 itidem
907 1955 975 1997 esse
993 1936 1077 1997 deum
1093 1947 1242 1999 asserunt.
1287 1932 1346 1999 Po·
1359 1907 1454 2012 niti:
1464 1957 1484 2002 ι.

191 2047 304 2100 atremo
320 2058 385 2102 cum
402 2038 438 2100 de
454 2038 559 2122 spiritu
573 2049 674 2101 sancto
692 2037 868 2122 loquuntur,
899 2043 1030 2118 spiritum
1046 2042 1174 2099 ueritatis
1189 2038 1346 2122 appellant.
1362 2009 1492 2106 tqqqqqqa.

192 2137 295 2224 ltaque
321 2140 437 2203 trinitas
462 2161 534 2204 vere
559 2138 643 2204 nobis
664 2140 694 2204 in
715 2145 855 2222 sapientae
876 2153 907 2202 et
926 2144 1088 2202 divitiorum
1105 2144 1256 2203 altitudine
1274 2114 1502 2222 eren-niitiissm.

192 2247 294 2305 teletae.

279 2341 320 2408 ΙΙ.
365 2342 469 2429 Pergit
485 2343 610 2408 Atiliuse
642 2349 939 2421 EtaIesuClristo,
973 2345 1082 2429 inquit,
1113 2351 1166 2428 qni
1178 2350 1279 2407 messus
1293 2357 1346 2407 est.

190 2444 258 2511 Nec
283 2447 385 2532 puduit
407 2449 501 2533 ipsum
525 2447 677 2529 unigenito
701 2448 747 2511 dei
773 2469 878 2513 nomen
903 2447 1078 2526 detrahere,
1110 2468 1196 2531 quem
1222 2448 1298 2510 nudo
1316 2469 1350 2511 ne

192 2550 316 2635 simplici
334 2549 478 2614 vocabulo
503 2550 681 2630 declaravit3
712 2550 741 2613 id
759 2550 833 2634 qnod
853 2551 882 2613 in
903 2549 1105 2636 superioribus
1123 2549 1265 2634 capitibus
1285 2571 1351 2634 pro·

134 2724 136 2726 ,
191 2653 289 2716 lessus
304 2663 368 2730 est,
400 2674 466 2716 cum
485 2653 563 2715 illius
585 2653 674 2716 decus
691 2675 726 2717 au
743 2653 912 2738 dignitatem
935 2654 1060 2717 nominis
1081 2654 1139 2716 filio
1156 2651 1351 2737 appellatione

195 2753 258 2816 sola
275 2754 433 2818 concessit.
480 2752 614 2818 Eundem
635 2767 732 2828 tamen
758 2766 826 2820 ante
845 2757 963 2820 saecula
982 2756 1189 2819 subsistentem
1208 2755 1300 2818 luisse
1316 2775 1351 2818 au

194 2855 310 2938 genitae
329 2877 434 2920 revera
449 2857 633 2922 substantiae
650 2857 789 2922 extitisse
809 2870 921 2922 narrat.
968 2859 1059 2923 Addit
1076 2860 1199 2937 deindo,
1233 2863 1352 2920 Conser-

194 2957 272 3018 uabr‘t
292 2980 340 3020 eos
358 2960 395 3021 cb
411 2964 561 3040 impietate.
609 2958 693 3026 Solet
722 2961 799 3025 enim
825 2960 970 3046 flagitiosa
995 2983 1126 3046 quaeque
1149 2961 1255 3026 mulier
1281 2982 1351 3024 con·

196 3058 304 3125 vicium
321 3071 511 3127 antevertens
530 3083 629 3128 mores
645 3084 716 3129 suos
733 3064 799 3128 aliis
815 3065 1010 3150 exprobrare.
1055 3061 1107 3130 Sic
1127 3064 1233 3128 Aetius
1249 3063 1351 3149 impie·

197 3160 266 3225 tatis
290 3183 361 3226 suae
385 3165 612 3249 magnitudinem
640 3189 698 3232 non
724 3167 857 3232 sentiens
881 3168 958 3253 pium
986 3188 1053 3231 esse
1078 3188 1111 3231 se
1129 3188 1164 3230 ac
1181 3166 1350 3252 religiosum

197 3263 376 3346 arbitratur,
408 3277 441 3331 ut
457 3269 505 3352 qui
521 3270 611 3333 animi
629 3269 732 3335 delirio
748 3270 883 3334 laborant
898 3270 943 3334 sui
960 3290 993 3334 se
1009 3281 1158 3354 compotes
1175 3291 1210 3332 nc
1228 3269 1352 3354 pruden-

197 3378 261 3445 tes,
285 3378 402 3433 ceteros
417 3383 515 3435 mente
530 3382 630 3457 captos
649 3372 833 3437 existimant.
880 3370 959 3436 idem
975 3394 1064 3459 porro
1080 3395 1163 3452 cnm,
1186 3377 1220 3435 Ia
1239 3374 1352 3434 Clm‘sto

194 3473 276 3544 Iesu,
309 3469 452 3552 dixisset,
483 3477 622 3536 demultum
645 3487 772 3537 cosmum
800 3475 928 3538 adiicere
947 3497 1005 3539 non
1029 3472 1213 3555 ostensus,
1231 3475 1283 3538 sed
1304 3494 1353 3536 ca·

196 3573 342 3651 villando,
375 3577 524 3637 Soluamre
539 3587 637 3637 nmero
653 3577 738 3639 dixit.
784 3581 840 3639 Per
864 3600 944 3659 quem
965 3583 1064 3659 glorta
1089 3584 1179 3640 omnes
1196 3582 1293 3659 patri,
1325 3587 1355 3637 et

199 3697 292 3750 aune,
324 3687 357 3736 et
369 3697 494 3756 semper,
519 3682 548 3739 a‘n
566 3681 681 3739 saecula
697 3681 890 3754 saeculorum,
914 3685 1017 3744 Amen.
1065 3678 1122 3745 Ubi
1139 3680 1235 3764 quod,
1260 3683 1355 3741 Omnis

195 3781 312 3859 glemu
344 3778 479 3861 scripsit,
510 3779 538 3842 id
556 3799 592 3842 eo
609 3779 733 3843 consilio
750 3780 837 3859 lecit,
871 3792 902 3844 ut
920 3781 957 3844 ab
975 3802 1012 3845 eo
1030 3782 1143 3846 bonore
1160 3781 1306 3865 aeglocia
1323 3779 1354 3841 li-

199 3881 268 3946 lium
295 3881 481 3946 excluderet.
526 3878 613 3963 Quod
636 3881 750 3966 quidem
774 3901 861 3946 nemo
889 3883 954 3968 pius
975 3905 1009 3948 ac
1028 3905 1129 3948 veram
1150 3884 1236 3946 fidem
1262 3882 1355 3946 sancti

200 3984 322 4072 spiritus
344 3983 487 4049 beneboio
510 3994 687 4048 consecutus
709 3984 853 4049 admittet.

285 4090 333 4152 lll.
379 4085 461 4151 Haec
474 4087 617 4152 adversus
634 4085 716 4152 necti
732 4087 867 4171 dogmata
885 4086 1059 4173 disputanda
1076 4087 1255 4172 putavimus,
1280 4105 1355 4169 quae

199 4189 248 4253 ille
266 4189 418 4255 dialectica
441 4190 578 4254 facultate
597 4200 628 4252 et
643 4190 865 4275 argumentandi
882 4188 1044 4253 subtilitate
1062 4189 1255 4273 humanisque
1273 4208 1356 4273 prae·

200 4290 297 4376 stigiis
319 4294 413 4358 lretns
438 4291 581 4380 capitibus
604 4302 717 4379 septem
738 4314 773 4358 ac
796 4292 919 4379 triginta
940 4289 1091 4358 disseruit.
1138 4289 1184 4356 Ea
1201 4311 1274 4356 vero
1290 4311 1355 4356 cum

239 4458 278 4515 13.
298 4458 339 4517 ciel
352 4462 396 4517 καὶ
414 4461 451 4524 εἰς
466 4465 535 4516 codd.
550 4479 621 4529 mec,
639 4468 675 4516 utt
687 4478 762 4529 aspre
831 4462 870 4518 ll.
889 4467 956 4517 Ltbrt
971 4467 1041 4529 culpo
1057 4459 1178 4531 περιάροι,

199 4528 327 4596 9919930.
362 4526 405 4585 ciel
422 4531 460 4592 εἰς
476 4535 541 4583 editt.

253 4615 343 4671 corpo·
354 4611 560 4660 ιιωιιιωιιιι.
974 4587 981 4602 ’
1113 4621 1151 4686 21
