3096 5070
390 290 527 344 canaan
544 289 606 341 ιιι.
618 289 662 341 ιιι.
679 288 762 342 rom
771 287 791 340 ι.
808 286 1040 339 nasanxxnt.
1240 264 1302 336 tt'l

141 413 334 493 coudtentur,
368 396 430 475 tres
450 409 644 496 hypostases,
667 427 754 472 unam
771 407 931 472 essentiam
947 426 983 468 ac
998 404 1180 469 divinitatem
1198 413 1298 468 unam.

142 515 228 600 Quod
244 515 359 602 quidem
377 534 450 579 vera
467 513 540 577 bdes
557 513 697 590 affirmat,
722 531 798 595 quae
817 532 833 574 a
850 507 1010 572 maioribus
1028 506 1152 584 tradita,
1177 507 1311 592 prophe-i

143 621 212 698 tica,
236 617 407 702 evangelica
424 626 455 680 et
470 615 630 700 apostolica
648 623 798 676 censetur.
843 607 940 694 Quam
959 610 1000 674 illi
1016 609 1071 695 ipsi
1090 611 1216 694 professi
1234 623 1303 676 suut

142 732 242 808 patres
260 719 354 784 nostri
372 730 402 784 et
418 716 567 805 episcopi,
600 715 647 800 qui
664 716 695 778 in
711 713 847 779 Nicaeoa
867 712 981 799 synodo
999 707 1187 776 Constantini
1204 712 1302 799 magni

142 844 177 888 ac
201 821 363 887 beatissimi
388 819 577 905 imperatoris
600 828 732 903 tempore
759 815 874 880 collecti
899 826 979 879 suut.
1024 812 1145 880 Utinam
1171 836 1244 879 sero
1261 826 1302 879 et

142 924 322 990 venerabilis
343 924 406 1009 ipse
423 909 564 985 Meletius
588 921 710 984 eandem
738 940 803 983 cum
821 917 1015 982 Autioebcnis
1035 917 1097 981 suis
1115 917 1229 1002 iisque,
1253 916 1302 1001 qui

142 1026 208 1090 aliis
230 1028 259 1090 iu
281 1024 356 1089 louis
378 1023 500 1110 perinde
524 1023 674 1100 sentiunt,
706 1022 772 1085 iidei
797 1021 948 1085 formulam
966 1031 1124 1114 sequatur3
1152 1040 1208 1083 uec
1223 1020 1301 1084 enim

143 1129 249 1193 desunt
271 1127 320 1212 qui
349 1148 414 1190 cum
438 1127 488 1190 illo
521 1135 551 1189 et
574 1147 638 1189 cum
664 1123 728 1190 eius
744 1124 858 1210 synodo
875 1123 1110 1186 communionem
1131 1122 1239 1186 babere
1258 1122 1303 1186 vi·

144 1232 267 1310 dentur,
301 1228 402 1314 quiin
431 1228 564 1315 spiritum
586 1238 719 1292 sunctum
748 1227 960 1290 contumeliose
991 1226 1123 1290 uonuibil
1153 1225 1300 1289 effutiant.

144 1331 221 1396 Nam
248 1352 313 1395 cum
337 1334 373 1396 do
393 1333 454 1395 lilio
478 1340 560 1395 recte
577 1329 724 1408 sentiant,
748 1328 880 1414 spiritum
898 1330 992 1415 ipsum
1010 1340 1140 1392 creatum
1160 1339 1190 1391 et
1212 1328 1303 1391 adeo

144 1455 265 1520 prorsus
280 1434 406 1499 ebenum
423 1431 607 1498 existimant.
639 1429 686 1496 De
701 1431 804 1516 quibus
821 1432 851 1495 iu
863 1431 980 1495 illorum
997 1430 1114 1496 baeresi
1128 1430 1304 1495 confutanda

144 1558 197 1622 pro
220 1537 332 1601 viribus
354 1536 575 1602 accuratissime
597 1535 790 1599 disseremus.

227 1636 374 1723 Quocirca
390 1639 489 1725 magni
506 1660 523 1702 a
540 1637 626 1701 uubis
644 1639 691 1701 vir
707 1636 757 1700 ille
773 1637 822 1715 bt,
848 1646 880 1700 ut
893 1636 1039 1715 diximus,
1064 1646 1185 1722 propter
1201 1635 1302 1700 istius·
1348 1640 1409 1708 cap.

143 1742 219 1806 modi
244 1744 350 1807 lamam
373 1762 446 1827 quae
471 1741 507 1806 de
530 1741 581 1804 illo
603 1740 773 1824 dissipatur.
819 1739 875 1802 Est
900 1739 977 1802 eninr
1002 1739 1063 1801 vita
1088 1738 1166 1803 illius
1193 1736 1302 1823 alioqui
1324 1706 1441 1765 xm·

142 1843 243 1930 gravis
269 1855 300 1907 et
322 1845 463 1923 bonesta,
496 1863 595 1907 mores
615 1840 747 1927 egregii,
779 1842 842 1928 ipse
867 1841 993 1925 denique
1012 1841 1117 1926 pupulo
1135 1839 1304 1925 cumprimis

143 1946 295 2024 amabilis,
328 1945 366 2009 ob
383 1946 462 2009 vitae
480 1946 699 2030 iutegritatem,
733 1965 818 2028 quam
841 1943 949 2007 divinis
969 1962 1072 2006 omnes
1090 1943 1224 2007 laudibus
1240 1942 1304 2006 ubi·

145 2069 201 2134 qua
225 2047 407 2133 praedicant.
460 2043 521 2112 Sed
543 2047 674 2111 uounolli
698 2059 813 2125 tumea,
846 2046 921 2109 baud
947 2045 1009 2109 scio
1039 2066 1077 2109 au
1100 2046 1167 2110 odiu
1187 2048 1217 2111 iu
1237 2066 1305 2112 enm

144 2150 301 2228 commoti,
335 2169 372 2213 au
386 2148 495 2214 invidia
514 2149 634 2234 perciti,
668 2170 705 2212 aa
723 2150 849 2233 denique
869 2169 924 2213 soa
942 2159 973 2211 ut
989 2148 1018 2245 iu
1034 2148 1129 2214 maius
1147 2149 1303 2230 extollant,

144 2253 247 2318 nescio
265 2271 339 2336 quae
356 2271 457 2337 parum
474 2253 602 2315 secunda
619 2252 655 2315 da
671 2251 722 2315 illo
739 2254 814 2315 lama
831 2261 1016 2339 sparserupt,
1041 2252 1176 2316 nimirum
1192 2275 1250 2317 nou
1267 2252 1305 2316 ob

144 2355 318 2419 catholicam
339 2353 427 2418 lidem
444 2353 540 2418 basin
559 2353 639 2417 illum
656 2354 758 2418 turbas
774 2375 842 2418 esse
860 2340 1019 2431 conllalas,
1033 2355 1094 2417 sed
1113 2354 1150 2417 ob
1166 2355 1306 2420 ecclesia·

144 2458 219 2522 stica
236 2457 378 2543 quaedam
398 2456 569 2541 negotiare
587 2456 699 2541 iurgia,
723 2476 806 2540 'quae
830 2458 907 2521 iuter
925 2457 1002 2521 buno
1021 2467 1051 2521 et
1069 2459 1194 2522 clericos
1211 2450 1307 2522 'iuter-

145 2572 312 2626 uesserunt.
360 2559 439 2624 Tum
460 2560 536 2644 quod
561 2559 718 2623 nonnullos
741 2561 776 2623 ad
797 2559 1031 2624 communionem
1055 2562 1212 2626 admiserat
1234 2581 1307 2645 quos

146 2662 214 2727 olim
240 2663 276 2726 ab
299 2683 334 2726 ea
348 2661 516 2740 reiecerat,
551 2673 581 2725 et
605 2661 791 2726 anathemate
819 2663 1022 2727 damnaverat.
1069 2661 1181 2728 Verum
1202 2683 1239 2727 ne
1262 2662 1307 2727 bis

147 2765 263 2850 penitus
283 2766 479 2830 assentiamur
496 2764 653 2851 probibent
675 2785 711 2828 ea
729 2786 804 2849 quae
821 2765 851 2828 iu
868 2765 960 2851 ipsius
977 2776 1064 2830 coetu
1083 2779 1116 2831 aa
1136 2765 1262 2830 concilio
1276 2765 1308 2830 iti

147 2867 210 2930 dies
225 2868 434 2948 emendantur,
460 2879 508 2947 et,
534 2879 564 2930 ut
580 2878 667 2931 autea
682 2867 791 2931 dictum
808 2878 872 2946 est,
905 2889 971 2932 cum
988 2879 1089 2933 rectae
1107 2868 1176 2932 lidei
1192 2869 1307 2953 proles·

146 2968 230 3032 sione
244 2981 444 3035 consentanea
462 2971 627 3034 traduntur.
669 2969 736 3035 liae
754 2971 830 3034 enim
848 2972 876 3033 in
894 2981 995 3054 parte,
1020 2971 1114 3056 quoad
1130 2985 1183 3057 pro
1200 2969 1308 3036 virium

146 3082 312 3135 nostrarum
337 3072 535 3138 imbecillitate
558 3073 698 3159 consequi
725 3094 897 3159 possumus,
931 3072 1087 3138 veritatem
1115 3075 1144 3138 in
1170 3074 1307 3138 omuibus

145 3174 275 3238 retinere
292 3175 444 3240 debemus.
486 3174 641 3262 Siquidem
665 3187 761 3240 utrum
780 3176 809 3238 in
828 3175 892 3260 ipsu
911 3175 1054 3239 orationis
1070 3177 1179 3263 impetu
1198 3167 1308 3262 impru-

146 3277 226 3342 denti
250 3277 356 3363 aliquid
374 3277 537 3355 exciderit,
569 3278 677 3364 liquido
690 3279 835 3342 affirmare
852 3299 909 3341 non
925 3281 1067 3359 audeam3
1099 3301 1135 3344 ao
1154 3280 1250 3366 potius
1269 3300 1308 3343 es

147 3381 269 3466 quadarn
285 3380 374 3444 animi
393 3380 579 3466 simplicitate
596 3380 754 3467 prodierit,
788 3380 871 3444 novit
886 3382 970 3446 deus.
1015 3378 1089 3446 illud
1108 3382 1222 3467 quoidam
1237 3401 1308 3444 uuu-

146 3493 222 3562 stat‚
254 3483 284 3546 in
303 3482 396 3569 ipsius
417 3483 552 3547 oratione
569 3485 627 3548 duo
646 3483 741 3549 triave
760 3483 880 3569 reperiti
902 3484 967 3549 loca
984 3504 1059 3570 quae
1075 3483 1307 3570 reprebeusione

147 3606 206 3648 non
224 3594 355 3649 careant.
400 3582 531 3649 Primum
557 3589 633 3671 quod
657 3607 789 3671 eaquae
815 3587 850 3650 de
877 3598 1013 3651 creatura
1034 3587 1171 3651 dicuutur
1189 3585 1225 3650 de
1243 3585 1308 3671 ipsa

146 3686 193 3750 dei
212 3685 273 3750 lilio
290 3707 324 3749 ac
340 3688 376 3750 de
391 3687 454 3752 eius
473 3689 645 3767 divinitate,
676 3689 724 3752 vel
742 3689 936 3773 appellatione
953 3700 1040 3754 tenus
1059 3688 1214 3774 intelligit,
1247 3698 1307 3752 tum

147 3789 264 3875 quando
285 3787 327 3850 its
349 3788 493 3874 loquiturs
517 3795 612 3871 Super
632 3795 813 3871 septenorum,
840 3802 870 3855 et
891 3793 917 3855 si
940 3792 1007 3878 quid
1030 3791 1107 3855 aliud
1130 3803 1188 3854 est.

231 3888 293 3956 Sed
309 3890 367 3955 iam
393 3891 440 3955 ubi
465 3913 559 3976 pauca
582 3891 725 3955 adversus
748 3893 863 3957 illorum
888 3895 1025 3980 dogmata
1051 3893 1302 3978 proposuerimus,
1349 3909 1409 3974 cup.

146 3995 264 4060 missam
281 3994 356 4057 ltauc
373 3994 519 4058 baeresim
541 3991 693 4057 laciemus.
738 3990 837 4058 Dicite
853 3995 961 4080 igitur,
996 3997 1121 4060 obsecro
1138 4017 1208 4076 vos,
1238 3964 1472 4082 qutid¹¹¹V¹·²

58 4152 75 4179 ,
147 4108 301 4184 tantopere
322 4097 475 4161 molestum
494 4096 579 4159 vobis
595 4106 641 4159 est
662 4115 697 4158 ac
710 4116 802 4178 grave
818 4097 909 4160 filium
935 4099 1010 4185 patri
1029 4099 1305 4164 consubstantialem

146 4203 302 4264 assereret
347 4198 443 4265 Velim
462 4200 517 4263 buc
534 4198 602 4262 mibi
619 4197 747 4287 ingenue
765 4208 924 4284 aperteque
941 4202 1104 4281 lateamlni,
1128 4212 1161 4266 ut
1175 4223 1230 4267 vus
1248 4225 1306 4268 uon

180 4403 204 4456 6.
222 4407 335 4469 Suspicor
352 4403 381 4460 sd
398 4405 457 4472 nupt
473 4405 530 4459 utet
545 4411 594 4456 cett.
740 4408 840 4456 mouerit
854 4407 978 4457 Pstcot'um
994 4411 1021 4457 ut
1036 4422 1084 4459 ooo
1104 4401 1246 4474 ὄμοιούσιοι
1265 4410 1308 4460 ds·

181 4471 205 4525 7.
215 4470 353 4594 {Lepidi
371 4478 455 4525 uitium
470 4480 503 4526 est
520 4475 575 4524 edit.
593 4477 675 4526 Peme.
743 4475 839 4526 nudum
855 4475 980 4541 mucro,
996 4491 1050 4530 cam
1066 4480 1158 4531 tumuit
1173 4478 1307 4532 tududtrst

340 4543 412 4596 XVI.
434 4571 466 4584 -
503 4544 524 4598 1.
549 4544 630 4596 Nescio
652 4543 710 4609 quid
