3096 5070
423 345 562 398 ιιιιιιιιι
580 345 644 397 nm.
658 345 704 395 ιιι.
719 345 804 397 nom.
817 345 848 395 ιι.
864 343 965 395 nasa.
978 343 1106 395 cxxix.
1281 330 1340 394 tat

188 469 224 534 ad
244 466 341 532 lesum
369 487 505 551 magnum
528 464 711 529 sacerdotem
737 475 767 528 et
786 459 916 528 Esdram
942 463 1144 540 sacerdotem,
1175 471 1233 525 etc.
1279 459 1346 525 Nec

187 592 314 656 anquam
338 570 443 633 mulier
464 567 631 632 sacerdotio
655 568 755 630 iuncta
777 567 895 651 legitur.

274 675 373 758 Atque
399 682 430 734 nt
455 671 490 733 ad
515 691 623 733 novum
646 678 852 732 testamentum
880 668 1071 745 accedamus,
1103 667 1128 729 si
1148 665 1344 731 sacerdotium
1364 667 1423 735 esp.
1439 668 1482 718 ΙΙΙ·

189 776 361 841 mulieribus
385 772 550 836 mandatum
576 772 670 849 loret,
707 781 758 834 aut
783 771 955 833 canonicum
983 770 1116 853 quiddam
1140 781 1292 855 praestare
1317 768 1347 832 in

189 879 315 944 eeclesia
339 878 458 952 liceret,
490 872 559 937 nulli
585 872 781 959 potiusquam
799 869 916 935 Mariae
936 873 1005 935 illud
1025 872 1054 935 in
1075 893 1153 935 uoco
1171 882 1348 936 testamento

189 979 332 1046 committi
355 975 519 1042 sacerdotis
540 975 664 1039 officium
681 974 797 1052 debuit,
828 975 874 1038 cui
889 985 988 1038 tantus
1012 973 1106 1038 bonor
1123 985 1170 1038 εει
1186 973 1301 1038 habitus
1318 983 1350 1038 ut

189 1082 304 1167 gremio
319 1079 443 1162 sinuque
460 1099 514 1142 sno
534 1097 635 1161 regem
654 1075 782 1141 omnium
801 1097 836 1140 ac
854 1077 1013 1140 coelestem
1032 1077 1116 1140 deum
1137 1076 1241 1161 deique
1261 1076 1349 1140 filium
1428 1116 1443 1143 ε

192 1183 357 1268 exciperet.
404 1177 498 1245 (iuius
526 1189 628 1244 uterus
650 1179 731 1244 velut
754 1180 889 1264 templum
910 1201 945 1243 ac
962 1179 1138 1242 domicilium
1157 1179 1247 1242 divini
1266 1177 1349 1241 verbi

192 1284 423 1348 incarnationem
448 1282 590 1367 singulari
615 1293 661 1346 εει
677 1280 857 1365 benignitate
873 1283 919 1344 dei
943 1304 1049 1366 magno
1064 1302 1099 1344 ac
1121 1281 1265 1365 stupendo
1288 1302 1351 1365 my-

193 1386 286 1451 sterio
304 1395 505 1471 praeparatus.
552 1383 663 1448 Verum
682 1384 770 1468 longe
788 1385 843 1448 dao
857 1384 942 1447 aliter
957 1396 1004 1448 est
1019 1385 1127 1462 visum,
1151 1405 1187 1446 ac
1205 1404 1241 1446 ue
1258 1383 1352 1468 bapti-

193 1490 280 1553 zandi
303 1488 416 1572 quidem
441 1496 570 1573 potestas
592 1497 639 1551 εει
658 1487 700 1550 illi
716 1487 809 1567 lacta3
840 1508 906 1549 enm
924 1486 1031 1571 alioqui
1050 1486 1121 1571 tingi
1138 1486 1175 1549 ab
1196 1485 1246 1549 illa
1264 1480 1351 1550 Chri-

193 1600 257 1655 stus
280 1590 377 1676 potius
403 1611 487 1674 quam
513 1589 550 1653 ab
576 1587 686 1653 {caune
709 1589 864 1673 potuisset.
911 1586 1021 1652 Verum
1041 1587 1169 1654 loannes
1184 1586 1351 1652 Zachariae
1385 1587 1440 1633 ιιι·
1454 1588 1473 1632 ¹·

194 1693 271 1758 lilius
294 1704 361 1778 post
381 1692 567 1756 commissum
590 1691 646 1755 sibi
664 1690 830 1777 baptizandi
849 1711 954 1754 munus
972 1692 1007 1754 ad
1033 1701 1219 1776 peccatorum
1241 1691 1352 1754 condo·

195 1797 344 1860 nationem
365 1796 454 1858 vitum
471 1795 501 1858 in
517 1792 676 1857 solitudine
693 1793 842 1872 traduxit3
874 1792 957 1856 cuius
975 1803 1059 1878 pater
1072 1793 1267 1857 sacerdotium
1284 1812 1352 1876 ges-

195 1897 246 1977 sit,
270 1909 301 1961 ει
315 1897 370 1961 sub
384 1897 485 1961 hosam
500 1895 612 1960 suffitus
628 1895 724 1959 risum
741 1894 807 1959 huic
823 1895 950 1958 oblatum
967 1907 1023 1958 est.
1069 1892 1143 1959 Post
1157 1896 1229 1958 baec
1245 1892 1352 1958 Petrus

196 2010 227 2064 et
254 2000 408 2078 Andreas,
444 1997 586 2078 lacobus,
618 2008 649 2061 et
675 1995 821 2075 loannes,
855 1995 1023 2082 Philippus,
1057 2009 1087 2060 et
1112 1995 1351 2078 bartholomeus,

198 2101 389 2182 Thaddaens,
408 2113 436 2165 ει
448 2098 573 2164 lacobus
582 2099 719 2186 Alpbaei,
737 2110 768 2163 et
779 2098 864 2163 ludas
875 2096 986 2179 lacohi,
1004 2110 1032 2162 et
1045 2097 1148 2163 Simon
1162 2096 1351 2182 Cananacus,

195 2203 382 2271 ethdatthias
396 2205 432 2267 ad
449 2204 626 2290 supplendos
643 2202 795 2267 duodecim
811 2202 971 2280 suffectus3
994 2201 1048 2282 illi,
1073 2203 1208 2287 iuquam,
1233 2225 1347 2284 omncs,
1386 2224 1434 2266 aa.
1447 2224 1466 2268 r.

196 2319 230 2373 et
238 2307 362 2392 apostoli
378 2306 483 2371 delecti
501 2316 589 2384 suut,
618 2327 653 2368 ac
667 2315 729 2369 toto
745 2315 888 2368 terrarum
903 2305 975 2368 orbe
989 2326 1100 2367 sacrum
1122 2309 1266 2385 euangelii·
1284 2310 1353 2388 ptru-
1365 2325 1505 2382 namucus.

196 2416 314 2473 adonem
332 2415 587 2483 udmrbmtrnruat,
612 2430 678 2471 cum
696 2404 787 2471 Panlo
802 2418 832 2471 et
851 2404 1005 2486 Barnaba,
1030 2430 1064 2471 ac
1081 2407 1190 2472 ceteris
1207 2408 1353 2493 iidemque

196 2514 405 2599 mysteriorum
422 2523 560 2575 auctores
577 2520 664 2594 atqua
682 2510 850 2574 conditores
867 2511 997 2588 luerunt,
1020 2531 1078 2573 una
1096 2531 1161 2573 cum
1180 2507 1288 2574 laccho
1303 2513 1353 2575 do·

198 2614 268 2677 mini
286 2617 395 2691 tratre,
427 2614 521 2698 primo
542 2611 816 2698 Hierosolymorum
838 2612 993 2699 episcopo,
1024 2633 1040 2675 a
1061 2633 1118 2698 quo
1135 2624 1167 2676 ut
1188 2623 1219 2675 et
1237 2612 1273 2675 ab
1290 2612 1355 2678 aliis

197 2735 271 2798 qnos
283 2713 501 2779 numeravimus
512 2715 665 2799 apostolia,
682 2715 885 2801 episcoporum
896 2736 932 2777 ac
942 2715 1180 2800 presbyterorum
1191 2715 1356 2779 successio·

198 2827 337 2880 nessunt
353 2815 383 2878 iu
401 2817 488 2880 domo
505 2817 550 2880 dei
567 2818 756 2882 constitutae.
800 2814 867 2880 Nec
884 2817 1041 2881 interillos
1060 2828 1158 2881 tamea
1176 2817 1281 2881 mulier
1297 2818 1356 2882 nlla
1426 2848 1434 2854 ·

198 2927 334 3003 cooptata
349 2918 467 3001 legitur.
511 2916 606 2982 Erant
619 2920 747 3004 quidem,
771 2931 802 2983 nt
818 2919 961 3005 scriptura
977 2931 1089 2999 narrat,
1113 2918 1247 3005 Philippo
1262 2942 1353 2984 evau-
1367 2943 1415 2984 aaa
1427 2939 1462 2995 ar,
1475 2940 1495 2983 a.

198 3020 323 3104 galiatae
338 3020 413 3084 filiae
433 3017 474 3083 {V
495 3021 714 3106 prophetissae,
740 3044 798 3086 uon
818 3032 916 3085 tamen
934 3023 1118 3086 sacerdotes.
1165 3020 1309 3087 Similiter
1327 3035 1357 3088 ει

199 3124 286 3186 Anna
312 3122 494 3207 prophetissa
517 3123 572 3190 luit
590 3121 748 3190 Phanuelis
774 3124 848 3203 lilia,
880 3146 939 3187 uon
965 3135 1061 3188 tamen
1081 3126 1247 3189 sacerdotio
1271 3146 1354 3211 prae·
1368 3145 1495 3201 ananan

200 3225 270 3289 dita.
317 3221 431 3309 Quippe
448 3225 561 3310 impleri
584 3227 660 3292 istud
680 3227 834 3314 oportebat
851 3228 926 3310 quod
950 3239 995 3291 est
1013 3228 1171 3313 scriptum:
1203 3233 1357 3309 Propheta·
1370 3247 1497 3302 racanas.

201 3329 271 3389 duat
283 3329 351 3409 fila·
370 3332 473 3402 rteatm‘,
508 3341 537 3390 et
549 3331 636 3411 filice
653 3343 763 3392 εεεινεε
780 3335 888 3391 anmna'u
903 3333 1097 3405 somniabunt,
1122 3344 1153 3393 et
1165 3335 1356 3393 adolescentes
1370 3307 1452 3409 ιεεῗ,
1465 3352 1497 3397 ιι.

200 3435 289 3492 castri
302 3434 423 3492 amabam
440 3431 582 3493 ambone.
630 3429 813 3514 Quamquam
834 3452 906 3496 vero
929 3432 1160 3497 diaconissarum
1179 3435 1208 3497 iu
1232 3434 1359 3498 ecclesia

202 3533 274 3595 ordo
290 3532 346 3611 sit,
380 3552 439 3595 nou
463 3542 559 3595 tamen
579 3534 615 3596 ad
634 3534 792 3597 sacerdotii
811 3535 1008 3614 lunationem,
1041 3547 1091 3599 aut
1110 3537 1197 3600 ullam
1216 3536 1359 3601 eiusmodi

201 3634 483 3699 administrationem
509 3633 659 3698 institutus
687 3644 751 3712 ast,
785 3637 837 3699 sed
862 3646 893 3699 ut
916 3637 1065 3701 muliebris
1092 3660 1184 3702 sexus
1212 3639 1359 3702 honestati

198 3737 389 3815 ,consulatum
414 3739 477 3801 sive
495 3747 527 3800 ut
542 3736 676 3823 baptismi
696 3745 827 3821 tempore
848 3739 943 3817 adsit,
966 3740 1032 3803 sive
1047 3751 1080 3803 ut
1096 3740 1232 3826 inspiciat
1249 3741 1275 3804 si
1291 3740 1359 3826 quid

202 3860 290 3926 passa
305 3840 345 3902 sit
359 3851 410 3902 aut
426 3839 580 3904 molestiae
598 3837 767 3925 pertulerit,
798 3839 862 3903 sive
878 3850 910 3902 ut
926 3863 989 3904 cum
1008 3844 1173 3906 nudandum
1194 3854 1240 3907 εει
1258 3845 1360 3908 mulie·

201 3945 244 4008 ris
261 3963 367 4028 corpus
383 3942 580 4021 interveniat,
612 3936 650 4005 ue
667 3941 797 4005 virorum
818 3941 867 4026 qui
891 3943 970 4005 sacri
987 3955 1148 4028 operantur
1168 3947 1299 4032 aspectui
1322 3947 1361 4011 sit

202 4046 357 4133 exposita,
387 4045 440 4109 sed
462 4065 479 4108 a
496 4043 559 4108 sola
578 4043 742 4107 diaconissa
759 4044 912 4123 videatur,
944 4065 1018 4129 quac
1039 4047 1202 4112 sacerdotis
1223 4050 1360 4114 mandato

205 4147 335 4212 mulieris
360 4169 461 4211 curam
489 4147 583 4230 gerit,
614 4168 671 4230 quo
696 4155 827 4233 tempore
854 4147 986 4212 vestibus
1011 4148 1141 4211 exuitur.
1188 4146 1256 4233 Qua
1275 4151 1305 4215 iu
1328 4173 1361 4216 re

204 4268 270 4312 cum
288 4250 399 4314 ordinis
417 4249 495 4313 illius
514 4250 694 4329 modestiae,
728 4260 787 4313 tum
808 4248 1027 4314 ecclesiasticae
1048 4250 1218 4337 disciplinae
1236 4255 1361 4339 pruden-

204 4409 220 4421 —
238 4411 252 4422 ·
272 4380 470 4453 η’σφαλισμιιου.
515 4388 641 4436 Camarina
664 4387 769 4438 reddidit
800 4386 1077 4439 ecclesiasticacbnnae
1092 4388 1275 4441 constitutionis
1289 4390 1363 4443 valde

205 4454 345 4504 boccum
357 4453 438 4504 acad
452 4463 551 4520 tempus
565 4453 699 4534 indigentis
712 4471 766 4504 ann·
800 4455 934 4507 scientifice
958 4455 1068 4507 munitus
1091 4455 1124 4507 ait
1146 4456 1170 4507 iu
1189 4476 1302 4510 mensura
1320 4479 1361 4511 ιε-

204 4519 280 4580 licris,
298 4521 323 4572 in
339 4532 451 4589 tempore
467 4521 641 4574 denudaticma
658 4525 768 4590 corporis
802 4524 881 4591 gulae.

204 4589 296 4657 ipsius,
320 4590 356 4640 ita
374 4602 401 4640 ut
415 4589 478 4641 ordo
495 4590 563 4642 bono
581 4589 726 4658 disciplinae
743 4604 769 4643 et

1078 4665 1147 4730 29*
