3096 5070
819 84 838 117 sq

420 276 556 330 rnuann
575 278 638 328 cra.
655 278 698 328 ur.
714 277 796 330 rou.
814 278 843 327 n.
861 276 960 327 narn.
973 275 1115 326 cxxvru.
1285 261 1347 325 413

191 397 266 462 alius
291 397 416 482 denique
440 398 517 462 aliod
541 397 597 461 sibi
621 398 656 460 ad
683 397 905 483 oppugnandum
932 395 1045 480 arripit.
1101 391 1129 457 0
1151 394 1347 458 turbulentum

192 512 322 565 uestrum
348 500 514 565 saeculum!
545 499 575 563 in
592 520 649 583 quo
669 499 815 563 hominurn
841 498 900 561 vita
916 519 1059 562 summurn
1075 496 1105 560 iu
1123 496 1280 560 discrimen
1298 496 1349 559 ad-

191 603 323 681 ducitur,
356 624 429 686 quae
447 603 574 685 undique
590 601 725 683 pessimis
742 621 758 663 a
776 602 917 663 daemone
934 600 1101 685 propagatis
1119 599 1285 682 opinionum
1302 618 1349 660 er·

190 706 325 785 roribus,
358 727 393 768 ac
409 706 547 791 perfidiae
566 703 739 768 commentis
758 702 902 766 obruitur.
950 699 1084 784 Quanam
1103 722 1175 764 vero
1195 703 1291 763 fronte
1305 701 1350 763 in·

190 820 357 894 corruptam
373 809 450 870 iiiam
466 807 609 888 virginem
625 805 844 890 aggrediuntur,
869 825 944 889 quae
963 805 1009 867 dei
1025 804 1073 867 liiii
1090 802 1265 866 domicilium
1281 823 1348 866 esse

190 910 318 976 meruit?
340 928 414 993 quae
430 930 468 972 ex
484 908 598 971 infinito
616 905 815 971 israelitarum
832 927 954 970 numero
971 907 1005 969 ad
1025 907 1051 969 id
1070 928 1157 969 unum
1176 904 1223 968 est
1239 905 1346 983 electa,

192 1023 223 1076 ut
240 1033 294 1075 vas
310 1012 452 1094 quoddam
470 1021 501 1073 et
516 1009 657 1074 habitatio
675 1011 724 1073 uni
740 1020 821 1073 esset
838 1009 938 1071 divino
955 1009 1049 1093 partui
1066 1018 1252 1071 consecrata.

278 1113 343 1177 Hoc
364 1114 442 1177 enim
461 1125 543 1177 certo
560 1135 598 1177 ex
620 1123 741 1177 auctore
761 1111 905 1196 cognovi,
932 1110 1088 1174 nonnullos
1105 1110 1132 1172 id
1152 1110 1188 1172 de
1204 1107 1252 1172 iiia
1273 1109 1348 1172 affir-
1367 1117 1490 1186 capvtt.

191 1236 273 1279 mare
291 1236 379 1280 ausos
395 1236 481 1296 esse,
506 1227 657 1300 postquam
675 1196 852 1278 saluatorem
869 1214 1035 1299 pepererit,
1059 1235 1124 1276 cum
1143 1213 1207 1275 viro
1224 1232 1349 1276 consue·

191 1317 321 1381 tudinem
351 1318 498 1382 babuisse.
554 1317 640 1402 Quod
668 1319 801 1401 equidem
829 1320 923 1380 minus
948 1316 1088 1379 admiror.
1142 1312 1348 1378 Nemeorum

192 1421 307 1484 inscitia
326 1420 375 1505 qni
395 1442 489 1506 neque
504 1442 606 1485 sacras
623 1421 725 1485 literas
739 1431 877 1484 accurate
898 1419 1022 1497 callent,
1054 1439 1148 1501 neque
1166 1418 1195 1481 in
1215 1428 1348 1481 veterum

191 1522 379 1586 historiarum
406 1522 531 1587 lectione
557 1524 616 1586 triti
641 1534 727 1600 sunt,
762 1524 815 1586 hos
840 1522 919 1606 ipsos
937 1521 973 1584 ab
993 1521 1058 1583 aliis
1082 1520 1189 1584 adalia
1209 1521 1349 1584 transfert

192 1638 224 1689 et
238 1624 361 1710 abripit,
394 1646 457 1689 cum
480 1647 519 1688 ex
536 1624 655 1709 ingenio
676 1646 731 1689 suo
757 1647 792 1687 ac
817 1634 915 1687 mente
940 1623 1073 1686 veritatis
1093 1623 1219 1707 vestigia
1242 1644 1348 1686 eonse-

192 1737 320 1791 etantur.
369 1725 503 1813 inprimis
519 1727 618 1811 itaque
635 1749 699 1790 eom
722 1727 808 1791 beata
825 1726 909 1809 virgo
927 1722 1051 1810 iosepho
1068 1725 1172 1788 tradita
1195 1736 1259 1803 est,
1290 1746 1347 1808 quo

191 1829 270 1893 illam
297 1829 386 1893 sortis
415 1830 580 1893 necessitas
600 1830 781 1908 adduxerat,
818 1849 999 1912 nequaquam
1023 1828 1107 1890 eiad
1132 1827 1345 1912 copulationem

192 1943 238 1996 est
258 1953 420 2010 concessa,
455 1931 479 1993 si
497 1921 572 2016 qoo'd
593 1953 640 1996 res
659 1943 706 1996 est
723 1952 899 1996 asseverare
918 1929 1071 2006 volumus,
1103 1951 1167 1992 eom
1189 1930 1287 2013 utique
1304 1930 1347 1991 ri·

193 2035 267 2098 dnus
285 2045 378 2097 esset.
425 2032 484 2099 Sed
511 2045 630 2119 propter
651 2035 744 2119 legem
763 2045 861 2097 tannen
880 2034 928 2095 vir
948 2018 1025 2095 illius
1047 2031 1226 2116 appellatur,
1259 2053 1347 2117 porro

192 2157 233 2201 ex
249 2133 366 2200 Iudaica
388 2137 544 2201 traditione
570 2147 786 2222 consequenter
800 2135 877 2198 istud
903 2135 1086 2211 ostenditur,
1118 2155 1194 2211 riou,
1228 2144 1260 2196 ut
1281 2156 1346 2197 com

191 2237 243 2302 illo
263 2238 468 2323 copularetur,
501 2239 644 2322 virginem
664 2239 689 2302 ei
712 2241 802 2303 fuisse
827 2236 981 2313 traditam,
1014 2237 1065 2298 sed
1085 2246 1115 2298 ut
1130 2237 1165 2299 ad
1186 2237 1346 2300 turororom

191 2342 391 2406 testimonium
414 2352 603 2419 servaretur,
636 2341 785 2425 palamque
813 2340 896 2405 heret
920 2349 1087 2424 susceptam
1113 2337 1238 2401 hominis
1257 2361 1275 2401 a
1292 2340 1347 2402 deo

190 2454 324 2509 naturam
344 2464 402 2506 nou
421 2442 613 2506 adulterinam
632 2464 665 2505 ac
683 2443 810 2528 spuriam
829 2444 939 2519 inisse,
976 2443 1028 2505 sed
1048 2440 1221 2504 certissimis
1244 2441 1348 2504 suffra-

190 2546 328 2631 gantibus
343 2545 536 2623 testimoniis,
568 2545 632 2608 sine
650 2546 727 2608 virili
747 2556 829 2622 satu,
854 2545 974 2630 spiritus
991 2543 1084 2606 sancti
1101 2543 1130 2604 vi
1148 2554 1177 2605 et
1193 2542 1347 2608 efficientia

190 2648 390 2712 constitutam,
437 2643 594 2728 Quomodo
622 2647 698 2711 enim
722 2657 779 2710 tarn
802 2647 926 2710 affectae
951 2668 1047 2709 senex
1071 2645 1177 2708 aetatis
1203 2643 1346 2726 virginem

191 2749 299 2813 babere
321 2769 444 2812 uxorem
468 2750 578 2834 potuit,
611 2750 658 2834 qui
675 2760 718 2811 tot
739 2748 824 2811 anuis
840 2760 925 2811 antea
949 2748 1039 2833 priori
1056 2747 1182 2831 coniuge
1201 2756 1282 2809 esset
1300 2767 1347 2808 or·

190 2851 297 2916 batus?
340 2848 491 2934 Siquidem
517 2851 563 2914 hic
583 2851 645 2937 ipse
666 2848 807 2935 losephus
829 2846 980 2935 Cleophae
1006 2853 1113 2926 irater,
1147 2846 1246 2912 lacobi
1271 2848 1346 2912 filius

191 2965 386 3036 cognomento
410 2951 587 3033 Pantheris,
622 2954 693 3033 init,
728 2953 831 3032 ambo,
862 2954 996 3037 inquam,
1030 2952 1070 3015 iili
1089 2950 1239 3015 Panthere
1263 2960 1345 3035 patre

191 3055 254 3120 nati
270 3066 349 3119 suot.
396 3053 534 3120 Ceterum
553 3056 693 3141 Iosephus
717 3057 839 3141 primam
862 3055 976 3119 etribu
1000 3053 1088 3119 hodae
1114 3055 1268 3138 coniugem
1294 3053 1344 3117 ha-

191 3157 269 3237 buit,
295 3178 383 3242 equa
400 3178 454 3222 ses
473 3159 582 3222 liberos
598 3157 745 3243 suscepit,
777 3179 873 3222 mares
891 3168 1032 3242 quatuor,
1064 3160 1186 3221 seminas
1203 3159 1294 3235 deasq
1317 3156 1345 3218 id

190 3362 222 3415 tio
237 3379 310 3431 quarn
327 3362 488 3428 possidebat,
507 3380 537 3414 eo
555 3364 633 3431 ipsam
650 3363 750 3430 adegis-
785 3363 818 3413 ad
839 3380 896 3413 suos
922 3360 993 3413 liberi
1017 3361 1205 3422 reserebantur3
1234 3378 1281 3411 nec
1302 3369 1346 3410 aut

190 3440 262 3489 sent,
290 3437 349 3481 reete
373 3435 463 3481 monuit
487 3434 527 3482 ib.
547 3435 678 3483 Gotoitcms
702 3435 751 3483 Ad·
784 3431 891 3498 virgines
917 3431 978 3480 ullas
1002 3428 1027 3479 in
1049 3429 1107 3480 loco
1130 3447 1201 3481 sacro
1225 3429 1345 3479 asservari

189 3513 260 3550 verse.
273 3501 368 3549 Misceii.
383 3514 408 3561 p.
418 3497 475 3550 813.
501 3502 660 3562 epiphanium
675 3504 753 3561 msam
784 3499 886 3562 solitus,
912 3507 955 3549 aut
973 3498 1004 3547 de
1020 3498 1219 3564 nupturientibus
1235 3497 1347 3547 sortitio·

190 3569 228 3617 sui
242 3570 343 3618 extitisse
366 3571 511 3627 interpretem
531 3571 649 3617 meliorem
665 3571 691 3617 in
705 3572 752 3618 dn·
785 3583 829 3616 nes
854 3565 993 3618 istiusmodi
1015 3565 1141 3617 institutas
1165 3566 1270 3616 historia
1296 3565 1346 3615 ulla

189 3640 269 3685 scruto
283 3650 336 3696 cup.
350 3632 392 3685 60.
416 3623 519 3695 „Onitae
537 3629 684 3700 ὅἸωοήφ,
711 3634 752 3700 γέ·
785 3647 1003 3687 monumentumre
1025 3633 1073 3684 fide
1094 3635 1195 3701 dignum
1221 3633 1345 3685 denarrat.

191 3718 241 3768 ρων
258 3695 293 3754 dr
310 3701 354 3754 aaut
374 3701 468 3770 χῆρος,
494 3696 549 3753 κατ’
567 3694 681 3766 ἀνάγκην
701 3703 751 3753 τῶν
785 3704 952 3753 Veruntamen
977 3712 1047 3768 patet
1072 3702 1130 3752 hinc
1153 3719 1207 3753 earn
1225 3701 1301 3751 foisse
1318 3701 1344 3751 iu

190 3766 292 3853 xbripmr
311 3769 468 3853 §abbenduna
491 3767 531 3821 tat
549 3764 644 3852 χῄρους
661 3767 706 3821 καὶ
722 3764 751 3852 qi·
785 3770 840 3849 loco
872 3771 952 3849 altero
986 3770 1031 3850 illo
1064 3769 1197 3850 Epiphanii
1227 3779 1344 3833 mentem,

189 3834 753 3971 ttttuttidiffinitatis?
785 3839 1345 3972 {diffidibidiiiiidiiibffi

189 3993 230 4029 not
251 3973 277 4027 ἐν
294 3976 332 4043 τῷ
351 3974 404 4043 ναῷ
421 3971 479 4033 τοὺς
499 3968 675 4039 πρωτοτόκους
695 3976 752 4023 παῖ·
785 3973 911 4040 utriusque
929 3965 1049 4040 opinatio.
1085 3973 1159 4035 Quod
1177 3991 1223 4040 ego
1242 3991 1273 4023 eo
1290 3991 1345 4024 ma—

189 4046 254 4103 δας,
280 4037 387 4108 duodus<
409 4041 503 4094 τεκαὶ
526 4039 646 4106 mitius,
678 4038 752 4107 ἔλαβε
784 4040 822 4107 gis
844 4039 929 4090 monui
947 4041 1003 4108 quia
1022 4043 1051 4089 V.
1071 4040 1107 4092 Cl.
1124 4040 1203 4091 Fried.
1221 4041 1345 4109 spanhei—

189 4110 256 4165 κατὰ
280 4113 371 4177 κλῆρον
394 4106 440 4174 τὴν
463 4104 538 4175 ἁγίαν
558 4108 679 4174 παρθένον
693 4107 750 4160 Μα-
784 4108 847 4158 mins
859 4109 885 4159 in
901 4108 963 4158 nub.
980 4109 1097 4174 Evangel.
1115 4107 1155 4171 14,
1172 4120 1233 4160 sect.
1248 4110 1272 4161 5.
1299 4110 1344 4161 Ca·

191 4178 269 4246 pinu.“
311 4183 348 4229 Ad
370 4180 427 4229 hoec
449 4180 580 4228 Gutuhmm
602 4179 682 4238 „Sunt
704 4176 750 4226 ista
783 4176 920 4228 sarabonum
942 4176 967 4226 in
985 4177 1031 4227 hac
1047 4176 1192 4242 opinatione
1216 4178 1278 4229 tetra
1302 4197 1344 4230 se-

189 4263 285 4312 revere,
303 4251 387 4312 inquit,
404 4263 472 4296 mera
490 4255 653 4312 nugamenta3
671 4261 750 4313 neque
784 4254 863 4305 cutus,
879 4244 947 4295 idem
961 4262 991 4294 ex
1004 4244 1145 4312 Epiphanio
1158 4246 1265 4313 probare
1280 4263 1344 4298 con-

190 4313 256 4365 enim
271 4315 352 4381 primo
370 4315 480 4365 eniturae
495 4314 591 4364 ratione
609 4312 656 4363 nisi
671 4330 750 4363 mares
782 4313 892 4365 tendit.“
1420 4317 1423 4325 '

190 4381 238 4432 soli
260 4394 329 4433 erant
351 4333 400 4433 deo
426 4381 505 4444 sacri,
533 4398 614 4451 neque
636 4381 679 4449 qui
702 4381 749 4431 deo
817 4383 840 4434 3.
860 4386 981 4446 Excerpsit
996 4385 1057 4434 hunc
1072 4386 1148 4434 torum
1167 4386 1274 4436 Anosoc
1291 4387 1342 4436 Sin.

130 4509 131 4513 Ἰ
191 4460 261 4500 eraut
289 4451 367 4511 sacri,
401 4451 427 4500 in
453 4450 548 4517 templo
574 4449 750 4514 educabantur,
785 4454 888 4514 Quomtt.
904 4467 962 4516 paq.
979 4449 1036 4504 tild-
1056 4455 1130 4504 Grcts.

190 4517 235 4569 sed
247 4519 417 4587 redemptione
431 4536 460 4569 err
470 4518 521 4570 iure
535 4536 627 4587 risuque
640 4528 749 4585 peracta,
