3096 5070
359 263 496 317 ransart
514 262 631 314 creua
650 260 733 314 rou.
744 261 764 312 r.
780 259 880 311 nasa.
891 259 1011 311 cxxrr.
1207 247 1270 310 295

112 405 254 449 summam
273 383 446 449 adoratione
461 384 510 447 illa
527 393 574 446 tua
596 381 845 466 perturbationem
864 377 991 455 inducis,
1015 399 1081 442 cum
1099 376 1270 442 dissimilem

112 488 213 551 codem
237 508 303 550 cunr
327 508 363 551 eo
385 489 470 551 ouirrs
498 497 544 549 est
566 483 714 547 dissimilis
738 483 851 546 honore
875 482 977 545 allicis.
1023 477 1109 562 Quod
1127 481 1170 558 ai,
1188 469 1269 564 ¹qnae

112 589 153 653 tni
169 590 313 673 dogmatis
328 589 451 674 perfidia
470 598 532 665 est,
565 586 654 650 filiurn
672 588 796 650 adorare
815 596 843 647 te
863 603 972 666 neges,
1004 583 1103 645 statim
1121 592 1149 644 te
1165 602 1268 646 omnes

111 692 306 775 redarguent,
339 703 372 756 nt
388 693 436 776 qni
452 710 633 774 nequaquam
652 688 731 752 illum
751 706 897 770 agnoscas
917 706 1003 769 quem
1022 685 1147 747 adorare
1166 705 1269 747 omnes

111 805 141 858 ct
156 794 307 878 aequalem
323 793 458 857 confiteri
473 792 590 855 debent.
636 792 810 853 Adorabunt
824 793 896 850 enrin
910 809 971 849 eum
989 808 1083 848 omnes
1100 789 1264 865 angeltder'.
1281 800 1409 901 genum

109 894 244 960 llurrdem
273 894 390 972 Maria,
425 917 489 959 cnm
523 895 552 958 in
584 913 673 956 earne
704 891 938 976 splendidissime
968 888 1202 968 resurrexisset,
1235 910 1270 953 ac

109 1011 259 1083 postremo
283 999 416 1082 discipuli
438 1017 541 1060 omnes
559 997 730 1060 adorarunt.
776 992 853 1057 Huic
872 993 949 1056 enim
970 991 1040 1055 iacti
1061 991 1193 1055 orentive
1219 1013 1270 1077 ap·

110 1100 296 1185 pollutionem
314 1098 432 1162 minime
447 1099 625 1175 convenire,
650 1108 750 1182 utpote
767 1118 783 1159 a
800 1107 882 1181 patre
898 1095 1016 1179 genito,
1041 1115 1100 1157 uon
1117 1095 1267 1179 ignorent.

111 1199 214 1285 ltaque
232 1201 408 1264 existentem
425 1201 461 1264 ab
480 1201 627 1264 existente
642 1210 759 1277 uatum,
793 1219 847 1261 nec
866 1220 923 1261 non
942 1207 973 1260 et
985 1197 1117 1280 spiritum
1135 1207 1267 1262 sanctum

110 1303 244 1366 adorant.
282 1301 487 1366 Noruntenim
503 1304 582 1366 illum
598 1302 634 1365 ab
647 1302 830 1365 conditarum
846 1321 943 1364 rerum
963 1311 1068 1362 natura
1084 1300 1266 1386 discrepare.

112 1401 228 1489 Quippe
248 1408 497 1483 coniuctusest,
530 1414 734 1489 autoreatus,
768 1404 955 1488 sedapatre
981 1402 1111 1485 genitus.
1157 1399 1269 1484 Quam-

111 1508 210 1570 obrem
228 1529 292 1571 onm
309 1509 461 1593 plurimum
474 1507 672 1584 aestuaveris,
688 1527 723 1569 ac
741 1506 861 1568 multum
879 1505 1018 1590 temporis
1033 1506 1266 1591 consumpseris,

109 1610 198 1686 Aeci,
230 1631 264 1673 ae
286 1611 459 1696 peregrinas
479 1621 509 1674 et
527 1608 674 1674 inauditas
693 1628 783 1670 voces
802 1608 973 1685 invexeris,
1006 1607 1085 1669 illum
1105 1617 1201 1670 tamen
1219 1608 1268 1672 vel

109 1712 219 1775 invitus
242 1713 390 1777 adorabis.
444 1718 560 1794 Oportet
584 1717 774 1775 enimomnes
798 1732 892 1771 eornm
919 1713 998 1771 ildrico
1022 1712 1162 1772 tribunali
1181 1716 1263 1772 criti.-
1274 1725 1349 1781 acar.
1357 1726 1379 1782 t.
1387 1727 1420 1775 tt.

109 1837 144 1876 cc
158 1826 215 1876 tum
227 1821 316 1877 omnes
332 1819 430 1895 Itirguo
447 1819 638 1897 confitebitur,
673 1818 803 1895 quonium
822 1816 949 1874 donarium
964 1817 1043 1874 Iesus
1063 1816 1193 1874 Christus
1208 1837 1264 1875 non
1278 1828 1365 1885 Phua.
1376 1833 1408 1878 tt.

108 1920 219 1979 alienus
236 1929 281 1978 est
296 1939 314 1979 a
331 1922 400 1991 deo,
423 1921 475 1980 red
490 1924 519 1980 br
534 1921 631 1997 glor-air
646 1921 694 1978 dei
704 1920 814 1997 potres,
847 1915 1087 1998 quemadmodum
1110 1925 1170 1978 tam
1192 1916 1268 1979 sori·

109 2030 194 2104 ptura
216 2040 301 2103 quarn
324 2019 466 2083 catholica
489 2020 560 2082 fides
583 2019 681 2082 habet.
715 2035 718 2043 '

195 2122 276 2184 Aetli
295 2117 392 2205 Caput
407 2118 530 2184 XXVl.
576 2117 609 2185 Si
632 2121 792 2205 ingenitum
810 2118 886 2183 nuda
909 2117 938 2180 in
957 2118 1012 2182 deo
1031 2128 1077 2182 est
1099 2117 1266 2202 appellatio,

107 2224 181 2287 adeo
196 2233 329 2309 utsupra
344 2235 509 2287 creatarum
526 2243 623 2286 rerum
638 2224 765 2286 omnium
779 2221 976 2285 conditionem
991 2219 1054 2282 sola
1067 2219 1267 2305 pronuntiatio

108 2326 237 2389 divinam
263 2326 456 2390 substantiam
482 2325 624 2405 extollat,
655 2345 840 2409 consequens
860 2334 907 2387 est
929 2323 1077 2385 hominum
1097 2322 1268 2406 pronuntia·

108 2429 216 2493 donem
235 2428 444 2514 omnipotentis
463 2428 509 2491 dci
530 2427 692 2492 substantia
711 2426 955 2511 praestantiorem
975 2425 1085 2502 rideri,
1109 2445 1184 2508 quae
1205 2423 1268 2508 qui·

108 2532 172 2595 dem
195 2532 286 2616 ipsam
309 2530 547 2615 incomparabilis
569 2530 747 2593 excellentia
769 2529 919 2613 diguitatis
942 2537 1081 2591 exornet.

193 2629 315 2697 Coulnt.
331 2631 454 2697 XXVI.
501 2631 607 2717 Neque
632 2632 739 2695 nudum
761 2632 790 2694 in
816 2632 871 2693 deo
891 2649 997 2693 nomen
1026 2639 1071 2693 est
1091 2628 1265 2712 ingenitum,

109 2754 203 2817 neque
219 2755 284 2797 cum
301 2734 409 2799 creatis
423 2735 511 2798 rebus
528 2746 651 2798 naturae
667 2733 901 2797 communionem
917 2733 1014 2797 habet.
1053 2729 1156 2814 Quare
1172 2752 1268 2815 neque

108 2845 263 2900 creaturae
287 2838 390 2900 nudam
411 2838 634 2923 appellationem
651 2835 827 2921 significant.
874 2833 935 2898 lam
954 2856 1027 2898 vero
1043 2856 1108 2898 oum
1129 2832 1207 2896 iuter
1223 2833 1268 2895 in·
1334 2836 1335 2839 ’

108 2937 238 3020 genitam
262 2960 297 3002 ao
315 2951 445 3005 creatum
462 2941 587 3003 medium
612 2939 728 3024 aliquod
751 2937 923 3003 vocabulum
940 2947 1116 3022 quaeratur,
1152 2935 1207 2999 hoc
1221 2947 1268 3000 est

109 3037 197 3116 filius,
221 3040 396 3125 minimeque
411 3054 542 3121 oreatus,
566 3045 683 3106 cuinam
698 3040 838 3104 eximium
852 3039 921 3102 illud
938 3039 1118 3125 potissimum
1136 3038 1267 3102 tribuen-

109 3141 176 3204 dum
197 3142 262 3204 esti
304 3143 351 3206 Ac
374 3143 400 3206 si
416 3146 531 3227 quidem
556 3145 701 3208 creaturis
721 3163 874 3206 commune
899 3163 963 3205 cum
989 3143 1048 3204 iilic
1065 3141 1135 3206 illud
1156 3143 1266 3207 adscri-

108 3243 229 3320 bamus,
261 3265 325 3307 curn
344 3255 478 3309 neutrum
495 3247 668 3311 vocabulum
695 3246 757 3309 sola
774 3266 808 3308 ac
831 3245 906 3307 nuda
925 3243 1117 3329 appellatione
1136 3256 1264 3323 constet,

109 3356 139 3408 et
157 3346 396 3427 quemadmodum
414 3347 578 3431 ingenitus,
602 3359 631 3410 et
646 3359 781 3425 creator,
807 3359 835 3409 et
851 3357 1004 3410 creaturae
1022 3367 1079 3409 nou
1098 3369 1188 3411 voces
1205 3368 1267 3410 me·

108 3468 160 3510 rae
179 3456 264 3524 sunt,
287 3447 326 3509 ita
344 3449 477 3530 genitus,
502 3462 528 3512 et
550 3449 624 3512 lilius
643 3448 750 3533 aliquid
767 3459 885 3532 praeter
901 3470 1006 3512 nornen
1026 3448 1149 3528 habeat,
1180 3448 1265 3512 trimi-

109 3570 172 3612 rum
190 3550 264 3631 quod
284 3569 336 3633 per
353 3571 494 3614 summam
512 3552 685 3614 calumniam
703 3550 906 3614 ratiocinando
925 3551 1036 3635 colligit
1053 3552 1178 3627 Abtius,
1211 3551 1266 3613 mi·

108 3651 217 3713 riboam
244 3651 491 3734 perturbationem
516 3663 547 3715 et
573 3653 776 3716 contusionem
804 3653 913 3737 pariet,
945 3653 1177 3738 quandoquidem
1200 3674 1265 3716 oum

107 3752 157 3815 lilii
173 3753 292 3816 nomine
309 3763 482 3832 creaturae,
506 3774 582 3837 quae
599 3773 631 3814 rc
648 3774 739 3830 vera,
764 3775 822 3816 non
840 3755 1033 3838 appellatione
1052 3765 1155 3832 tonus,
1187 3754 1266 3818 eius·

108 3854 184 3917 modi
203 3874 270 3918 esse
289 3855 442 3933 dicuntur,
465 3853 622 3938 adaequari
641 3853 760 3917 minimo
778 3867 909 3939 possunt.
954 3855 1033 3920 Nam
1048 3867 1079 3918 et
1096 3856 1171 3920 lilius
1188 3856 1264 3941 ipse,

107 3978 172 4019 cum
200 3956 280 4019 blius
306 3956 430 4034 dicitur,
462 3978 520 4019 non
546 3975 656 4018 meram
678 3955 706 4016 id
733 3976 768 4018 ao
787 3957 878 4019 solam
900 3956 1123 4042 appellationem
1142 3978 1212 4043 prae
1231 3980 1265 4023 se

107 4061 186 4122 berre
206 4060 363 4143 putandum
387 4069 444 4122 est.
491 4055 640 4140 Quocirca
656 4078 721 4120 cum
739 4057 842 4121 uniens
859 4059 1017 4133 deintus,
1052 4069 1082 4121 ut
1099 4069 1130 4123 et
1146 4060 1265 4145 spiritus

107 4172 245 4239 sanctus,
270 4180 365 4245 neque
381 4181 486 4245 reapse
502 4182 560 4224 nou
574 4159 696 4239 existat,
721 4179 815 4242 neque
833 4161 908 4222 rtnda
926 4160 1121 4244 appellatione
1138 4162 1262 4241 dicatur,

108 4282 172 4325 cum
197 4264 287 4348 patris
309 4263 404 4346 gloria
427 4262 600 4327 coniunctus
618 4273 681 4343 est,
715 4282 810 4346 oeque
829 4283 895 4324 oum
911 4272 1076 4326 creatarum
1099 4284 1196 4329 rerum
1213 4286 1264 4352 ap·

108 4433 170 4494 quod
186 4434 210 4482 in
229 4435 376 4497 sequentibus
390 4435 509 4497 respondit
526 4437 670 4496 comparatio
740 4437 764 4488 5.
780 4436 825 4488 τοῦ
844 4432 898 4487 υἱοῦ
914 4435 966 4485 cod.
983 4435 1079 4498 ltbedtq.

109 4495 145 4564 pri
164 4501 243 4565 lttltlt
260 4500 427 4571 ἐνδεχομένης
444 4496 589 4568 ὀνομασίας·
738 4503 762 4557 6.
782 4501 960 4573 coaequiparat
976 4503 1027 4553 cod.
1046 4503 1142 4582 ltbedtp.
