3096 5070
379 298 517 351 aauaau
535 298 596 349 ura.
610 299 655 349 nu
672 297 755 350 rou.
772 297 792 347 r.
811 295 912 348 naua.
930 296 1053 349 uxxvr.
1231 285 1293 352 245

136 421 206 484 dunt
230 419 347 498 omnia,
382 429 412 482 et
437 417 712 482 ratiocinationibus
739 416 979 500 argumentisque
1007 416 1117 481 relictis
1143 438 1293 484 sacrarum

135 543 169 588 se
187 522 338 586 litcrnrum
357 521 524 585 auctoritati
547 520 771 605 sententiaeque
793 519 982 596 submittunt,
1015 540 1091 604 quac
1107 520 1182 583 istud
1200 523 1294 605 ipsum

134 625 320 712 pronuntiata
344 628 433 688 Nemo
450 627 632 705 nonr'tstb'unr
648 627 708 685 πίει·
715 634 817 704 poter.-
840 643 930 703 aeque
940 634 1051 703 patrem
1065 625 1232 703 aieistb'ne,
1262 635 1292 686 ct
1321 637 1407 686 Mane.

132 731 182 790 eui
200 729 379 789 revelaverit.
426 725 554 791 flevelot
580 736 677 788 autam
703 745 757 809 per
782 724 915 809 spiritum
939 734 1073 787 sarraliam
1099 746 1157 788 rann
1181 725 1219 788 iis
1245 724 1293 810 qui
1329 691 1409 747 Μ’

131 829 314 918 syllogismis
331 850 364 894 se
382 830 443 893 suis
462 840 492 892 ct
508 829 631 914 argutiis
648 826 897 912 comprehendere
915 826 1064 905 triumtur,
1098 828 1149 890 scd
1168 827 1204 890 iis
1221 828 1294 890 dun-

131 943 215 998 taxat
233 932 282 1018 qui
299 933 328 996 in
344 953 379 996 se
391 932 507 995 sincere
529 933 717 1016 peelccthnc
739 927 929 992 crediderint.
974 927 1053 992 Nanu
1072 950 1167 1015 neque
1184 933 1446 1005 lude‘criaeouanra.

130 1039 212 1098 allius
221 1039 406 1117 perscrutari
418 1034 547 1119 poteris,
572 1053 667 1117 nequa
685 1035 746 1092 nabe
766 1035 954 1111 abuesn'gurc,
980 1031 1055 1096 sicut
1074 1033 1290 1118 scriptumest,

130 1138 249 1202 tametsi
273 1137 401 1200 infinitas
424 1157 517 1222 trugas
544 1134 679 1213 cllutins,
716 1133 940 1213 omiscrrime,
974 1155 1010 1198 ac
1032 1135 1089 1199 mci
1112 1135 1216 1199 similis
1240 1135 1292 1198 luo·

131 1239 267 1305 munciol

216 1341 297 1406 delii
324 1338 419 1426 Caput
437 1336 525 1403 Vlll.
573 1336 607 1404 Si
632 1338 781 1422 ingenitus
804 1339 876 1402 daus
906 1339 1066 1422 generandi
1091 1339 1119 1403 vi
1142 1348 1221 1402 tolus
1246 1349 1293 1405 eat

133 1445 298 1531 praeditus,
331 1444 408 1528 quod
425 1445 556 1527 genitum
577 1451 641 1520 est,
676 1443 835 1505 secrtndmn
853 1453 988 1504 uauuram
1010 1463 1067 1505 non
1086 1453 1132 1506 est
1147 1443 1291 1526 genitum,

133 1567 199 1610 enm
219 1557 278 1610 tota
299 1547 360 1632 ipsa
382 1557 484 1609 tratura
504 1544 622 1608 insitum
641 1543 711 1607 ittuu
733 1543 840 1606 lrabeat
864 1555 893 1608 ut
911 1546 1030 1628 gignat,
1063 1565 1121 1606 non
1138 1555 1170 1607 ut
1187 1543 1291 1626 gignu-

133 1660 192 1712 tur.
244 1646 329 1732 Quod
359 1647 383 1712 si
411 1657 587 1711 comrtmtnta
613 1647 660 1709 dci
685 1645 814 1709 coartatio
839 1647 969 1727 genitum
997 1647 1130 1730 quiddam
1154 1658 1289 1726 coeatur,

133 1772 195 1814 nnn
216 1751 271 1815 erit
298 1750 503 1825 immutabilis,
534 1771 599 1812 cum
617 1747 646 1812 ei
660 1748 721 1833 ipsa
744 1750 864 1811 rutilatio
883 1749 931 1811 lilii
947 1750 1153 1834 proprietatem
1171 1749 1288 1813 efficiat.

132 1849 186 1918 Sin
205 1864 234 1916 et
250 1855 420 1917 mutationis
441 1864 488 1916 est
504 1873 630 1937 expers,
662 1861 693 1914 ct
708 1852 786 1913 omrai
803 1852 995 1934 genuerationc
1018 1852 1064 1914 dci
1084 1862 1187 1914 reaturo
1206 1871 1290 1936 prae·

131 1955 272 2034 stantior,
296 1956 372 2040 quod
396 1957 431 2018 de
455 1955 514 2018 filio
536 1955 697 2032 asseritur,
721 1955 783 2016 sola
806 1955 1000 2040 appellatione
1023 1955 1180 2018 cotrstnbit.

167 2095 169 2098 ⁴
214 2053 434 2123 (loulut.Vlll.
481 2055 551 2120 Non
574 2067 602 2119 tc
618 2058 729 2134 solnm,
761 2058 849 2135 aeti,
882 2059 933 2120 scd
950 2067 977 2120 ct
994 2061 1164 2119 decreticum
1181 2079 1286 2119 omnem
1300 2077 1441 2135 aalma&

124 2172 192 2244 port
202 2165 323 2243 pruinam
336 2165 538 2242 eorreptionem
556 2157 688 2222 devitarc
705 2160 844 2242 oportuit,
869 2181 909 2224 cx
925 2171 1028 2223 sarrcta
1045 2161 1091 2223 illa
1106 2159 1291 2246 sapientique

126 2263 212 2332 Pauli
232 2264 391 2330 scrutantis.
437 2263 501 2326 aas
519 2272 548 2325 te
566 2262 643 2324 cuim
661 2261 725 2347 ipso
743 2263 895 2327 damnatus
912 2262 1026 2326 tibimet
1042 2262 1185 2341 exitium,
1210 2262 1289 2326 uullo

126 2369 186 2433 alio
205 2377 348 2453 cogente,
380 2365 553 2429 consciscis.
600 2362 711 2448 Ecquis
728 2365 815 2449 igitur
831 2366 908 2430 illius
923 2365 1129 2443 miserebitur,
1163 2365 1211 2449 qui
1233 2366 1441 2444 aubimarqu

127 2475 187 2554 a‘per‘
205 2473 314 2543 melus,
349 2474 457 2532 nemaba'
474 2471 562 2529 alteri
584 2468 673 2529 bonne
688 2475 754 2530 ert?
798 2466 857 2532 Sed
878 2490 915 2532 nc
929 2469 1054 2554 pessima
1071 2469 1119 2531 illa
1138 2468 1286 2552 dogmata,

128 2593 203 2659 quae
224 2573 378 2636 inmundo
401 2582 430 2633 te
448 2580 568 2634 auctore
588 2570 782 2653 pullularunt,
807 2572 990 2656 magnificum
1006 2571 1139 2654 quiddam
1161 2580 1191 2632 et
1209 2571 1288 2632 ciras-

129 2672 206 2739 modi
223 2693 291 2738 esso
306 2694 429 2737 censeas
447 2683 477 2736 ut
494 2671 611 2736 veritati
629 2673 832 2736 contradicere
855 2676 985 2759 possint,
1010 2675 1039 2737 iu
1057 2674 1112 2737 lanc
1127 2673 1218 2757 ipsum
1238 2693 1288 2756 pa·

130 2777 213 2840 tienti
230 2776 430 2840 incumbemus
445 2775 541 2838 auimo
559 2786 591 2838 ut
602 2780 723 2857 uraca’pr‘n'
730 2779 841 2857 gladio,
866 2782 918 2838 doc
931 2789 974 2838 cst
989 2776 1202 2853 Cbrt'sn'ccrdo,
1226 2775 1285 2860 spi·
1298 2795 1439 2854 uolunta

130 2899 219 2942 erosas
237 2889 301 2942 tuas
318 2879 431 2942 radices
447 2879 631 2956 excidamus,
655 2899 689 2940 ac
705 2878 851 2941 salubrem
870 2882 1026 2964 perlectam
1042 2898 1077 2942 ac
1091 2879 1236 2942 sinceram
1255 2877 1287 2940 ll·

130 2981 176 3044 dci
192 2981 408 3045 contessionem
427 3001 619 3067 opponamus.
665 2977 793 3061 Magnas
817 2982 913 3066 itaque
935 2981 1117 3045 misericordi
1143 2981 1198 3043 deo
1219 3000 1287 3064 gra-

129 3080 187 3148 tias
205 3101 295 3168 agere
317 3083 474 3162 debemus,
505 3083 553 3167 qui
579 3082 741 3148 cuiusmodi
764 3084 806 3145 sis
829 3084 959 3147 indicare
985 3084 1069 3146 uobis
1094 3084 1205 3159 voluit,
1240 3093 1284 3160 tn,

127 3185 262 3272 inquom,
285 3186 333 3270 qni
352 3183 441 3250 budae
460 3186 555 3250 locum
573 3185 726 3270 vicemque
744 3187 892 3263 sustines,
917 3188 965 3271 qni
982 3207 1047 3249 cnm
1066 3186 1143 3249 inter
1159 3185 1285 3270 discipu·

128 3288 174 3353 los
204 3299 391 3367 necteretur,
428 3290 464 3353 ab
488 3311 588 3353 eornm
619 3310 740 3352 trrrmcro
767 3300 942 3370 segregatus
972 3298 1035 3364 est,
1071 3292 1146 3373 quod
1172 3285 1285 3352 Clmisti

130 3401 228 3455 mcutc
243 3411 424 3477 nequaquam
443 3393 591 3476 praeditus
608 3390 767 3456 eSatanne
786 3391 882 3455 alilatu
902 3391 1041 3454 anulariam
1059 3392 1134 3454 illam
1152 3389 1285 3453 eittrandi

129 3492 176 3556 dei
191 3492 369 3558 volunlatem
392 3496 554 3580 expressit.
603 3493 645 3557 ltn
670 3506 700 3557 ct
718 3504 749 3557 tu
770 3495 869 3557 cartis
895 3506 981 3559 tenus
1005 3493 1091 3556 lulium
1112 3493 1158 3556 dci
1176 3492 1284 3554 babccc

127 3605 157 3659 te
171 3595 200 3659 iu
215 3597 313 3659 antimo
330 3597 487 3680 prolatoris.
533 3596 610 3680 Qttid
627 3608 723 3661 autem
748 3597 878 3682 plunibus
904 3609 998 3661 tecum
1015 3595 1141 3678 colloqui
1160 3613 1285 3656 rrrccsso

126 3709 191 3777 est,
216 3721 281 3764 cum
301 3700 344 3762 sis
359 3699 395 3762 ab
411 3699 488 3763 ourani
507 3710 593 3760 coctu
612 3695 849 3762 Christianorum
868 3700 1001 3776 alienus,
1034 3697 1182 3783 prophetis
1200 3695 1284 3758 rainari-

126 3821 206 3880 rum,
231 3801 391 3885 apostolis,
416 3799 624 3883 evangelistis,
656 3801 851 3884 martyribus,
882 3802 991 3866 ceteris
1008 3801 1133 3884 denique
1152 3798 1285 3861 sanctis?

126 3900 184 3987 Qui
207 3914 236 3967 te
252 3912 388 3965 extremo
405 3902 454 3964 illo
478 3900 577 3964 iudicii
594 3900 641 3961 dic
665 3899 757 3982 palam
781 3903 976 3985 redarguent,
1009 3904 1084 3988 quod
1105 3903 1140 3965 ad
1160 3910 1282 3964 mortem

125 4003 218 4089 nsque
248 4001 453 4087 quaestiones,
488 4002 619 4086 flagella,
650 4001 800 4080 laedones,
835 4004 964 4085 bestias,
998 4005 1098 4088 ignes,
1134 4015 1283 4088 postremo

125 4105 252 4189 gladium
267 4103 479 4185 sustinuerint,
511 4116 541 4168 ut
557 4125 593 4191 pe
607 4105 653 4168 dei
671 4105 777 4183 lilium,
811 4116 841 4168 et
858 4106 893 4168 ab
911 4107 976 4192 ipso
997 4127 1101 4170 reuera
1122 4106 1282 4191 proceden-

127 4217 184 4270 tem
204 4207 397 4289 abncgarcut.
443 4206 532 4273 Pater
556 4208 633 4272 enim
658 4230 747 4272 uuum
773 4209 917 4271 duntaxat
942 4209 1048 4288 lilium,
1081 4230 1138 4271 raon
1158 4208 1281 4272 alterurn

125 4309 162 4372 ab
178 4329 215 4371 eo
232 4320 327 4394 potest
343 4310 485 4395 gignere,
511 4311 585 4374 idem
603 4323 634 4375 et
648 4313 781 4397 spiritura
801 4321 952 4389 sanctum,
978 4333 1035 4374 raon
1054 4311 1175 4376 alterum
1193 4311 1229 4374 ab
1245 4333 1282 4376 eo

125 4409 258 4496 spiritum
274 4425 376 4498 suapte
392 4414 439 4494 vi,
462 4424 549 4499 atquc
563 4435 601 4479 ex
617 4436 685 4479 sese
701 4415 850 4500 produxit.
896 4416 938 4479 at
955 4435 1055 4485 corum
1072 4436 1147 4499 quae
1163 4414 1199 4477 ab
1217 4413 1281 4509 ipso

158 4545 182 4600 3.
201 4541 292 4619 ἀγαθῷ
310 4550 362 4600 cod.
379 4551 477 4617 dbedtq.
