3096 5070
344 285 481 338 rnuanu
499 285 564 337 crs.
576 286 621 336 ιιι.
636 285 720 339 nou.
737 286 769 336 ιι.
788 283 886 336 ussa.
902 283 1033 336 uxxvu.
1201 269 1264 337 ast

107 407 144 473 ab
166 407 216 472 illo
233 417 370 492 suscepta
393 427 430 470 co
450 427 469 471 a
486 426 532 469 me
549 405 694 490 disputata
716 415 802 482 suut,
835 425 872 467 ne
891 404 936 467 cui
956 405 1072 467 sentiret
1088 402 1117 467 in
1136 413 1263 468 mentem

107 533 211 599 proco
234 510 309 595 quod
329 510 489 594 perfectam
507 528 626 571 carnem
643 506 770 570 induerit
790 526 825 570 ea
842 507 905 588 ipsa
921 526 1036 589 qnoque
1053 527 1128 588 quae
1147 506 1182 568 ad
1200 526 1265 568 car·

107 637 174 680 nem
197 612 345 700 pertinent
370 611 498 674 absurda
523 598 771 693 abhorrentiaque
798 608 993 693 praestitisse.
1046 605 1144 671 Nemo
1172 608 1264 687 enim,

107 719 155 803 qni
173 716 289 801 quidem
309 713 449 796 religiose
466 713 502 775 de
519 712 569 775 illa
585 711 712 789 sentiat,
749 711 785 773 de
800 732 837 775 eo
856 708 999 774 eiusmodi
1015 709 1150 792 quiddam
1168 709 1265 772 animo

107 819 273 903 concipiat,
305 826 355 879 ant
371 815 472 878 verbis
489 814 646 898 exprimat.
692 809 778 895 Quod
793 813 820 876 si
838 834 924 875 nemo
944 811 1054 894 estqui
1072 810 1178 874 rationi
1195 833 1266 875 con·

108 922 199 987 traria
216 931 247 983 et
264 918 391 982 absurda
409 916 458 978 illa
481 914 580 979 caruis
604 915 696 978 officia
716 915 899 999 praestitisse
924 913 1004 979 illum
1027 914 1195 991 existimet,
1229 933 1267 979 ue

108 1044 143 1088 ca
160 1022 275 1106 quidem
293 1038 399 1102 quaca
418 1029 516 1082 mente
535 1017 761 1103 proficiscuntur
782 1017 894 1080 absona
917 1026 947 1079 et
965 1016 1152 1080 abhorrentia
1170 1017 1268 1100 perle-

108 1125 188 1189 cisae
211 1121 355 1208 putandus
375 1131 432 1184 est.
479 1118 540 1183 lam
565 1141 638 1184 vcro
661 1120 707 1182 dei
731 1119 853 1183 verbum
872 1121 1003 1205 perfecte
1026 1119 1173 1182 homiuem
1198 1138 1267 1182 esse

110 1228 216 1290 factum
243 1244 329 1287 nemo
353 1244 411 1285 noo
438 1221 586 1306 inteiligit.
633 1217 708 1286 Cum
731 1233 826 1285 autem
851 1225 1010 1306 perfectum
1037 1221 1177 1300 dicimus,
1208 1241 1268 1284 non

110 1328 184 1390 duos
204 1326 313 1389 idcireo
331 1321 468 1390 Christos
482 1323 661 1401 asserimus,
687 1323 734 1386 vel
751 1325 825 1387 duos
845 1345 931 1405 reges
947 1325 992 1386 dei
1011 1325 1103 1402 filios,
1127 1325 1180 1387 sed
1196 1342 1269 1387 cun·

111 1430 175 1493 dcrn
192 1429 289 1506 deum,
314 1439 343 1490 et
360 1429 484 1491 eundem
501 1427 666 1506 hominem3
691 1447 750 1489 non
767 1426 833 1489 ideo
850 1427 926 1510 qnod
942 1425 1079 1490 habitarit
1093 1428 1122 1489 in
1137 1427 1266 1505 homine,

111 1532 162 1595 sed
179 1531 254 1615 quod
270 1529 333 1615 ipse
351 1541 428 1593 totus
449 1529 536 1592 homo
550 1529 589 1592 sit
605 1530 711 1592 factus.
757 1527 863 1613 Neque
883 1550 972 1613 porro
990 1549 1102 1592 merum
1120 1529 1200 1592 illum
1218 1529 1269 1591 ho-

112 1634 218 1697 miuem
244 1631 451 1717 progressione
473 1633 595 1715 quadam
623 1632 658 1694 ad
677 1629 839 1693 divinitatis
865 1632 1062 1695 conditionem
1086 1631 1269 1717 processisse

111 1736 276 1813 credimus,
312 1735 363 1797 sed
381 1734 465 1796 deum
482 1754 499 1796 c
515 1734 598 1797 coelo
616 1732 764 1816 delapsum
781 1754 834 1817 pro
851 1732 1012 1798 divinitatis
1030 1755 1102 1798 suae
1122 1733 1265 1816 potentia,

111 1860 194 1904 suam
214 1836 270 1901 sibi
286 1836 412 1900 hominis
427 1835 576 1899 effinxisse
594 1846 739 1899 naturam.
788 1833 819 1898 ld
839 1835 915 1918 quod
932 1836 1095 1920 scriptume
1113 1837 1162 1899 illa
1178 1835 1270 1907 verlra

112 1942 279 2018 declarant,
314 1940 516 2001 Verlumrorc
530 1939 638 2020 foetam
656 1949 709 2000 est.
757 1934 841 2020 Quae
858 1936 968 2000 idcirco
986 1939 1027 2001 ita
1043 1948 1184 2023 concepta
1201 1948 1423 2003 sunum-rur.

114 2063 152 2106 ne
173 2040 315 2127 quispiam
338 2040 394 2105 silri
417 2041 491 2103 forte
513 2041 703 2125 persuaderet
729 2039 852 2125 primum
880 2039 1026 2103 hominem
1051 2040 1206 2118 extitisse,
1239 2039 1270 2103 iu

115 2165 237 2229 cumque
266 2154 368 2229 postea
388 2141 532 2205 infudisse
556 2163 589 2205 se
614 2138 776 2206 Christum.
823 2138 870 2206 0b
892 2141 920 2204 id
944 2142 1065 2206 verbnm
1089 2143 1183 2227 primo
1204 2141 1270 2207 loen

113 2256 334 2310 sacrosanctum
360 2244 545 2328 evangelium
570 2245 683 2327 posuit,
713 2245 817 2308 deinde
841 2242 908 2327 quid
928 2245 964 2306 de
981 2265 1071 2307 carue
1087 2247 1273 2328 profiteretur

113 2348 257 2412 subiecit:
294 2349 427 2420 Verbum,
460 2346 569 2430 iuquit,
599 2369 667 2408 earo
681 2348 789 2430 [nomm
807 2357 859 2407 ert.
905 2343 975 2409 Non
1000 2346 1075 2409 dixit
1098 2342 1178 2409 Caro
1205 2367 1272 2411 vcr-

113 2450 180 2514 bum
200 2461 247 2514 est
263 2452 356 2526 facta,
381 2469 438 2533 quo
455 2449 588 2513 nimirum
607 2449 730 2513 verbnm
745 2448 877 2534 inprimis
897 2449 1070 2512 ostenderet
1083 2449 1273 2513 descendisse

114 2554 273 2630 derceio,
308 2551 421 2635 sibique
442 2571 560 2613 carnem
587 2570 707 2613 esacro
732 2551 856 2634 virginis
879 2561 963 2614 utero
987 2553 1149 2628 formasse,
1185 2561 1272 2633 atque

115 2675 230 2718 omnem
253 2653 283 2716 in
305 2673 372 2716 sese
397 2654 528 2738 perfecte
551 2664 683 2716 naturam
706 2652 831 2718 hominis
850 2653 1048 2738 expressisse.
1094 2648 1170 2717 Cum
1195 2653 1273 2717 cuitu

115 2756 155 2819 ita
172 2753 317 2837 loquitur,
343 2757 464 2817 Verbum
480 2777 548 2816 coro
570 2757 679 2837 fortuna
695 2740 752 2831 eal,
787 2778 845 2819 non
862 2756 931 2819 illud
947 2755 1073 2834 indicat,
1106 2755 1227 2820 verbum
1244 2755 1274 2818 in

116 2876 235 2920 caruem
253 2855 344 2920 fuisse
360 2878 553 2936 conversum,
585 2867 637 2920 aut
651 2859 681 2921 iu
698 2877 762 2922 eam
779 2859 899 2921 omuino
914 2858 1087 2938 transiisse,
1120 2859 1184 2923 sive
1201 2858 1274 2921 divi-

116 2959 236 3021 nitatem
253 2957 284 3021 iu
300 2979 417 3022 carncrn
433 2980 500 3024 esse
517 2971 670 3039 mutatam,
694 2980 796 3025 verum
815 2982 881 3024 curu
897 2959 1050 3023 divinitate
1066 2960 1188 3025 verbum
1206 2981 1273 3046 prc-

117 3061 208 3144 priam
231 3058 356 3125 honrinis
378 3062 574 3147 assumpsisse
597 3073 743 3126 naturam.

202 3161 370 3247 Quinetiam
380 3167 566 3246 praemebat,
598 3165 710 3248 inquit,
734 3169 814 3227 Iesus
832 3174 924 3226 aetate
937 3186 972 3226 oe
985 3169 1133 3245 sapientia.
1181 3167 1274 3250 Atqui
1320 3174 1382 3292 copi

117 3265 142 3330 si
163 3265 287 3328 humana
311 3277 409 3329 mente
432 3279 565 3346 careret,
597 3269 759 3353 procedere
784 3264 834 3350 qui
856 3266 968 3350 potuit?
1003 3279 1072 3330 uta
1095 3268 1180 3333 nobis
1205 3243 1420 3364 autegffffql'p

118 3368 293 3453 disputatum
311 3377 368 3430 cst.
414 3364 471 3433 Cui
488 3380 518 3433 et
534 3380 654 3434 sanctus
672 3370 718 3433 dei
740 3369 880 3454 propheta
898 3367 1005 3433 Esaias
1022 3370 1215 3456 adstipulatur
1231 3370 1276 3433 his

119 3469 238 3532 verbis:
263 3472 338 3530 Ecce
352 3473 493 3550 rirfellc'get
505 3493 603 3532 senous
618 3493 695 3533 meas
707 3476 843 3545 dilectus,
869 3477 898 3533 fn
913 3494 968 3553 quo
984 3475 1057 3533 mr'frr'
1063 3477 1172 3553 placui.
1219 3470 1275 3536 Ubi
1292 3489 1356 3538 Βιιι.
1365 3492 1398 3546 aa,
1411 3492 1428 3533 1.

119 3592 179 3633 vox
199 3570 248 3634 illa
272 3573 453 3651 rnoeflr'gcndi
472 3572 508 3635 ad
528 3574 686 3655 perfectam
712 3573 836 3637 hominis
862 3584 995 3637 naturam
1020 3577 1160 3639 refertur.
1206 3572 1276 3638 Non

119 3673 196 3736 enim
217 3672 382 3757 intelligere
405 3673 555 3757 quisquam
575 3682 689 3756 potest,
721 3675 778 3738 nisi
804 3685 901 3739 mente
921 3677 959 3739 sit
977 3677 1143 3763 praeditus,
1175 3678 1277 3740 necin

119 3774 271 3838 divinitate
294 3783 391 3860 potest
416 3775 492 3838 istud
517 3774 643 3858 impleri.
690 3772 837 3858 Quoniam
858 3798 914 3841 nec
937 3778 1132 3862 intelligentia
1150 3777 1275 3862 indiget,

118 3899 193 3964 quae
209 3877 273 3962 ipsa
288 3897 341 3962 per
354 3898 422 3941 sese
435 3877 474 3940 sit
486 3876 697 3961 intelligentia,
721 3898 815 3962 neque
831 3880 974 3964 sapientia
990 3902 1064 3964 opus
1079 3881 1178 3958 habet,
1202 3902 1277 3964 quae

119 3993 165 4046 est
181 3983 245 4067 ipsa
263 3978 419 4064 sapientia.
466 3977 550 4045 Unde
574 3978 755 4062 intelligendi
772 3980 945 4045 vocabulum
964 3984 998 4046 ad
1020 3982 1172 4046 humanam
1195 4003 1277 4046 mcu-

120 4095 178 4147 tem
195 4083 367 4147 necessario
382 4081 522 4168 pertinet.
567 4079 727 4145 Praeterea
746 4081 814 4144 volo
833 4082 901 4146 illud
922 4083 991 4146 milri
1009 4083 1107 4162 dicas,
1140 4085 1278 4169 quemad·

120 4186 236 4249 modum
252 4185 367 4250 esurire
383 4184 521 4270 potuerit.
567 4182 645 4248 Nam
663 4183 689 4247 si
703 4184 775 4248 nihil
792 4196 910 4269 practer
927 4206 1045 4249 caruem
1065 4187 1181 4266 habuit,
1207 4209 1279 4271 qno·
1320 4220 1323 4225 ·

121 4289 206 4349 niodo
226 4288 312 4352 famis
328 4287 478 4351 recordari
493 4287 606 4372 potuit?
635 4299 685 4351 aut
701 4287 726 4350 si
746 4309 786 4351 ex
806 4288 903 4352 anima
921 4287 985 4351 sola
1002 4299 1151 4354 constaret
1167 4300 1280 4354 etcor-

121 4408 213 4471 pcre,
244 4390 285 4453 ita
301 4401 333 4454 ut
350 4390 488 4454 facultate
506 4388 556 4453 illa
578 4400 693 4454 careret
707 4390 820 4467 anima,
853 4410 926 4475 quae
944 4391 1057 4455 ratione
1072 4391 1203 4477 praedita
1219 4403 1277 4471 est,

122 4490 177 4554 hoc
200 4502 246 4554 est
260 4493 377 4577 propria
400 4504 497 4557 mente
512 4491 638 4556 hominis
656 4502 687 4556 ct
709 4493 899 4578 intelligentia
917 4496 989 4579 (quo
1013 4495 1128 4559 nomine
1154 4516 1213 4560 nou
1229 4497 1279 4560 dc·

998 4614 1075 4680 25*
