3096 5070
380 305 519 358 ranamr
533 295 599 358 aas.
612 305 657 360 nr.
675 306 757 360 rona.
772 307 792 358 1.
811 304 913 358 nana.
929 304 1050 358 nxxvr.
1225 295 1288 361 ²57

137 426 250 513 quidem
273 426 310 490 ad
334 436 467 490 naturam
491 426 613 506 attinet,
643 447 701 490 nou
725 426 847 512 amplius
865 435 999 512 generat.
1044 421 1086 489 Ut
1104 446 1144 490 ex
1158 446 1195 491 co
1212 429 1290 512 quod

137 529 206 594 nibil
222 529 285 613 ipse
301 539 404 593 natura
420 528 641 612 substantiaque
655 530 766 614 gignat,
790 540 874 613 pater
889 549 963 592 vero
978 549 996 591 a
1011 527 1090 591 nullo
1106 528 1146 591 ait
1159 529 1288 612 genitus,

137 630 252 696 divinae
269 630 464 717 amplitudinis
480 629 572 715 gloria
589 629 620 695 in
635 652 693 695 uua
709 653 745 695 ae
761 631 902 714 singulari
920 630 965 693 dei
980 630 1121 714 dignitate
1139 642 1288 710 serretur,

135 735 226 821 patris
253 733 390 798 videlicet
415 732 556 818 perlecti,
590 733 713 819 perlecti
735 733 801 811 filii,
832 754 866 797 ac
891 734 1012 818 perfecti
1037 732 1157 817 spiritns
1181 734 1288 797 sancti.

136 834 221 920 Quae
245 836 375 900 comita
403 833 479 912 siut,
510 835 573 921 ipsa
598 834 857 900 consubstantialis
883 836 958 899 natio
984 834 1058 899 lalsa
1073 855 1113 899 ex
1137 835 1291 921 scripturis

135 938 250 1004 ostendi
269 938 512 1021 minuspotest,
546 958 641 1022 neque
662 939 707 1025 pia
725 960 760 1002 ac
782 936 919 1023 religiosa
940 958 1023 1001 mens
1041 937 1195 1022 repudiare
1213 936 1293 1001 velut

136 1040 289 1104 confictam
305 1049 412 1124 potest,
438 1039 512 1123 quod
530 1039 566 1103 de
583 1051 666 1125 patre
679 1061 714 1104 ac
731 1041 790 1103 lilio
804 1050 963 1125 sanctoque
977 1039 1082 1126 spiritu
1097 1039 1144 1125 pie
1160 1040 1293 1104 instituta

137 1141 242 1220 luerit,
274 1142 453 1225 eandemque
476 1141 626 1206 celebrare
644 1153 675 1206 et
691 1143 815 1206 adorare
837 1162 925 1226 posse
947 1142 1107 1206 trinitatem
1132 1142 1231 1206 divino
1254 1142 1293 1206 sit

140 1243 284 1308 beneficio
306 1255 477 1308 consecuta.

221 1347 302 1410 Aetli
329 1341 424 1429 Caput
444 1342 519 1409 Xll.
576 1343 610 1411 Si
637 1346 762 1432 ingeniti
792 1367 850 1411 ros
880 1346 927 1409 dei
949 1345 1142 1410 substantiam
1174 1345 1291 1411 minime

137 1447 298 1533 significat,
322 1448 373 1512 sed
391 1447 616 1532 incomparabile
634 1449 710 1513 istud
730 1470 836 1513 nomeu
854 1449 890 1512 ab
907 1448 1040 1513 humanis
1057 1449 1185 1534 ingeniis
1201 1470 1292 1514 exco-

137 1551 255 1635 gitatum
272 1561 333 1630 eat,
358 1553 430 1615 dens
445 1552 482 1615 ob
500 1551 570 1615 illud
587 1551 681 1636 ipsum
700 1551 822 1636 ingeniti
841 1563 1035 1616 commentum
1056 1552 1093 1616 iis
1108 1553 1157 1636 qui
1174 1572 1293 1637 repere·

138 1653 196 1716 rint
211 1654 323 1737 gratiae
337 1653 524 1732 debitorem,
545 1675 609 1718 cum
626 1664 707 1718 tanto
720 1653 831 1718 nomini
847 1654 1071 1739 respondentem
1087 1655 1293 1719 excellentiam

138 1755 169 1817 in
191 1755 320 1819 essentia
343 1777 396 1820 sna
420 1777 477 1820 nou
501 1755 617 1820 babeat.

137 1856 139 1858 ’
223 1853 345 1922 Coulnt.
370 1854 444 1921 Xll.
500 1854 626 1942 lngeniti
652 1880 731 1938 vox,
766 1869 797 1921 ut
824 1858 967 1922 adversus
996 1858 1115 1922 Attium
1142 1859 1294 1925 contendi·

139 1982 220 2037 mus,
253 1981 308 2024 nec
325 1959 448 2023 inficiari
465 1980 636 2046 possumus,
669 1960 784 2024 tametsi
802 1959 831 2022 in
851 1961 943 2023 raons
961 1959 1054 2024 literis
1071 1961 1189 2025 minime
1209 1982 1294 2047 repe·

139 2062 248 2142 riatur,
272 2061 319 2148 pie
335 2070 431 2124 tamen
449 2071 494 2125 est
511 2062 690 2150 excogitata.
736 2060 818 2147 Ergo
842 2062 1002 2147 ingenitum
1029 2073 1141 2146 patrem
1168 2064 1296 2148 appella·

139 2186 204 2229 mus
220 2186 254 2229 ac
271 2164 456 2242 confitemur,
477 2165 605 2248 genitum
622 2185 694 2228 vero
711 2165 799 2228 lilium
813 2164 986 2241 asserimus,
1011 2175 1042 2227 et
1056 2175 1187 2228 creatum
1204 2165 1295 2230 luisse

137 2287 291 2351 negamus.
337 2264 415 2330 Nam
442 2287 507 2329 eom
540 2266 626 2329 lilium
651 2265 781 2351 genitum
805 2287 874 2331 ease
899 2265 1158 2345 constituerimus,
1190 2266 1295 2351 quina

140 2370 195 2433 deo
213 2380 295 2455 patre
314 2367 506 2435 substantiam
524 2369 670 2454 occeperit
693 2390 802 2454 negare
821 2391 879 2432 non
896 2388 1062 2454 possumus.
1107 2365 1185 2431 Nam
1205 2389 1295 2452 gene·

139 2473 254 2536 ratione
278 2470 373 2557 ipsum
397 2470 552 2554 produxit,
586 2492 645 2533 non
671 2472 794 2536 creavit.
840 2472 887 2534 Ac
908 2481 938 2534 tu
957 2491 1110 2557 perperam
1130 2480 1161 2533 et
1179 2469 1297 2555 oblique

140 2574 269 2659 genitum
287 2573 403 2637 illudet
421 2571 583 2657 ingenitum
604 2572 768 2658 accipiens,
799 2573 974 2658 detorquere
992 2573 1176 2658 temetipsum
1194 2574 1296 2638 studes

140 2675 347 2759 (nequeenim
364 2673 611 2759 quicquamaliud
630 2675 750 2758 efficis),
783 2686 842 2740 tum
862 2676 897 2739 de
917 2676 1049 2740 humanis
1067 2674 1298 2739 ratiocinationi·

142 2776 196 2840 bns
215 2787 246 2839 et
263 2787 366 2861 arguta
384 2776 601 2863 oppugnatione
617 2778 869 2864 disputationequc
885 2788 953 2857 tua,
984 2778 1039 2843 boo
1056 2788 1103 2842 est
1120 2777 1156 2841 de
1174 2777 1299 2841 bumana

143 2877 284 2957 stultitia,
308 2880 459 2943 commode
475 2880 544 2944 illud
561 2901 578 2943 e
594 2880 688 2944 sacris
705 2880 798 2944 literis
815 2881 956 2945 exaudire
972 2891 1073 2966 potes:
1106 2885 1238 2963 Prompta
1254 2893 1426 2954 ateana

144 2983 264 3042 domairr'r
277 3001 353 3044 mens
365 2987 395 3044 air
410 2985 485 3044 mola
497 2987 659 3064 rinpensr'us,
684 2987 738 3045 sirm
753 2987 818 3046 riade
831 2985 868 3045 ud
882 2988 1081 3046 adolescentie.
1115 2980 1183 3048 Nos
1199 2994 1296 3048 aulem

146 3092 176 3145 et
190 3082 259 3146 illud
283 3094 384 3147 contra
401 3095 430 3147 te
446 3084 544 3148 dicere
563 3105 733 3170 possumus,
767 3085 858 3150 multo
880 3086 908 3149 id
925 3086 1058 3151 increato
1080 3086 1136 3149 deo
1152 3085 1300 3172 indignius

146 3197 176 3250 et
190 3185 372 3251 indecentius
389 3206 473 3264 esse,
506 3207 609 3252 creare
635 3187 770 3273 quicquid
788 3199 835 3252 est
856 3187 1022 3268 conditum,
1053 3201 1104 3254 ant
1120 3189 1169 3275 qui
1185 3210 1202 3251 a
1222 3188 1301 3253 nullo

147 3290 242 3353 iactus
259 3298 306 3351 est
321 3289 431 3352 lacere.
477 3286 594 3353 Etenim
616 3288 660 3371 si,
692 3290 767 3375 qnod
788 3291 893 3355 Aetius
909 3292 1036 3370 asserit,
1070 3290 1232 3376 ingenitum
1249 3310 1301 3374 ge·

148 3410 253 3455 nerare
271 3409 452 3475 nequaquam
466 3390 562 3472 decet,
586 3412 772 3478 consequens
791 3404 836 3457 est
852 3414 907 3457 neo
923 3393 1085 3457 increatum
1099 3413 1202 3457 creare
1220 3392 1301 3476 quio·

149 3513 247 3577 qnam,
271 3512 366 3576 neque
382 3493 430 3576 qui
446 3492 557 3557 anullo
570 3495 663 3559 lactus
679 3507 736 3574 cst,
760 3516 833 3580 quae
849 3507 932 3560 erant
947 3495 1099 3560 condenda
1114 3513 1300 3580 procreasse.

151 3591 299 3677 Quocirca
317 3614 382 3657 cnm
398 3605 514 3658 creatae
531 3615 580 3659 res
594 3595 688 3660 oculis
706 3597 914 3677 subiiciantur,
945 3618 980 3661 ac
996 3597 1071 3662 bona
1092 3616 1161 3682 pars
1178 3606 1302 3659 naturae

150 3694 338 3761 subsistentis
354 3706 505 3780 appareat,
528 3717 583 3760 nec
599 3697 668 3761 illud
685 3698 798 3777 deceat,
821 3699 970 3763 increatus
990 3711 1020 3763 ut
1036 3699 1114 3762 illam
1131 3698 1203 3762 dens
1221 3717 1305 3761 crea·

151 3799 246 3878 verit,
278 3819 316 3862 ue
330 3798 356 3862 si
370 3797 598 3884 incomparabile
613 3798 683 3861 illud
697 3801 733 3861 ad
750 3820 851 3864 eornm
866 3822 940 3884 qnae
958 3802 1034 3864 lacta
1053 3810 1123 3865 sunt
1138 3798 1304 3864 mutabilem

152 3902 350 3968 conditionem
372 3900 543 3979 obiiciatur,
575 3921 633 3963 non
654 3902 738 3963 modo
761 3922 819 3964 non
841 3901 979 3966 decorum
1000 3903 1055 3982 sit,
1088 3903 1139 3967 sed
1159 3900 1306 3987 exipsius

153 4006 233 4071 Anii
255 4003 403 4070 sententia
423 4002 469 4066 vel
490 4002 619 4066 maxime
636 4001 791 4082 dedeceat,
823 4023 860 4066 eo
877 4024 926 4067 res
942 4004 1058 4068 tandem
1074 4003 1245 4082 adducitur,
1275 4014 1309 4068 nt

155 4109 229 4173 alter
244 4109 316 4172 dous
334 4107 498 4182 increatus,
530 4106 606 4169 alter
620 4114 755 4182 oreatus,
788 4105 836 4188 qui
855 4105 952 4168 adsui
970 4105 1186 4169 similitudinem
1204 4124 1307 4169 creare

157 4219 254 4272 cetera
272 4208 381 4293 possit,
411 4208 594 4292 quaerendus
611 4206 716 4271 merito
733 4206 879 4270 videntur.
926 4204 988 4270 lam
1005 4227 1079 4270 vero
1097 4228 1161 4271 oum
1181 4207 1228 4270 bio
1246 4207 1308 4292 ipse

158 4320 273 4374 creatus
297 4310 416 4373 denset
439 4311 557 4374 creandi
574 4319 717 4395 potestate
739 4309 888 4394 praeditus
907 4331 925 4373 a
945 4329 980 4373 se
995 4307 1061 4394 ipso
1082 4329 1140 4373 nou
1161 4306 1307 4388 extiterit,

159 4410 340 4476 sedarentur
354 4421 498 4497 ponatur,
528 4412 711 4498 quaerendus
736 4411 841 4475 iterum
864 4410 939 4475 alter
961 4410 1011 4474 ille
1030 4410 1118 4475 luerit
1137 4431 1154 4474 a
1170 4430 1229 4496 quo
1245 4421 1311 4476 tan·

159 4535 245 4598 quam
262 4535 280 4578 a
298 4513 441 4602 principio
463 4517 612 4600 protectus
631 4512 686 4594 sit,
718 4512 822 4579 deinde
837 4513 925 4578 etiam
940 4512 1015 4580 alius
1031 4524 1096 4601 post
1108 4514 1204 4600 ipsum
1220 4532 1310 4579 cxco-

210 4631 300 4689 corpo·
311 4631 445 4679 ttaarauot
455 4629 485 4675 11.
497 4633 518 4675 t.
1069 4639 1109 4700 ῃ
