3096 5070
624 39 710 159 Ψ

605 305 925 359 unacuraaunuosrs
1275 293 1338 359 569

190 427 244 493 bus
269 427 419 512 puerulum
444 425 625 489 confodiunt.
671 423 802 510 Fingunt
824 425 961 511 Pepuzae
980 424 1130 491 Christum
1157 425 1224 490 olim
1244 423 1339 508 Quin-

189 530 268 595 tillae
292 541 343 592 ant
361 526 513 592 Priscillae
537 528 691 592 vidcndnm
710 529 933 613 repraebnisse
952 530 1085 593 muliebri
1110 529 1227 613 specie,
1254 537 1340 592 vetus
1428 614 1432 619 η

190 636 225 697 ac
246 654 354 696 novum
376 642 578 697 testamentum
602 631 757 708 adhibent,
777 632 828 697 ,ita
852 642 949 695 tamen
968 643 1001 696 ιιι
1020 633 1157 717 pleraque
1180 652 1232 716 pro
1250 628 1341 696 animi

190 735 310 800 libidine
332 744 521 798 commutent.

275 837 638 914 Tessarescaedecatitae,
671 837 718 919 qni
744 846 819 899 stato
839 837 908 900 anni
925 838 971 900 dic
991 835 1284 913 Pascha·celebrsnt,
1309 843 1340 898 ιιι

190 961 401 1026 quamcumque
415 940 444 1002 in
458 940 532 1002 diem
550 935 638 1002 XlV.
657 940 743 1003 lunae
759 939 934 1017 incurrerit,
958 941 1023 1003 sire
1039 940 1189 1005 sabbatum
1207 937 1271 1003 sive
1288 937 1340 1000 do-

190 1045 296 1108 minica
319 1042 425 1119 luerit,
451 1063 485 1105 oa
508 1041 555 1105 dic
577 1041 708 1105 ieinoeut
729 1063 763 1104 ac
787 1041 939 1127 pervigilia
961 1043 1123 1107 celebrent.

276 1248 362 1330 Alogi
379 1269 397 1312 a
416 1247 500 1310 uobis
517 1247 557 1311 ite
577 1246 737 1325 nominati,
769 1248 816 1331 qui
834 1246 954 1312 loannis
971 1248 1154 1332 evangelium
1177 1269 1212 1312 ac
1228 1242 1339 1329 Λόγον,

191 1352 247 1416 boc
271 1363 315 1415 est
334 1351 455 1414 verbum
479 1350 562 1413 deum
583 1372 600 1412 a
620 1360 703 1433 patre
720 1369 837 1434 semper
854 1351 1003 1434 genitum,
1036 1350 1215 1434 coelitusque
1233 1349 1340 1412 demis·

170 1477 267 1533 sum,
284 1455 367 1518 cuins
384 1454 413 1521 io
428 1453 582 1537 cvangelio
597 1453 647 1515 illo
666 1453 775 1515 tuentio
793 1454 841 1531 fit,
866 1455 1035 1538 repudiant,
1060 1473 1114 1516 nec
1132 1450 1250 1515 loannis
1268 1452 1341 1515 dun·

191 1568 273 1622 lexat
292 1557 496 1640 evangelium,
520 1557 570 1618 sed
594 1566 624 1618 et
647 1554 845 1640 Apocalypsin
869 1557 1017 1620 reiioinnt.
1230 1568 1234 1574 “

276 1660 446 1736 Maniam,
478 1657 645 1721 abaiduno
667 1659 768 1721 nescio
795 1681 851 1742 quo
872 1660 992 1723 vivente
1011 1659 1054 1721 sic
1072 1656 1159 1735 dicti,
1189 1653 1340 1718 ridiculum
1369 1692 1375 1699 -

192 1764 286 1848 potins
304 1783 388 1846 quam
406 1759 566 1823 verisimile
586 1761 688 1844 dogma
709 1760 891 1845 probteutur.
936 1760 1016 1825 Nudi
1034 1762 1156 1846 qnippe,
1180 1759 1281 1842 quales
1302 1776 1341 1818 es

192 1877 276 1929 utero
293 1866 393 1927 matris
409 1863 524 1947 egressi
538 1873 623 1940 suot,
649 1861 703 1924 viri
723 1863 842 1947 perinde
861 1885 895 1925 ac
914 1864 1052 1927 mulieres
1068 1863 1264 1936 coruscabunt,
1297 1869 1341 1920 at-

191 1989 248 2053 que
264 1968 305 2031 ita
323 1967 512 2041 lectionibus,
543 1964 724 2028 orationibus
743 1987 778 2028 ac
794 1966 901 2029 celeris
926 1967 1077 2049 religionis
1098 1966 1199 2030 officiis
1220 1964 1342 2044 lungun·

192 2083 258 2149 tur,
291 2082 320 2133 et
344 2069 483 2132 videlicet
505 2067 710 2130 monacborunu
735 2089 770 2130 ac
790 2069 1000 2131 continentium
1025 2069 1155 2132 instituta
1178 2080 1340 2147 sectentur,

193 2174 366 2258 nuptiasque
384 2172 591 2244 sourdement,
616 2169 769 2238 ecclesiam
789 2192 861 2233 rero
880 2193 962 2235 suam
981 2173 1145 2255 paradisum
1163 2182 1339 2254 nuncupant.

280 2273 451 2360 sampsaei,
476 2273 540 2336 sire
556 2271 710 2350 Eboraci,
728 2276 770 2335 ‘ad
788 2273 861 2336 banc
873 2274 949 2335 diem
967 2274 996 2335 in
1016 2274 1127 2341 Arabia
1145 2277 1269 2358 degunt,
1293 2295 1343 2337 su·

193 2399 243 2462 prs
265 2376 417 2442 Mortuum
441 2398 540 2454 mare,
573 2373 710 2438 Elcesaei
734 2375 881 2438 cniusdam
904 2375 1171 2460 pseudopropbctae
1196 2375 1341 2459 discipuli.

195 2480 220 2546 E
238 2483 321 2545 cuins
338 2481 427 2562 stirpe
446 2477 581 2543 Martlrns
601 2489 630 2541 ct
644 2475 794 2541 Martbina
813 2478 939 2541 feminac
957 2480 1029 2541 duae
1046 2489 1142 2542 aetate
1161 2488 1261 2542 nostra
1277 2499 1344 2563 pro·

194 2585 327 2660 dierunt,
352 2604 424 2667 quas
441 2584 558 2646 dearum
577 2582 672 2644 instar
686 2580 816 2643 haeresis
832 2581 887 2642 ista
904 2581 1004 2643 coluit.
1051 2579 1159 2644 Eadem
1178 2602 1265 2666 porro
1280 2601 1343 2642 cum

192 2682 354 2748 llbionaeis
376 2685 495 2747 omnino
516 2685 659 2748 sentiunt.

278 2887 507 2952 Theodotiania
527 2888 683 2952 Theodoto
699 2884 835 2952 Coriario
852 2886 1021 2974 Byzantino
1046 2887 1126 2951 dicti.
1171 2887 1231 2972 Qui
1249 2887 1344 2952 Grae·

192 2993 236 3056 cis
253 2993 364 3056 artibus
388 2991 516 3075 apprime
540 2991 595 3054 luit
618 2991 778 3055 institutus.
826 2989 881 3054 ilic
899 3013 963 3054 cnm
989 2991 1054 3054 aliis
1071 2989 1241 3075 quibusdam
1261 2993 1289 3054 io
1306 3012 1342 3055 eu

192 3116 266 3180 quae
301 3105 359 3157 tnm
386 3092 538 3157 saeviebat
564 3094 767 3179 persecutione
797 3094 1043 3178 comprehensus,
1081 3116 1145 3156 curu
1177 3096 1248 3157 socii
1279 3095 1343 3157 eins

192 3219 294 3262 omncs
311 3197 480 3281 martyrium
496 3196 656 3274 obiissent,
680 3198 761 3260 solus
779 3197 862 3260 iidem
879 3196 1015 3259 eiuravit.
1062 3192 1109 3261 0b
1127 3198 1212 3280 idque
1229 3197 1343 3281 probris

192 3300 356 3387 appetitus,
389 3300 416 3360 id
433 3301 615 3383 excogitavit
633 3311 662 3362 ut
681 3296 830 3363 Christum
851 3298 956 3361 nudum
976 3319 1042 3361 esso
1066 3299 1210 3362 bominem
1228 3319 1343 3361 assere·

192 3416 254 3481 ret,
287 3424 323 3464 ne
344 3402 457 3464 crimini
475 3401 530 3464 sibi
547 3402 622 3464 istud
640 3411 806 3463 verteretur
822 3402 897 3484 quod
915 3401 979 3464 eins
996 3401 1176 3464 divinitatem
1192 3412 1341 3485 negasset.

275 3502 554 3580 Melolaiscdeciani‚
587 3500 834 3566 Melclaisedecnm
858 3504 897 3564 ita
920 3515 1121 3582 venorantnrq
1151 3516 1182 3567 ut
1206 3503 1343 3566 virtutem

192 3626 259 3670 esse
277 3605 420 3690 quandam
439 3604 588 3682 iactitent,
619 3625 677 3666 uon
696 3604 842 3666 hominem
861 3606 1022 3683 duntaxat,
1057 3617 1088 3670 et
1105 3608 1140 3669 ad
1155 3606 1222 3670 eius
1237 3625 1343 3668 nomen

191 3711 303 3772 relerre
327 3709 465 3770 universa
488 3727 546 3770 nou
570 3705 712 3768 dubitant.

277 3809 526 3875 bardesianistae.
573 3805 770 3870 Bardesianes
788 3808 844 3871 iste
864 3829 880 3868 e
895 3805 1109 3893 Mesopotamia
1127 3810 1268 3873 oriundus
1283 3811 1344 3873 sio·

189 3936 287 3979 cerani
309 3915 392 3977 bdern
420 3914 502 3975 initio
528 3911 699 3994 complexus
720 3920 783 3988 est,
815 3932 850 3973 ac
871 3896 1014 3995 sapientia
1039 3912 1194 3997 praestilit.
1241 3910 1301 3976 Sed
1328 3935 1344 3975 a

190 4020 326 4081 veritate*
333 4025 435 4101 postea
450 4016 593 4078 recedens
611 4012 712 4101 eadem
729 4033 792 4074 curu
813 4011 971 4076 Valentino
983 4015 1093 4093 docuit,
1118 4025 1236 4099 praeter
1252 4035 1342 4099 pauca

190 4122 330 4203 quaedam
354 4122 384 4181 ιιι
409 4117 512 4202 quibus
535 4117 571 4179 ab
594 4115 643 4179 illo
667 4113 825 4197 discrepat.

274 4219 428 4284 Nodtiani.
475 4217 591 4284 Nolitus
615 4219 661 4283 bic
681 4215 874 4303 smyrnensis
898 4239 936 4280 ex
962 4217 1033 4280 Asia
1058 4219 1121 4281 tuit.
1169 4217 1226 4302 Qui
1252 4220 1281 4290 in
1302 4220 1344 4282 ata

224 4353 264 4408 48.
282 4354 341 4408 τότε
362 4361 451 4406 restitui
469 4371 499 4407 es
514 4359 583 4408 codd.
601 4371 654 4406 mss.
689 4359 750 4406 Num
784 4353 1017 4423 processionalem.
1036 4358 1082 4405 tm.

188 4427 215 4475 lu
231 4426 299 4474 editis
316 4439 344 4473 eo
360 4441 407 4474 noa
424 4441 470 4476 aon
487 4429 578 4488 lepitur.
820 4425 860 4473 51.
887 4421 1081 4490 papotcmtarat.
1094 4426 1257 4492 βαρδισιιιιής
1278 4426 1347 4474 codd.

222 4491 263 4543 tn.
281 4496 388 4542 fortasse
405 4486 432 4545 ‘dr
449 4493 497 4545 luc.
784 4506 839 4541 mss.
855 4498 955 4553 uterque.
992 4491 1205 4559 βαρόισιαιισται.
1216 4495 1345 4562 §apotom-
1435 4525 1438 4530 Δ

223 4560 263 4614 50.
282 4560 466 4629 μειχιδεκιαιοι
486 4563 530 4615 cod
559 4562 656 4626 llbedlp.
690 4562 751 4628 μιλ-
786 4561 833 4631 cqc
850 4561 905 4611 edit.
920 4564 996 4623 princ.
