3096 5070
443 336 578 390 ιιιιιιιιι
596 337 657 388 nro.
672 338 716 388 ιιι.
731 337 814 388 rou.
825 337 856 386 ιι.
871 335 972 387 uana.
985 335 1107 386 nxxrx.
1284 319 1346 384 ιιι

196 456 281 521 baina
298 456 434 543 promissi
453 457 508 520 bdc
525 455 751 534 corroboraret,
781 456 858 540 quod
876 456 969 539 ipaum
989 466 1086 519 tamen
1109 453 1201 518 iraudi
1224 454 1349 516 nonnul-

189 559 226 625 lia
243 558 308 623 luit.
355 559 446 643 Atqui
466 558 528 622 beri
546 579 604 621 non
621 568 718 642 potest
739 550 835 646 utqui
851 569 968 644 praeter
991 577 1173 620 communem
1199 553 1345 618 bominum

190 671 324 727 naturam
346 673 487 725 nascatur
504 661 533 723 iu
555 659 656 724 berria.
702 657 760 724 Uni
782 661 837 723 boc
856 659 1051 723 conveniebat
1073 659 1133 739 itti;
1166 659 1214 722 uui
1241 669 1346 749 natura

189 764 292 830 oeaait.
337 763 412 840 tite,
435 764 570 847 inquam,
595 762 674 826 velut
690 761 800 825 artilex
816 783 851 825 ac
868 762 1019 837 dominus,
1043 761 1230 857 semetipsum
1250 781 1267 824 e
1285 760 1345 824 rir-
1382 816 1387 831 ,

190 866 259 953 gine
288 877 423 950 tanquam
443 886 459 929 e
481 876 561 929 terra
590 865 744 942 formavit,
776 865 848 928 dena
863 885 879 928 e
895 863 980 928 coelo
1000 864 1199 941 descendens,
1223 862 1345 927 verbum

191 968 308 1053 virgine
322 977 490 1052 susceptum
510 987 616 1052 corpua
632 966 775 1046 induens,
807 988 865 1030 nou
887 967 954 1030 ideo
972 979 1069 1030 tamen
1087 977 1119 1029 ιιι
1134 965 1206 1029 baec
1229 965 1346 1029 adorari

191 1070 315 1149 debeat,
345 1080 397 1132 aut
411 1079 443 1132 ut
459 1088 524 1132 cana
547 1070 675 1134 diuinam
693 1069 729 1132 ad
749 1080 879 1132 naturam
900 1069 1154 1152 conditionemque
1174 1068 1344 1146 transierat,

191 1192 288 1256 neque
303 1182 336 1235 ut
351 1172 524 1259 aaeribciuro
541 1171 619 1235 illius
634 1171 663 1235 in
678 1192 786 1235 nomeu
802 1172 956 1251 offeratur,
981 1193 1077 1256 neque
1092 1182 1174 1235 tanto
1191 1169 1346 1235 interuallo

191 1273 330 1338 mulieres
355 1275 525 1338 sacerdotes
550 1273 752 1338 iuntituautur.
798 1273 864 1337 lino
888 1295 925 1337 ne
945 1274 975 1337 in
997 1271 1116 1338 Salomc
1142 1272 1258 1358 quidem
1283 1273 1345 1336 beri

192 1376 285 1440 voluit
307 1377 398 1453 dcua,
433 1398 488 1441 nec
511 1377 540 1439 iu
563 1374 673 1441 Maria.
725 1375 795 1441 Nou
820 1376 848 1439 ei
873 1375 1039 1461 baptizandi
1067 1386 1241 1461 potestatem
1265 1375 1346 1453 lecit,

192 1500 251 1544 nou
268 1479 416 1565 discipulis
433 1479 626 1557 benedicere,
651 1480 753 1543 nonin
770 1479 860 1542 terrio
875 1500 1015 1563 praeesse
1032 1478 1196 1557 mandavit,
1219 1478 1271 1541 aed
1291 1477 1346 1541 boc

192 1603 280 1646 unum
304 1581 398 1644 voluit
419 1591 450 1644 ιιι
464 1591 597 1646 sanctum
616 1582 684 1665 quid
701 1592 732 1644 et
747 1592 952 1645 cooaeoratum
971 1591 1069 1658 esset,
1101 1603 1137 1644 ac
1153 1581 1282 1646 caeleate
1300 1600 1349 1644 re·

190 1704 279 1769 gnum
299 1683 522 1769 adipisceretur.
569 1682 630 1749 Sed
654 1683 768 1746 necilli
790 1703 864 1767 qnae
886 1682 952 1746 ttuu
977 1695 1070 1746 mater
1092 1684 1255 1769 appellatur
1280 1703 1347 1747 euru

195 1785 316 1850 bonomo
331 1786 452 1870 gradum
471 1787 590 1867 detulit,
624 1805 719 1869 neque
742 1784 911 1848 mulieribus
930 1785 1013 1863 aliia,
1045 1807 1145 1868 quaec
1160 1789 1287 1849 Galilaea
1303 1793 1408 1848 aalma
1420 1793 1501 1851 Μ

191 1891 426 1971 androsaemon,
457 1908 551 1971 neque
572 1886 709 1952 Marthae
735 1885 846 1952 Lazari
869 1909 905 1950 ao
926 1884 1041 1951 Mariae
1066 1887 1182 1967 sorori,
1215 1909 1273 1952 uon
1298 1888 1348 1952 ulli

192 1990 317 2075 denique
330 2003 511 2069 sanctarum,
535 2011 609 2075 quae
622 1991 745 2055 aalntem
760 1991 837 2055 illiua
852 1991 981 2053 advento
999 2002 1234 2074 promeruerunt,
1258 2011 1348 2075 quae·

192 2113 249 2178 pue
265 2093 320 2178 ipai
341 2093 377 2157 de
393 2092 455 2158 auia
472 2093 597 2157 lortuuia
620 2094 789 2157 neucesaria
807 2091 1079 2158 subministrabant.
1125 2092 1232 2178 Neque
1257 2115 1346 2181 porro
1380 2101 1464 2148 Μιιιῑ

192 2191 390 2260 chananaeae
408 2195 542 2272 mulieri,
566 2195 613 2258 vel
630 2196 658 2258 ei
675 2216 760 2279 quam
780 2176 934 2278 banguinia
952 2194 1095 2279 profluvio
1115 2195 1273 2273 liberarat,
1298 2197 1346 2262 vel
1384 2154 1466 2251 ¹123·st

191 2296 278 2360 alicui
304 2297 424 2360 omnino
448 2297 477 2359 iu
504 2298 592 2361 terrie
618 2297 744 2361 feminae
767 2298 936 2381 dignitatem
965 2296 1042 2360 illam
1067 2296 1209 2360 attribuit.
1263 2296 1347 2381 Quae

190 2419 255 2463 cam
278 2398 319 2462 ita
335 2398 413 2477 aiot,
445 2401 523 2462 unde
546 2400 631 2464 nobis
646 2400 736 2463 draco
752 2399 809 2463 iata
826 2399 962 2463 volubilia
984 2398 1126 2462 emersit?
1156 2421 1209 2463 cur
1231 2401 1347 2485 obliqua

190 2501 352 2585 callidaque
369 2502 491 2565 coucilia
509 2504 712 2566 renovanturl
755 2500 927 2565 Honoratur
939 2522 1012 2565 aane
1025 2499 1141 2580 Maria,
1165 2513 1249 2589 pater
1261 2524 1345 2584 vero,

190 2602 266 2667 bliua
290 2613 320 2665 et
342 2604 463 2686 spiritua
487 2616 608 2668 aanctna
635 2603 812 2682 adorentur,
847 2600 976 2692 Mariam
1001 2607 1126 2668 adorare
1151 2626 1238 2669 nemo
1264 2607 1346 2670 velit.

190 2701 261 2767 Nou
286 2704 362 2767 enirn
388 2705 521 2784 mulieri,
556 2728 645 2771 aone
665 2706 730 2769 viro
748 2706 881 2790 quidem,
915 2708 966 2770 sed
984 2708 1034 2770 uni
1052 2708 1107 2770 deo
1126 2708 1297 2794 mysterium
1313 2707 1348 2771 il·

192 2804 239 2868 lud
264 2806 416 2890 cultosque
439 2807 594 2887 tribuitnr3
624 2810 701 2872 adeo
718 2819 750 2872 ut
767 2829 823 2872 neo
839 2807 938 2892 angeli
959 2809 1015 2893 ipsi
1034 2819 1115 2872 tanto
1138 2808 1240 2874 bonori
1261 2831 1347 2894 parea

191 2925 259 2970 case
281 2907 447 2974 videantur.
503 2908 667 2975 Deleaotur
694 2911 808 2994 itaque,
844 2913 971 2994 quaein
998 2911 1171 2974 miserorum
1198 2912 1345 2976 bominum

191 3008 328 3072 cordibun
342 3012 419 3076 male
435 3023 505 3076 aunt
518 3012 670 3098 inaoripta.
716 3011 918 3097 [intinguatur
935 3014 1051 3099 penitus
1069 3014 1162 3077 malua
1182 3013 1230 3077 ille
1249 3016 1346 3079 loetua

191 3112 226 3176 ad
244 3112 390 3176 infelicem
408 3114 542 3180 arborem
564 3126 735 3201 conceptus.
782 3112 983 3180 Convertatur
999 3137 1071 3201 opus
1088 3116 1181 3202 ipsum
1202 3119 1237 3181 ad
1256 3119 1347 3182 donti-

117 3241 121 3249 ·
191 3234 260 3277 num
276 3215 514 3302 conditoremque
534 3239 630 3282 auum.
677 3216 770 3282 Evam
787 3239 851 3281 oum
869 3218 984 3280 Adanuo
1002 3219 1126 3302 coniuge
1145 3223 1180 3284 ad
1198 3221 1282 3284 deum
1298 3242 1346 3285 au-

190 3316 248 3380 lum
266 3319 465 3382 venerandum
485 3322 577 3404 pudor
594 3321 709 3384 tandem
727 3320 883 3403 aliquando
901 3322 1072 3405 compellam
1105 3343 1180 3385 neve
1199 3324 1345 3409 serpentia

189 3439 252 3482 vox
267 3417 345 3481 illam
367 3419 511 3504 decipiat,
534 3422 586 3485 aed
605 3425 636 3485 iu
656 3422 702 3485 dei
718 3424 855 3485 mandato
876 3421 1032 3506 persistat,
1056 3429 1098 3486 De
1112 3428 1191 3506 legno
1206 3449 1243 3489 ne
1256 3449 1346 3489 corna
1359 3437 1419 3482 oea,
1432 3436 1486 3494 ’,ἱ

189 3522 251 3581 dea.
301 3516 485 3604 Quamquam
509 3522 539 3585 iu
556 3523 663 3586 arbore
678 3523 743 3609 ipaa
758 3545 938 3609 nequaquam
958 3546 1044 3589 error
1059 3528 1131 3606 luit,
1162 3529 1214 3592 aed
1232 3549 1285 3614 per
1299 3548 1348 3592 ar-

189 3619 291 3684 borem
312 3623 515 3687 contumaciae
535 3645 622 3687 error
640 3625 785 3690 admisaua
804 3637 861 3690 cat.
905 3625 1034 3692 Perinde
1052 3630 1142 3713 igitur
1157 3651 1245 3694 nemo
1262 3651 1345 3694 erro·

189 3742 252 3786 rem
271 3722 351 3787 illum
369 3724 505 3809 degustet
527 3726 575 3810 qui
591 3723 708 3789 Mariae
724 3727 888 3793 occasione
896 3731 1040 3794 conflatus
1059 3743 1117 3796 eat.
1162 3731 1248 3796 Licet
1268 3731 1344 3796 enirn

190 3825 385 3909 pulcherrima
419 3827 509 3891 arbor
538 3838 637 3903 esset,
673 3847 732 3890 uon
762 3839 860 3893 tamen
890 3832 926 3895 ad
954 3833 1049 3897 cibum
1075 3835 1246 3898 constituta.
1301 3832 1344 3899 lta

189 3929 322 4012 quamvis
338 3927 435 3992 Maria
452 3930 499 3993 vel
517 3929 624 4015 optima
642 3929 748 4008 luerit,
784 3951 818 3993 rc
831 3945 952 4013 sancta,
983 3946 1014 3999 ct
1032 3936 1144 4000 bonore
1159 3935 1343 4021 dignumne,

190 4051 250 4095 uon
272 4032 382 4095 idcirco
406 4043 504 4096 tamen
527 4032 698 4095 adoratione
721 4036 936 4118 prosequenda.

273 4129 472 4216 Quamobrem
490 4134 575 4198 buiua
592 4143 692 4216 aeetae
711 4136 851 4199 mulieres
870 4136 937 4200 illud
956 4139 1052 4202 denuo
1068 4139 1248 4204 offerendum
1269 4137 1342 4205 For·
1354 4159 1416 4229 cap.
1429 4161 1500 4213 vm,

188 4241 277 4298 tunae
292 4236 426 4321 poculum
441 4236 619 4316 instaurant,
643 4258 677 4300 eo
693 4238 840 4317 daemoni,
865 4260 923 4302 non
940 4240 1013 4317 deo,
1036 4261 1167 4307 mensam
1182 4243 1342 4325 inatruunt,

188 4434 267 4559 {fij
285 4436 443 4524 nmdpuappee
456 4439 597 4525 nppbluoe,
616 4438 652 4526 pie
666 4436 752 4527 μήτηρ
787 4447 832 4505 bec
844 4442 946 4531 upplan,
964 4445 1047 4532 πολλῷ
1066 4449 1157 4514 μᾶλλον
1176 4445 1223 4517 aula
1237 4446 1281 4504 τᾶν
1298 4448 1344 4506 xo'·

235 4506 308 4560 ιικαὶ
324 4525 371 4577 max
386 4527 424 4569 ως
441 4511 509 4570 llaec·
544 4508 579 4563 El
592 4526 640 4576 γαρ
655 4508 692 4569 εἰς
705 4526 749 4563 τοι
784 4530 834 4582 ρων
849 4530 948 4568 παντων
964 4515 1149 4588 γενιησασανῷ

187 4571 261 4631 τόπον
284 4579 467 4647 προςκυιοῦμιι
489 4568 520 4634 ad
539 4575 649 4646 lumem
665 4578 689 4632 et
702 4576 749 4634 ιιὸ-
