<?xml version="1.0" encoding="UTF-8"?>
<!DOCTYPE html PUBLIC "-//W3C//DTD XHTML 1.0 Transitional//EN"
    "http://www.w3.org/TR/xhtml1/DTD/xhtml1-transitional.dtd">
<html xmlns="http://www.w3.org/1999/xhtml" xml:lang="en" lang="en">
 <head>
  <title>
</title>
<meta http-equiv="Content-Type" content="text/html;charset=utf-8" />
  <meta name='ocr-system' content='tesseract 3.04.00' />
  <meta name='ocr-capabilities' content='ocr_page ocr_carea ocr_par ocr_line ocrx_word'/>
</head>
<body>
  <div class='ocr_page' id='page_1' title='image "./corporishaerese00unkngoog/corporishaerese00unkngoog_0562.png"; bbox 0 0 3096 5070; ppageno 0'>
   <div class='ocr_carea' id='block_1_1' title="bbox 608 95 1348 353">
    <p class='ocr_par' dir='ltr' id='par_1_1' title="bbox 608 95 1348 353">
     <span class='ocr_line' id='line_1_1' title="bbox 1194 95 1258 183; baseline -0.016 1"><span class='ocrx_word' id='word_1_1' title='bbox 1194 95 1200 107; x_wconf 21' lang='grc' dir='ltr'><strong>ἢ</strong></span> <span class='ocrx_word' id='word_1_2' title='bbox 1237 142 1258 183; x_wconf 65' lang='lat'><strong>9-</strong></span> 
     </span>
     <span class='ocr_line' id='line_1_2' title="bbox 608 269 1348 353; baseline -0.015 0"><span class='ocrx_word' id='word_1_3' title='bbox 608 299 932 353; x_wconf 78' lang='lat' dir='ltr'><strong>suscarnanaaosre.</strong></span> <span class='ocrx_word' id='word_1_4' title='bbox 1254 288 1256 292; x_wconf 67' lang='grc'><strong>“</strong></span> <span class='ocrx_word' id='word_1_5' title='bbox 1280 269 1348 343; x_wconf 64' lang='lat' dir='ltr'><strong>“b</strong></span> 
     </span>
    </p>
   </div>
   <div class='ocr_carea' id='block_1_2' title="bbox 189 415 1502 2141">
    <p class='ocr_par' dir='ltr' id='par_1_2' title="bbox 189 415 1502 2141">
     <span class='ocr_line' id='line_1_3' title="bbox 190 415 1347 508; baseline -0.01 -20"><span class='ocrx_word' id='word_1_6' title='bbox 190 422 320 488; x_wconf 85' lang='lat' dir='ltr'><strong>Herodis</strong></span> <span class='ocrx_word' id='word_1_7' title='bbox 338 421 488 508; x_wconf 77' lang='lat' dir='ltr'><strong>Agrippae</strong></span> <span class='ocrx_word' id='word_1_8' title='bbox 515 425 597 486; x_wconf 88' lang='lat' dir='ltr'><strong>lesus</strong></span> <span class='ocrx_word' id='word_1_9' title='bbox 622 417 760 484; x_wconf 83' lang='lat' dir='ltr'><strong>Christus</strong></span> <span class='ocrx_word' id='word_1_10' title='bbox 787 420 971 504; x_wconf 89' lang='lat' dir='ltr'><strong>promulgare</strong></span> <span class='ocrx_word' id='word_1_11' title='bbox 994 415 1123 481; x_wconf 78' lang='lat' dir='ltr'><strong>divinum</strong></span> <span class='ocrx_word' id='word_1_12' title='bbox 1149 415 1270 481; x_wconf 83' lang='lat' dir='ltr'><strong>uerbum</strong></span> <span class='ocrx_word' id='word_1_13' title='bbox 1294 430 1347 497; x_wconf 78' lang='lat' dir='ltr'><strong>eg·</strong></span> 
     </span>
     <span class='ocr_line' id='line_1_4' title="bbox 189 514 1345 613; baseline -0.013 -22"><span class='ocrx_word' id='word_1_14' title='bbox 189 547 312 613; x_wconf 76' lang='lat' dir='ltr'><strong>gressus</strong></span> <span class='ocrx_word' id='word_1_15' title='bbox 331 536 394 604; x_wconf 90' lang='lat' dir='ltr'><strong>est,</strong></span> <span class='ocrx_word' id='word_1_16' title='bbox 425 546 459 587; x_wconf 91' lang='lat' dir='ltr'><strong>ao</strong></span> <span class='ocrx_word' id='word_1_17' title='bbox 477 546 541 587; x_wconf 92' lang='lat' dir='ltr'><strong>cum</strong></span> <span class='ocrx_word' id='word_1_18' title='bbox 563 523 682 587; x_wconf 90' lang='lat' dir='ltr'><strong>loannis</strong></span> <span class='ocrx_word' id='word_1_19' title='bbox 709 524 853 607; x_wconf 91' lang='lat' dir='ltr'><strong>baptismo</strong></span> <span class='ocrx_word' id='word_1_20' title='bbox 878 523 1026 600; x_wconf 90' lang='lat' dir='ltr'><strong>initiator,</strong></span> <span class='ocrx_word' id='word_1_21' title='bbox 1060 531 1243 582; x_wconf 84' lang='lat' dir='ltr'><strong>lemannum</strong></span> <span class='ocrx_word' id='word_1_22' title='bbox 1263 514 1345 578; x_wconf 82' lang='lat' dir='ltr'><strong>illum</strong></span> 
     </span>
     <span class='ocr_line' id='line_1_5' title="bbox 189 618 1347 715; baseline -0.014 -21"><span class='ocrx_word' id='word_1_23' title='bbox 189 640 341 715; x_wconf 88' lang='lat' dir='ltr'><strong>acceptum</strong></span> <span class='ocrx_word' id='word_1_24' title='bbox 358 628 387 690; x_wconf 92' lang='lat' dir='ltr'><strong>io</strong></span> <span class='ocrx_word' id='word_1_25' title='bbox 404 646 438 689; x_wconf 86' lang='lat' dir='ltr'><strong>ea</strong></span> <span class='ocrx_word' id='word_1_26' title='bbox 463 625 613 711; x_wconf 79' lang='lat' dir='ltr'><strong>praeconii</strong></span> <span class='ocrx_word' id='word_1_27' title='bbox 634 626 784 688; x_wconf 84' lang='lat' dir='ltr'><strong>iunctione</strong></span> <span class='ocrx_word' id='word_1_28' title='bbox 805 624 968 700; x_wconf 74' lang='lat' dir='ltr'><strong>consumit,</strong></span> <span class='ocrx_word' id='word_1_29' title='bbox 1000 623 1079 686; x_wconf 90' lang='lat' dir='ltr'><strong>nullo</strong></span> <span class='ocrx_word' id='word_1_30' title='bbox 1104 640 1198 704; x_wconf 87' lang='lat' dir='ltr'><strong>neque</strong></span> <span class='ocrx_word' id='word_1_31' title='bbox 1225 618 1347 680; x_wconf 88' lang='lat' dir='ltr'><strong>ludaeo-</strong></span> 
     </span>
     <span class='ocr_line' id='line_1_6' title="bbox 189 721 1348 814; baseline -0.015 -17"><span class='ocrx_word' id='word_1_32' title='bbox 189 755 273 811; x_wconf 88' lang='lat' dir='ltr'><strong>rum,</strong></span> <span class='ocrx_word' id='word_1_33' title='bbox 299 750 393 814; x_wconf 90' lang='lat' dir='ltr'><strong>oeque</strong></span> <span class='ocrx_word' id='word_1_34' title='bbox 410 728 579 812; x_wconf 76' lang='lat' dir='ltr'><strong>gentilium,</strong></span> <span class='ocrx_word' id='word_1_35' title='bbox 604 748 699 811; x_wconf 89' lang='lat' dir='ltr'><strong>neque</strong></span> <span class='ocrx_word' id='word_1_36' title='bbox 717 724 987 803; x_wconf 75' lang='lat' dir='ltr'><strong>Samaritanorum,</strong></span> <span class='ocrx_word' id='word_1_37' title='bbox 1012 745 1106 808; x_wconf 91' lang='lat' dir='ltr'><strong>neque</strong></span> <span class='ocrx_word' id='word_1_38' title='bbox 1121 721 1243 786; x_wconf 89' lang='lat' dir='ltr'><strong>alterius</strong></span> <span class='ocrx_word' id='word_1_39' title='bbox 1256 738 1348 803; x_wconf 84' lang='lat' dir='ltr'><strong>geae-</strong></span> 
     </span>
     <span class='ocr_line' id='line_1_7' title="bbox 190 822 1346 918; baseline -0.016 -18"><span class='ocrx_word' id='word_1_40' title='bbox 190 837 232 900; x_wconf 86' lang='lat' dir='ltr'><strong>ris</strong></span> <span class='ocrx_word' id='word_1_41' title='bbox 259 842 453 918; x_wconf 77' lang='lat' dir='ltr'><strong>repugnante.</strong></span> <span class='ocrx_word' id='word_1_42' title='bbox 508 826 649 894; x_wconf 89' lang='lat' dir='ltr'><strong>Secundo</strong></span> <span class='ocrx_word' id='word_1_43' title='bbox 673 829 823 914; x_wconf 89' lang='lat' dir='ltr'><strong>praeconii</strong></span> <span class='ocrx_word' id='word_1_44' title='bbox 846 829 984 891; x_wconf 86' lang='lat' dir='ltr'><strong>coelestis</strong></span> <span class='ocrx_word' id='word_1_45' title='bbox 1012 849 1088 890; x_wconf 83' lang='lat' dir='ltr'><strong>arrno</strong></span> <span class='ocrx_word' id='word_1_46' title='bbox 1119 822 1346 909; x_wconf 89' lang='lat' dir='ltr'><strong>quamplurimos</strong></span> 
     </span>
     <span class='ocr_line' id='line_1_8' title="bbox 191 921 1348 1016; baseline -0.014 -15"><span class='ocrx_word' id='word_1_47' title='bbox 191 939 408 1001; x_wconf 79' lang='lat' dir='ltr'><strong>obtrectatores</strong></span> <span class='ocrx_word' id='word_1_48' title='bbox 436 932 552 1010; x_wconf 90' lang='lat' dir='ltr'><strong>hahuit,</strong></span> <span class='ocrx_word' id='word_1_49' title='bbox 588 931 636 1016; x_wconf 91' lang='lat' dir='ltr'><strong>qui</strong></span> <span class='ocrx_word' id='word_1_50' title='bbox 663 932 778 1015; x_wconf 87' lang='lat' dir='ltr'><strong>quidem</strong></span> <span class='ocrx_word' id='word_1_51' title='bbox 805 929 933 994; x_wconf 84' lang='lat' dir='ltr'><strong>Herodis</strong></span> <span class='ocrx_word' id='word_1_52' title='bbox 957 930 1086 1003; x_wconf 71' lang='lat' dir='ltr'><strong>eiusdem</strong></span> <span class='ocrx_word' id='word_1_53' title='bbox 1108 929 1203 1003; x_wconf 86' lang='grc' dir='ltr'><strong>ΧΙΧ.,</strong></span> <span class='ocrx_word' id='word_1_54' title='bbox 1235 921 1348 988; x_wconf 86' lang='lat' dir='ltr'><strong>Christi</strong></span> 
     </span>
     <span class='ocr_line' id='line_1_9' title="bbox 190 1026 1348 1103; baseline -0.014 0"><span class='ocrx_word' id='word_1_55' title='bbox 190 1039 310 1103; x_wconf 85' lang='lat' dir='ltr'><strong>xxxtt.</strong></span> <span class='ocrx_word' id='word_1_56' title='bbox 328 1037 439 1099; x_wconf 82' lang='lat' dir='ltr'><strong>extitit.</strong></span> <span class='ocrx_word' id='word_1_57' title='bbox 484 1033 610 1098; x_wconf 87' lang='lat' dir='ltr'><strong>Demum</strong></span> <span class='ocrx_word' id='word_1_58' title='bbox 626 1036 691 1096; x_wconf 85' lang='lat' dir='ltr'><strong>XX.</strong></span> <span class='ocrx_word' id='word_1_59' title='bbox 711 1033 876 1097; x_wconf 82' lang='lat' dir='ltr'><strong>tetrarchae</strong></span> <span class='ocrx_word' id='word_1_60' title='bbox 895 1028 1023 1095; x_wconf 83' lang='lat' dir='ltr'><strong>Herodis</strong></span> <span class='ocrx_word' id='word_1_61' title='bbox 1044 1052 1121 1094; x_wconf 90' lang='lat' dir='ltr'><strong>anno</strong></span> <span class='ocrx_word' id='word_1_62' title='bbox 1138 1027 1275 1093; x_wconf 87' lang='lat' dir='ltr'><strong>Christus</strong></span> <span class='ocrx_word' id='word_1_63' title='bbox 1296 1026 1348 1088; x_wconf 89' lang='lat' dir='ltr'><strong>do-</strong></span> 
     </span>
     <span class='ocr_line' id='line_1_10' title="bbox 192 1128 1349 1220; baseline -0.01 -17"><span class='ocrx_word' id='word_1_64' title='bbox 192 1143 288 1204; x_wconf 88' lang='lat' dir='ltr'><strong>minos</strong></span> <span class='ocrx_word' id='word_1_65' title='bbox 307 1139 343 1202; x_wconf 91' lang='lat' dir='ltr'><strong>oh</strong></span> <span class='ocrx_word' id='word_1_66' title='bbox 362 1138 479 1200; x_wconf 91' lang='lat' dir='ltr'><strong>bomani</strong></span> <span class='ocrx_word' id='word_1_67' title='bbox 495 1137 613 1220; x_wconf 87' lang='lat' dir='ltr'><strong>generis</strong></span> <span class='ocrx_word' id='word_1_68' title='bbox 634 1136 757 1200; x_wconf 79' lang='lat' dir='ltr'><strong>salutem</strong></span> <span class='ocrx_word' id='word_1_69' title='bbox 778 1156 898 1219; x_wconf 86' lang='lat' dir='ltr'><strong>passus,</strong></span> <span class='ocrx_word' id='word_1_70' title='bbox 931 1146 1017 1218; x_wconf 89' lang='lat' dir='ltr'><strong>atque</strong></span> <span class='ocrx_word' id='word_1_71' title='bbox 1034 1135 1135 1196; x_wconf 88' lang='lat' dir='ltr'><strong>eodem</strong></span> <span class='ocrx_word' id='word_1_72' title='bbox 1157 1143 1286 1215; x_wconf 90' lang='lat' dir='ltr'><strong>tempore</strong></span> <span class='ocrx_word' id='word_1_73' title='bbox 1305 1128 1349 1192; x_wconf 92' lang='lat' dir='ltr'><strong>ui·</strong></span> 
     </span>
     <span class='ocr_line' id='line_1_11' title="bbox 192 1230 1347 1326; baseline -0.01 -21"><span class='ocrx_word' id='word_1_74' title='bbox 192 1243 232 1306; x_wconf 92' lang='lat' dir='ltr'><strong>bil</strong></span> <span class='ocrx_word' id='word_1_75' title='bbox 251 1230 355 1326; x_wconf 77' lang='lat' dir='ltr'><strong>passus</strong></span> <span class='ocrx_word' id='word_1_76' title='bbox 371 1251 434 1317; x_wconf 90' lang='lat' dir='ltr'><strong>cst,</strong></span> <span class='ocrx_word' id='word_1_77' title='bbox 467 1251 527 1303; x_wconf 91' lang='lat' dir='ltr'><strong>tum</strong></span> <span class='ocrx_word' id='word_1_78' title='bbox 544 1260 608 1302; x_wconf 90' lang='lat' dir='ltr'><strong>cum</strong></span> <span class='ocrx_word' id='word_1_79' title='bbox 626 1250 748 1302; x_wconf 89' lang='lat' dir='ltr'><strong>mortem</strong></span> <span class='ocrx_word' id='word_1_80' title='bbox 766 1239 925 1322; x_wconf 81' lang='lat' dir='ltr'><strong>degustans</strong></span> <span class='ocrx_word' id='word_1_81' title='bbox 943 1237 1036 1321; x_wconf 88' lang='lat' dir='ltr'><strong>ipsum</strong></span> <span class='ocrx_word' id='word_1_82' title='bbox 1057 1236 1144 1299; x_wconf 90' lang='lat' dir='ltr'><strong>etiam</strong></span> <span class='ocrx_word' id='word_1_83' title='bbox 1162 1233 1259 1297; x_wconf 89' lang='lat' dir='ltr'><strong>crocis</strong></span> <span class='ocrx_word' id='word_1_84' title='bbox 1279 1250 1347 1314; x_wconf 81' lang='lat' dir='ltr'><strong>sup·</strong></span> 
     </span>
     <span class='ocr_line' id='line_1_12' title="bbox 192 1332 1500 1431; baseline -0.011 -23"><span class='ocrx_word' id='word_1_85' title='bbox 192 1345 309 1431; x_wconf 90' lang='lat' dir='ltr'><strong>plicium</strong></span> <span class='ocrx_word' id='word_1_86' title='bbox 328 1341 433 1416; x_wconf 91' lang='lat' dir='ltr'><strong>subiit,</strong></span> <span class='ocrx_word' id='word_1_87' title='bbox 468 1364 532 1405; x_wconf 90' lang='lat' dir='ltr'><strong>cum</strong></span> <span class='ocrx_word' id='word_1_88' title='bbox 556 1341 672 1404; x_wconf 89' lang='lat' dir='ltr'><strong>interim</strong></span> <span class='ocrx_word' id='word_1_89' title='bbox 692 1340 763 1404; x_wconf 86' lang='lat' dir='ltr'><strong>nihil</strong></span> <span class='ocrx_word' id='word_1_90' title='bbox 780 1340 1011 1426; x_wconf 87' lang='lat' dir='ltr'><strong>ipsa-divinitate</strong></span> <span class='ocrx_word' id='word_1_91' title='bbox 1030 1349 1190 1422; x_wconf 88' lang='lat' dir='ltr'><strong>pateretur.</strong></span> <span class='ocrx_word' id='word_1_92' title='bbox 1236 1332 1500 1398; x_wconf 64' lang='lat' dir='ltr'><strong>utrumme-tt</strong></span> 
     </span>
     <span class='ocr_line' id='line_1_13' title="bbox 192 1434 1502 1530; baseline -0.011 -19"><span class='ocrx_word' id='word_1_93' title='bbox 192 1453 281 1522; x_wconf 78' lang='lat' dir='ltr'><strong>eadm,</strong></span> <span class='ocrx_word' id='word_1_94' title='bbox 312 1448 354 1510; x_wconf 86' lang='lat' dir='ltr'><strong>ait</strong></span> <span class='ocrx_word' id='word_1_95' title='bbox 369 1445 533 1530; x_wconf 87' lang='lat' dir='ltr'><strong>scriptura,</strong></span> <span class='ocrx_word' id='word_1_96' title='bbox 561 1467 617 1526; x_wconf 81' lang='lat' dir='ltr'><strong>pro</strong></span> <span class='ocrx_word' id='word_1_97' title='bbox 635 1446 715 1506; x_wconf 76' lang='lat' dir='ltr'><strong>nodie</strong></span> <span class='ocrx_word' id='word_1_98' title='bbox 732 1451 762 1505; x_wconf 86' lang='lat' dir='ltr'><strong>a&#39;n</strong></span> <span class='ocrx_word' id='word_1_99' title='bbox 779 1466 866 1505; x_wconf 85' lang='lat' dir='ltr'><strong>earne</strong></span> <span class='ocrx_word' id='word_1_100' title='bbox 881 1465 986 1524; x_wconf 79' lang='lat' dir='ltr'><strong>possa:</strong></span> <span class='ocrx_word' id='word_1_101' title='bbox 1020 1460 1214 1524; x_wconf 87' lang='lat' dir='ltr'><strong>rursumque,</strong></span> <span class='ocrx_word' id='word_1_102' title='bbox 1245 1434 1502 1500; x_wconf 62' lang='lat' dir='ltr'><strong>Mercatura-tw</strong></span> 
     </span>
     <span class='ocr_line' id='line_1_14' title="bbox 190 1543 1349 1631; baseline -0.009 -19"><span class='ocrx_word' id='word_1_103' title='bbox 190 1552 296 1631; x_wconf 77' lang='lat' dir='ltr'><strong>finctus</strong></span> <span class='ocrx_word' id='word_1_104' title='bbox 312 1570 409 1622; x_wconf 84' lang='lat' dir='ltr'><strong>earne,</strong></span> <span class='ocrx_word' id='word_1_105' title='bbox 434 1549 593 1627; x_wconf 60' lang='lat' dir='ltr'><strong>erudientes</strong></span> <span class='ocrx_word' id='word_1_106' title='bbox 608 1559 699 1609; x_wconf 81' lang='lat' dir='ltr'><strong>cutem</strong></span> <span class='ocrx_word' id='word_1_107' title='bbox 712 1550 832 1627; x_wconf 78' lang='lat' dir='ltr'><strong>speia&#39;tu,</strong></span> <span class='ocrx_word' id='word_1_108' title='bbox 857 1557 887 1608; x_wconf 93' lang='lat' dir='ltr'><strong>et</strong></span> <span class='ocrx_word' id='word_1_109' title='bbox 903 1567 978 1629; x_wconf 90' lang='lat' dir='ltr'><strong>quae</strong></span> <span class='ocrx_word' id='word_1_110' title='bbox 992 1555 1165 1628; x_wconf 90' lang='lat' dir='ltr'><strong>sequuntur.</strong></span> <span class='ocrx_word' id='word_1_111' title='bbox 1211 1543 1243 1603; x_wconf 93' lang='lat' dir='ltr'><strong>ln</strong></span> <span class='ocrx_word' id='word_1_112' title='bbox 1261 1560 1349 1603; x_wconf 86' lang='lat' dir='ltr'><strong>eruce</strong></span> 
     </span>
     <span class='ocr_line' id='line_1_15' title="bbox 193 1641 1350 1738; baseline -0.011 -21"><span class='ocrx_word' id='word_1_113' title='bbox 193 1653 397 1737; x_wconf 76' lang='lat' dir='ltr'><strong>suspenditur,</strong></span> <span class='ocrx_word' id='word_1_114' title='bbox 432 1650 590 1738; x_wconf 81' lang='lat' dir='ltr'><strong>sepelitur,</strong></span> <span class='ocrx_word' id='word_1_115' title='bbox 623 1651 658 1712; x_wconf 89' lang='lat' dir='ltr'><strong>ad</strong></span> <span class='ocrx_word' id='word_1_116' title='bbox 675 1650 786 1711; x_wconf 83' lang='lat' dir='ltr'><strong>interos</strong></span> <span class='ocrx_word' id='word_1_117' title='bbox 805 1670 871 1711; x_wconf 92' lang='lat' dir='ltr'><strong>eum</strong></span> <span class='ocrx_word' id='word_1_118' title='bbox 888 1648 1040 1711; x_wconf 86' lang='lat' dir='ltr'><strong>divinitate</strong></span> <span class='ocrx_word' id='word_1_119' title='bbox 1059 1668 1112 1710; x_wconf 86' lang='lat' dir='ltr'><strong>sua</strong></span> <span class='ocrx_word' id='word_1_120' title='bbox 1128 1645 1282 1727; x_wconf 88' lang='lat' dir='ltr'><strong>animaque</strong></span> <span class='ocrx_word' id='word_1_121' title='bbox 1299 1641 1350 1705; x_wconf 91' lang='lat' dir='ltr'><strong>de·</strong></span> 
     </span>
     <span class='ocr_line' id='line_1_16' title="bbox 194 1745 1351 1840; baseline -0.011 -21"><span class='ocrx_word' id='word_1_122' title='bbox 194 1755 324 1833; x_wconf 82' lang='lat' dir='ltr'><strong>scandit,</strong></span> <span class='ocrx_word' id='word_1_123' title='bbox 356 1755 501 1840; x_wconf 85' lang='lat' dir='ltr'><strong>captivam</strong></span> <span class='ocrx_word' id='word_1_124' title='bbox 520 1753 599 1816; x_wconf 91' lang='lat' dir='ltr'><strong>ducit</strong></span> <span class='ocrx_word' id='word_1_125' title='bbox 616 1750 837 1834; x_wconf 86' lang='lat' dir='ltr'><strong>captivitatem,</strong></span> <span class='ocrx_word' id='word_1_126' title='bbox 868 1770 902 1812; x_wconf 92' lang='lat' dir='ltr'><strong>ac</strong></span> <span class='ocrx_word' id='word_1_127' title='bbox 919 1751 1008 1812; x_wconf 87' lang='lat' dir='ltr'><strong>tertio</strong></span> <span class='ocrx_word' id='word_1_128' title='bbox 1022 1749 1068 1813; x_wconf 90' lang='lat' dir='ltr'><strong>die</strong></span> <span class='ocrx_word' id='word_1_129' title='bbox 1084 1770 1148 1812; x_wconf 87' lang='lat' dir='ltr'><strong>eom</strong></span> <span class='ocrx_word' id='word_1_130' title='bbox 1166 1745 1351 1810; x_wconf 85' lang='lat' dir='ltr'><strong>sanctissimo</strong></span> 
     </span>
     <span class='ocr_line' id='line_1_17' title="bbox 194 1848 1351 1941; baseline -0.008 -21"><span class='ocrx_word' id='word_1_131' title='bbox 194 1879 249 1920; x_wconf 92' lang='lat' dir='ltr'><strong>suo</strong></span> <span class='ocrx_word' id='word_1_132' title='bbox 266 1878 389 1941; x_wconf 87' lang='lat' dir='ltr'><strong>corpore</strong></span> <span class='ocrx_word' id='word_1_133' title='bbox 407 1858 548 1920; x_wconf 83' lang='lat' dir='ltr'><strong>advitam</strong></span> <span class='ocrx_word' id='word_1_134' title='bbox 566 1854 725 1917; x_wconf 84' lang='lat' dir='ltr'><strong>excitatur.</strong></span> <span class='ocrx_word' id='word_1_135' title='bbox 771 1849 857 1933; x_wconf 81' lang='lat' dir='ltr'><strong>Quod</strong></span> <span class='ocrx_word' id='word_1_136' title='bbox 876 1853 990 1935; x_wconf 91' lang='lat' dir='ltr'><strong>quidem</strong></span> <span class='ocrx_word' id='word_1_137' title='bbox 1014 1872 1119 1937; x_wconf 91' lang='lat' dir='ltr'><strong>eorpus</strong></span> <span class='ocrx_word' id='word_1_138' title='bbox 1137 1870 1231 1935; x_wconf 90' lang='lat' dir='ltr'><strong>neque</strong></span> <span class='ocrx_word' id='word_1_139' title='bbox 1245 1848 1351 1912; x_wconf 87' lang='lat' dir='ltr'><strong>dissol-</strong></span> 
     </span>
     <span class='ocr_line' id='line_1_18' title="bbox 194 1952 1352 2043; baseline -0.009 -21"><span class='ocrx_word' id='word_1_140' title='bbox 194 1960 319 2024; x_wconf 91' lang='lat' dir='ltr'><strong>vendum</strong></span> <span class='ocrx_word' id='word_1_141' title='bbox 344 1960 484 2043; x_wconf 89' lang='lat' dir='ltr'><strong>amplius,</strong></span> <span class='ocrx_word' id='word_1_142' title='bbox 517 1977 572 2019; x_wconf 89' lang='lat' dir='ltr'><strong>noe</strong></span> <span class='ocrx_word' id='word_1_143' title='bbox 590 1977 759 2041; x_wconf 89' lang='lat' dir='ltr'><strong>passurum,</strong></span> <span class='ocrx_word' id='word_1_144' title='bbox 794 1976 849 2017; x_wconf 92' lang='lat' dir='ltr'><strong>oee</strong></span> <span class='ocrx_word' id='word_1_145' title='bbox 866 1954 919 2018; x_wconf 90' lang='lat' dir='ltr'><strong>suh</strong></span> <span class='ocrx_word' id='word_1_146' title='bbox 938 1954 1040 2018; x_wconf 91' lang='lat' dir='ltr'><strong>mortis</strong></span> <span class='ocrx_word' id='word_1_147' title='bbox 1056 1952 1233 2016; x_wconf 90' lang='lat' dir='ltr'><strong>dominatum</strong></span> <span class='ocrx_word' id='word_1_148' title='bbox 1250 1961 1352 2036; x_wconf 88' lang='lat' dir='ltr'><strong>postea</strong></span> 
     </span>
     <span class='ocr_line' id='line_1_19' title="bbox 195 2053 1352 2141; baseline -0.006 -19"><span class='ocrx_word' id='word_1_149' title='bbox 195 2081 348 2124; x_wconf 87' lang='lat' dir='ltr'><strong>cessurum</strong></span> <span class='ocrx_word' id='word_1_150' title='bbox 365 2083 430 2123; x_wconf 85' lang='lat' dir='ltr'><strong>cunr</strong></span> <span class='ocrx_word' id='word_1_151' title='bbox 449 2081 502 2124; x_wconf 91' lang='lat' dir='ltr'><strong>sua</strong></span> <span class='ocrx_word' id='word_1_152' title='bbox 521 2059 672 2122; x_wconf 89' lang='lat' dir='ltr'><strong>divinitate</strong></span> <span class='ocrx_word' id='word_1_153' title='bbox 691 2056 856 2121; x_wconf 85' lang='lat' dir='ltr'><strong>coniunxit.</strong></span> <span class='ocrx_word' id='word_1_154' title='bbox 903 2058 932 2118; x_wconf 93' lang='lat' dir='ltr'><strong>ld</strong></span> <span class='ocrx_word' id='word_1_155' title='bbox 952 2057 1027 2139; x_wconf 95' lang='lat' dir='ltr'><strong>quod</strong></span> <span class='ocrx_word' id='word_1_156' title='bbox 1046 2056 1168 2141; x_wconf 89' lang='lat' dir='ltr'><strong>apostoli</strong></span> <span class='ocrx_word' id='word_1_157' title='bbox 1185 2053 1352 2118; x_wconf 89' lang='lat' dir='ltr'><strong>testimonio</strong></span> 
     </span>
    </p>
   </div>
   <div class='ocr_carea' id='block_1_3' title="bbox 195 2155 1492 2554">
    <p class='ocr_par' dir='ltr' id='par_1_3' title="bbox 195 2155 1492 2554">
     <span class='ocr_line' id='line_1_20' title="bbox 196 2155 1492 2248; baseline -0.007 -22"><span class='ocrx_word' id='word_1_158' title='bbox 196 2163 419 2248; x_wconf 71' lang='lat' dir='ltr'><strong>comprobatum</strong></span> <span class='ocrx_word' id='word_1_159' title='bbox 452 2165 551 2235; x_wconf 86' lang='lat' dir='ltr'><strong>Mors,</strong></span> <span class='ocrx_word' id='word_1_160' title='bbox 587 2161 698 2244; x_wconf 86' lang='lat' dir='ltr'><strong>iuquit,</strong></span> <span class='ocrx_word' id='word_1_161' title='bbox 721 2184 777 2222; x_wconf 86' lang='lat' dir='ltr'><strong>non</strong></span> <span class='ocrx_word' id='word_1_162' title='bbox 795 2163 915 2241; x_wconf 79' lang='lat' dir='ltr'><strong>amplius</strong></span> <span class='ocrx_word' id='word_1_163' title='bbox 930 2161 1168 2220; x_wconf 77' lang='lat' dir='ltr'><strong>er&#39;domincbr&#39;tur.</strong></span> <span class='ocrx_word' id='word_1_164' title='bbox 1214 2155 1280 2219; x_wconf 86' lang='lat' dir='ltr'><strong>lloo</strong></span> <span class='ocrx_word' id='word_1_165' title='bbox 1296 2155 1492 2238; x_wconf 65' lang='lat' dir='ltr'><strong>igi-unm·</strong></span> 
     </span>
     <span class='ocr_line' id='line_1_21' title="bbox 195 2257 1353 2350; baseline -0.007 -22"><span class='ocrx_word' id='word_1_166' title='bbox 195 2276 244 2329; x_wconf 90' lang='lat' dir='ltr'><strong>tor</strong></span> <span class='ocrx_word' id='word_1_167' title='bbox 259 2267 352 2350; x_wconf 93' lang='lat' dir='ltr'><strong>ipsum</strong></span> <span class='ocrx_word' id='word_1_168' title='bbox 369 2286 496 2349; x_wconf 87' lang='lat' dir='ltr'><strong>corpus,</strong></span> <span class='ocrx_word' id='word_1_169' title='bbox 529 2284 647 2326; x_wconf 76' lang='lat' dir='ltr'><strong>carerem</strong></span> <span class='ocrx_word' id='word_1_170' title='bbox 669 2263 760 2348; x_wconf 86' lang='lat' dir='ltr'><strong>ipsam</strong></span> <span class='ocrx_word' id='word_1_171' title='bbox 781 2273 811 2324; x_wconf 92' lang='lat' dir='ltr'><strong>et</strong></span> <span class='ocrx_word' id='word_1_172' title='bbox 824 2262 968 2337; x_wconf 89' lang='lat' dir='ltr'><strong>animam,</strong></span> <span class='ocrx_word' id='word_1_173' title='bbox 1000 2261 1063 2345; x_wconf 92' lang='lat' dir='ltr'><strong>ipsa</strong></span> <span class='ocrx_word' id='word_1_174' title='bbox 1081 2259 1184 2344; x_wconf 91' lang='lat' dir='ltr'><strong>quibus</strong></span> <span class='ocrx_word' id='word_1_175' title='bbox 1199 2257 1353 2321; x_wconf 81' lang='lat' dir='ltr'><strong>constabat</strong></span> 
     </span>
     <span class='ocr_line' id='line_1_22' title="bbox 196 2360 1353 2449; baseline -0.008 -18"><span class='ocrx_word' id='word_1_176' title='bbox 196 2369 311 2445; x_wconf 90' lang='lat' dir='ltr'><strong>omnia,</strong></span> <span class='ocrx_word' id='word_1_177' title='bbox 347 2389 405 2431; x_wconf 91' lang='lat' dir='ltr'><strong>non</strong></span> <span class='ocrx_word' id='word_1_178' title='bbox 422 2367 500 2431; x_wconf 92' lang='lat' dir='ltr'><strong>aliud</strong></span> <span class='ocrx_word' id='word_1_179' title='bbox 524 2366 676 2449; x_wconf 89' lang='lat' dir='ltr'><strong>quicquam</strong></span> <span class='ocrx_word' id='word_1_180' title='bbox 704 2375 822 2449; x_wconf 89' lang='lat' dir='ltr'><strong>praeter</strong></span> <span class='ocrx_word' id='word_1_181' title='bbox 844 2385 946 2428; x_wconf 87' lang='lat' dir='ltr'><strong>verum</strong></span> <span class='ocrx_word' id='word_1_182' title='bbox 972 2384 1097 2449; x_wconf 88' lang='lat' dir='ltr'><strong>eorpus,</strong></span> <span class='ocrx_word' id='word_1_183' title='bbox 1129 2363 1180 2424; x_wconf 88' lang='lat' dir='ltr'><strong>sed</strong></span> <span class='ocrx_word' id='word_1_184' title='bbox 1198 2360 1353 2445; x_wconf 88' lang='lat' dir='ltr'><strong>ipsummet</strong></span> 
     </span>
     <span class='ocr_line' id='line_1_23' title="bbox 195 2453 1351 2554; baseline -0.009 -20"><span class='ocrx_word' id='word_1_185' title='bbox 195 2471 264 2534; x_wconf 92' lang='lat' dir='ltr'><strong>illud</strong></span> <span class='ocrx_word' id='word_1_186' title='bbox 280 2471 308 2534; x_wconf 82' lang='lat' dir='ltr'><strong>ui</strong></span> <span class='ocrx_word' id='word_1_187' title='bbox 325 2469 446 2533; x_wconf 86' lang='lat' dir='ltr'><strong>coelesti</strong></span> <span class='ocrx_word' id='word_1_188' title='bbox 471 2469 616 2554; x_wconf 81' lang='lat' dir='ltr'><strong>pertudit,</strong></span> <span class='ocrx_word' id='word_1_189' title='bbox 648 2478 677 2529; x_wconf 90' lang='lat' dir='ltr'><strong>et</strong></span> <span class='ocrx_word' id='word_1_190' title='bbox 696 2467 830 2530; x_wconf 91' lang='lat' dir='ltr'><strong>inunum</strong></span> <span class='ocrx_word' id='word_1_191' title='bbox 848 2467 1001 2549; x_wconf 84' lang='lat' dir='ltr'><strong>idemque,</strong></span> <span class='ocrx_word' id='word_1_192' title='bbox 1034 2465 1063 2527; x_wconf 91' lang='lat' dir='ltr'><strong>iu</strong></span> <span class='ocrx_word' id='word_1_193' title='bbox 1083 2485 1187 2542; x_wconf 92' lang='lat' dir='ltr'><strong>unam,</strong></span> <span class='ocrx_word' id='word_1_194' title='bbox 1220 2453 1351 2546; x_wconf 85' lang='lat' dir='ltr'><strong>inquam,</strong></span> 
     </span>
    </p>
   </div>
   <div class='ocr_carea' id='block_1_4' title="bbox 195 2566 1501 4495">
    <p class='ocr_par' dir='ltr' id='par_1_4' title="bbox 195 2566 1501 4495">
     <span class='ocr_line' id='line_1_24' title="bbox 195 2566 1354 2651; baseline -0.006 -17"><span class='ocrx_word' id='word_1_195' title='bbox 195 2573 379 2635; x_wconf 88' lang='lat' dir='ltr'><strong>divinitatem</strong></span> <span class='ocrx_word' id='word_1_196' title='bbox 400 2571 597 2648; x_wconf 86' lang='lat' dir='ltr'><strong>consociavit,</strong></span> <span class='ocrx_word' id='word_1_197' title='bbox 632 2580 662 2632; x_wconf 91' lang='lat' dir='ltr'><strong>ut</strong></span> <span class='ocrx_word' id='word_1_198' title='bbox 680 2579 711 2632; x_wconf 87' lang='lat' dir='ltr'><strong>et</strong></span> <span class='ocrx_word' id='word_1_199' title='bbox 727 2589 817 2632; x_wconf 91' lang='lat' dir='ltr'><strong>carne</strong></span> <span class='ocrx_word' id='word_1_200' title='bbox 834 2579 972 2631; x_wconf 87' lang='lat' dir='ltr'><strong>constans</strong></span> <span class='ocrx_word' id='word_1_201' title='bbox 991 2579 1021 2630; x_wconf 91' lang='lat' dir='ltr'><strong>et</strong></span> <span class='ocrx_word' id='word_1_202' title='bbox 1036 2566 1256 2651; x_wconf 88' lang='lat' dir='ltr'><strong>incorruptum,</strong></span> <span class='ocrx_word' id='word_1_203' title='bbox 1288 2585 1354 2628; x_wconf 89' lang='lat' dir='ltr'><strong>cor·</strong></span> 
     </span>
     <span class='ocr_line' id='line_1_25' title="bbox 198 2667 1354 2758; baseline -0.007 -22"><span class='ocrx_word' id='word_1_204' title='bbox 198 2695 319 2758; x_wconf 92' lang='lat' dir='ltr'><strong>poreum</strong></span> <span class='ocrx_word' id='word_1_205' title='bbox 335 2674 422 2736; x_wconf 89' lang='lat' dir='ltr'><strong>simul</strong></span> <span class='ocrx_word' id='word_1_206' title='bbox 441 2695 476 2736; x_wconf 90' lang='lat' dir='ltr'><strong>ae</strong></span> <span class='ocrx_word' id='word_1_207' title='bbox 494 2673 645 2757; x_wconf 87' lang='lat' dir='ltr'><strong>spiritale,</strong></span> <span class='ocrx_word' id='word_1_208' title='bbox 670 2681 839 2734; x_wconf 85' lang='lat' dir='ltr'><strong>concretum</strong></span> <span class='ocrx_word' id='word_1_209' title='bbox 859 2693 894 2734; x_wconf 92' lang='lat' dir='ltr'><strong>ae</strong></span> <span class='ocrx_word' id='word_1_210' title='bbox 911 2682 1017 2751; x_wconf 89' lang='lat' dir='ltr'><strong>tenue,</strong></span> <span class='ocrx_word' id='word_1_211' title='bbox 1041 2670 1166 2734; x_wconf 84' lang='lat' dir='ltr'><strong>mortale</strong></span> <span class='ocrx_word' id='word_1_212' title='bbox 1186 2667 1296 2755; x_wconf 87' lang='lat' dir='ltr'><strong>pariter</strong></span> <span class='ocrx_word' id='word_1_213' title='bbox 1310 2677 1354 2728; x_wconf 86' lang='lat' dir='ltr'><strong>at-</strong></span> 
     </span>
     <span class='ocr_line' id='line_1_26' title="bbox 198 2771 1355 2858; baseline -0.005 -20"><span class='ocrx_word' id='word_1_214' title='bbox 198 2795 255 2858; x_wconf 89' lang='lat' dir='ltr'><strong>que</strong></span> <span class='ocrx_word' id='word_1_215' title='bbox 272 2775 435 2837; x_wconf 86' lang='lat' dir='ltr'><strong>immortale</strong></span> <span class='ocrx_word' id='word_1_216' title='bbox 459 2776 527 2838; x_wconf 92' lang='lat' dir='ltr'><strong>illud</strong></span> <span class='ocrx_word' id='word_1_217' title='bbox 549 2785 648 2851; x_wconf 92' lang='lat' dir='ltr'><strong>esset,</strong></span> <span class='ocrx_word' id='word_1_218' title='bbox 679 2775 756 2857; x_wconf 86' lang='lat' dir='ltr'><strong>quod</strong></span> <span class='ocrx_word' id='word_1_219' title='bbox 776 2774 853 2837; x_wconf 91' lang='lat' dir='ltr'><strong>nullo</strong></span> <span class='ocrx_word' id='word_1_220' title='bbox 872 2774 991 2837; x_wconf 91' lang='lat' dir='ltr'><strong>omniuo</strong></span> <span class='ocrx_word' id='word_1_221' title='bbox 1016 2773 1081 2837; x_wconf 91' lang='lat' dir='ltr'><strong>tabe</strong></span> <span class='ocrx_word' id='word_1_222' title='bbox 1099 2772 1271 2836; x_wconf 85' lang='lat' dir='ltr'><strong>dissolutum</strong></span> <span class='ocrx_word' id='word_1_223' title='bbox 1292 2771 1355 2832; x_wconf 87' lang='lat' dir='ltr'><strong>lue-</strong></span> 
     </span>
     <span class='ocr_line' id='line_1_27' title="bbox 197 2873 1355 2960; baseline -0.003 -22"><span class='ocrx_word' id='word_1_224' title='bbox 197 2887 262 2954; x_wconf 85' lang='lat' dir='ltr'><strong>rat,</strong></span> <span class='ocrx_word' id='word_1_225' title='bbox 287 2895 382 2959; x_wconf 87' lang='lat' dir='ltr'><strong>neque</strong></span> <span class='ocrx_word' id='word_1_226' title='bbox 398 2876 462 2938; x_wconf 88' lang='lat' dir='ltr'><strong>eius</strong></span> <span class='ocrx_word' id='word_1_227' title='bbox 477 2877 574 2940; x_wconf 90' lang='lat' dir='ltr'><strong>auimo</strong></span> <span class='ocrx_word' id='word_1_228' title='bbox 592 2878 666 2960; x_wconf 90' lang='lat' dir='ltr'><strong>apud</strong></span> <span class='ocrx_word' id='word_1_229' title='bbox 684 2877 795 2939; x_wconf 89' lang='lat' dir='ltr'><strong>ioleros</strong></span> <span class='ocrx_word' id='word_1_230' title='bbox 813 2876 933 2952; x_wconf 89' lang='lat' dir='ltr'><strong>relicta,</strong></span> <span class='ocrx_word' id='word_1_231' title='bbox 968 2896 1023 2939; x_wconf 89' lang='lat' dir='ltr'><strong>nec</strong></span> <span class='ocrx_word' id='word_1_232' title='bbox 1039 2876 1132 2960; x_wconf 86' lang='lat' dir='ltr'><strong>ipsum</strong></span> <span class='ocrx_word' id='word_1_233' title='bbox 1151 2875 1231 2938; x_wconf 89' lang='lat' dir='ltr'><strong>velut</strong></span> <span class='ocrx_word' id='word_1_234' title='bbox 1246 2873 1355 2935; x_wconf 89' lang='lat' dir='ltr'><strong>instru-</strong></span> 
     </span>
     <span class='ocr_line' id='line_1_28' title="bbox 196 2976 1353 3064; baseline -0.004 -21"><span class='ocrx_word' id='word_1_235' title='bbox 196 2987 327 3043; x_wconf 76' lang='lat' dir='ltr'><strong>mentum</strong></span> <span class='ocrx_word' id='word_1_236' title='bbox 355 2978 497 3061; x_wconf 91' lang='lat' dir='ltr'><strong>quoddam</strong></span> <span class='ocrx_word' id='word_1_237' title='bbox 524 2979 620 3062; x_wconf 90' lang='lat' dir='ltr'><strong>aliqua</strong></span> <span class='ocrx_word' id='word_1_238' title='bbox 638 3000 679 3041; x_wconf 85' lang='lat' dir='ltr'><strong>ex</strong></span> <span class='ocrx_word' id='word_1_239' title='bbox 700 2989 782 3064; x_wconf 89' lang='lat' dir='ltr'><strong>parte</strong></span> <span class='ocrx_word' id='word_1_240' title='bbox 808 2980 919 3062; x_wconf 89' lang='lat' dir='ltr'><strong>peccati</strong></span> <span class='ocrx_word' id='word_1_241' title='bbox 942 2979 970 3041; x_wconf 92' lang='lat' dir='ltr'><strong>in</strong></span> <span class='ocrx_word' id='word_1_242' title='bbox 988 2978 1159 3061; x_wconf 88' lang='lat' dir='ltr'><strong>obsequium</strong></span> <span class='ocrx_word' id='word_1_243' title='bbox 1178 2976 1353 3062; x_wconf 88' lang='lat' dir='ltr'><strong>impensum,</strong></span> 
     </span>
     <span class='ocr_line' id='line_1_29' title="bbox 197 3076 1355 3165; baseline -0.003 -22"><span class='ocrx_word' id='word_1_244' title='bbox 197 3100 294 3163; x_wconf 89' lang='lat' dir='ltr'><strong>neque</strong></span> <span class='ocrx_word' id='word_1_245' title='bbox 319 3101 403 3143; x_wconf 90' lang='lat' dir='ltr'><strong>meos</strong></span> <span class='ocrx_word' id='word_1_246' title='bbox 434 3080 491 3144; x_wconf 89' lang='lat' dir='ltr'><strong>ulla</strong></span> <span class='ocrx_word' id='word_1_247' title='bbox 516 3092 581 3143; x_wconf 91' lang='lat' dir='ltr'><strong>erat</strong></span> <span class='ocrx_word' id='word_1_248' title='bbox 603 3080 632 3143; x_wconf 93' lang='lat' dir='ltr'><strong>in</strong></span> <span class='ocrx_word' id='word_1_249' title='bbox 658 3081 787 3144; x_wconf 90' lang='lat' dir='ltr'><strong>deterius</strong></span> <span class='ocrx_word' id='word_1_250' title='bbox 810 3081 971 3144; x_wconf 90' lang='lat' dir='ltr'><strong>mutatione</strong></span> <span class='ocrx_word' id='word_1_251' title='bbox 996 3081 1120 3165; x_wconf 81' lang='lat' dir='ltr'><strong>polluta:</strong></span> <span class='ocrx_word' id='word_1_252' title='bbox 1156 3080 1207 3142; x_wconf 89' lang='lat' dir='ltr'><strong>sed</strong></span> <span class='ocrx_word' id='word_1_253' title='bbox 1232 3079 1272 3141; x_wconf 87' lang='lat' dir='ltr'><strong>ita</strong></span> <span class='ocrx_word' id='word_1_254' title='bbox 1298 3076 1355 3141; x_wconf 92' lang='lat' dir='ltr'><strong>sibi</strong></span> 
     </span>
     <span class='ocr_line' id='line_1_30' title="bbox 198 3165 1354 3269; baseline -0.003 -23"><span class='ocrx_word' id='word_1_255' title='bbox 198 3182 295 3246; x_wconf 82' lang='lat' dir='ltr'><strong>omnia</strong></span> <span class='ocrx_word' id='word_1_256' title='bbox 315 3202 388 3264; x_wconf 89' lang='lat' dir='ltr'><strong>quae</strong></span> <span class='ocrx_word' id='word_1_257' title='bbox 409 3183 556 3246; x_wconf 89' lang='lat' dir='ltr'><strong>hominum</strong></span> <span class='ocrx_word' id='word_1_258' title='bbox 582 3184 698 3269; x_wconf 90' lang='lat' dir='ltr'><strong>propria</strong></span> <span class='ocrx_word' id='word_1_259' title='bbox 718 3195 788 3246; x_wconf 88' lang='lat' dir='ltr'><strong>sunt</strong></span> <span class='ocrx_word' id='word_1_260' title='bbox 811 3184 953 3261; x_wconf 82' lang='lat' dir='ltr'><strong>adscivit,</strong></span> <span class='ocrx_word' id='word_1_261' title='bbox 989 3184 1089 3246; x_wconf 88' lang='lat' dir='ltr'><strong>eadem</strong></span> <span class='ocrx_word' id='word_1_262' title='bbox 1111 3193 1143 3246; x_wconf 92' lang='lat' dir='ltr'><strong>ut</strong></span> <span class='ocrx_word' id='word_1_263' title='bbox 1157 3165 1270 3266; x_wconf 87' lang='lat' dir='ltr'><strong>integra</strong></span> <span class='ocrx_word' id='word_1_264' title='bbox 1290 3201 1354 3244; x_wconf 88' lang='lat' dir='ltr'><strong>aer-</strong></span> 
     </span>
     <span class='ocr_line' id='line_1_31' title="bbox 198 3283 1353 3369; baseline -0.004 -19"><span class='ocrx_word' id='word_1_265' title='bbox 198 3294 282 3350; x_wconf 79' lang='lat' dir='ltr'><strong>roret</strong></span> <span class='ocrx_word' id='word_1_266' title='bbox 302 3304 376 3366; x_wconf 90' lang='lat' dir='ltr'><strong>quae</strong></span> <span class='ocrx_word' id='word_1_267' title='bbox 400 3305 489 3361; x_wconf 85' lang='lat' dir='ltr'><strong>verae</strong></span> <span class='ocrx_word' id='word_1_268' title='bbox 507 3285 548 3348; x_wconf 92' lang='lat' dir='ltr'><strong>illi</strong></span> <span class='ocrx_word' id='word_1_269' title='bbox 568 3308 652 3369; x_wconf 89' lang='lat' dir='ltr'><strong>quam</strong></span> <span class='ocrx_word' id='word_1_270' title='bbox 671 3287 727 3350; x_wconf 94' lang='lat' dir='ltr'><strong>sibi</strong></span> <span class='ocrx_word' id='word_1_271' title='bbox 746 3286 957 3349; x_wconf 84' lang='lat' dir='ltr'><strong>conciliaverat</strong></span> <span class='ocrx_word' id='word_1_272' title='bbox 974 3297 1095 3348; x_wconf 91' lang='lat' dir='ltr'><strong>naturae</strong></span> <span class='ocrx_word' id='word_1_273' title='bbox 1114 3283 1300 3349; x_wconf 86' lang='lat' dir='ltr'><strong>necessarios</strong></span> <span class='ocrx_word' id='word_1_274' title='bbox 1318 3284 1353 3346; x_wconf 88' lang='lat' dir='ltr'><strong>ad</strong></span> 
     </span>
     <span class='ocr_line' id='line_1_32' title="bbox 198 3386 1384 3473; baseline -0.003 -22"><span class='ocrx_word' id='word_1_275' title='bbox 198 3408 269 3451; x_wconf 88' lang='lat' dir='ltr'><strong>osus</strong></span> <span class='ocrx_word' id='word_1_276' title='bbox 294 3386 433 3449; x_wconf 89' lang='lat' dir='ltr'><strong>divinitas</strong></span> <span class='ocrx_word' id='word_1_277' title='bbox 455 3399 662 3465; x_wconf 81' lang='lat' dir='ltr'><strong>coracesserat,</strong></span> <span class='ocrx_word' id='word_1_278' title='bbox 697 3409 768 3451; x_wconf 85' lang='lat' dir='ltr'><strong>usus</strong></span> <span class='ocrx_word' id='word_1_279' title='bbox 792 3389 927 3452; x_wconf 93' lang='lat' dir='ltr'><strong>nimirum</strong></span> <span class='ocrx_word' id='word_1_280' title='bbox 946 3389 1012 3451; x_wconf 88' lang='lat' dir='ltr'><strong>illos</strong></span> <span class='ocrx_word' id='word_1_281' title='bbox 1035 3387 1083 3472; x_wconf 92' lang='lat' dir='ltr'><strong>qui</strong></span> <span class='ocrx_word' id='word_1_282' title='bbox 1103 3399 1134 3452; x_wconf 91' lang='lat' dir='ltr'><strong>ut</strong></span> <span class='ocrx_word' id='word_1_283' title='bbox 1155 3409 1221 3451; x_wconf 87' lang='lat' dir='ltr'><strong>esse</strong></span> <span class='ocrx_word' id='word_1_284' title='bbox 1237 3387 1353 3473; x_wconf 87' lang='lat' dir='ltr'><strong>penitus</strong></span> <span class='ocrx_word' id='word_1_285' title='bbox 1382 3407 1384 3414; x_wconf 39' lang='lat'>⁸</span> 
     </span>
     <span class='ocr_line' id='line_1_33' title="bbox 198 3487 1354 3574; baseline 0.001 -23"><span class='ocrx_word' id='word_1_286' title='bbox 198 3488 312 3573; x_wconf 86' lang='lat' dir='ltr'><strong>possint</strong></span> <span class='ocrx_word' id='word_1_287' title='bbox 328 3487 432 3573; x_wconf 91' lang='lat' dir='ltr'><strong>partim</strong></span> <span class='ocrx_word' id='word_1_288' title='bbox 450 3489 582 3573; x_wconf 88' lang='lat' dir='ltr'><strong>corporis</strong></span> <span class='ocrx_word' id='word_1_289' title='bbox 598 3499 704 3571; x_wconf 86' lang='lat' dir='ltr'><strong>egent,</strong></span> <span class='ocrx_word' id='word_1_290' title='bbox 738 3490 841 3572; x_wconf 89' lang='lat' dir='ltr'><strong>partim</strong></span> <span class='ocrx_word' id='word_1_291' title='bbox 859 3491 948 3554; x_wconf 89' lang='lat' dir='ltr'><strong>animi</strong></span> <span class='ocrx_word' id='word_1_292' title='bbox 972 3502 1059 3574; x_wconf 90' lang='lat' dir='ltr'><strong>atque</strong></span> <span class='ocrx_word' id='word_1_293' title='bbox 1084 3490 1225 3554; x_wconf 86' lang='lat' dir='ltr'><strong>humanae</strong></span> <span class='ocrx_word' id='word_1_294' title='bbox 1247 3489 1354 3553; x_wconf 89' lang='lat' dir='ltr'><strong>mentis</strong></span> 
     </span>
     <span class='ocr_line' id='line_1_34' title="bbox 198 3589 1352 3678; baseline 0.002 -26"><span class='ocrx_word' id='word_1_295' title='bbox 198 3590 391 3666; x_wconf 89' lang='lat' dir='ltr'><strong>adminiculo,</strong></span> <span class='ocrx_word' id='word_1_296' title='bbox 415 3589 578 3653; x_wconf 84' lang='lat' dir='ltr'><strong>cuiusmodi</strong></span> <span class='ocrx_word' id='word_1_297' title='bbox 599 3601 669 3653; x_wconf 86' lang='lat' dir='ltr'><strong>suot</strong></span> <span class='ocrx_word' id='word_1_298' title='bbox 685 3592 791 3670; x_wconf 85' lang='lat' dir='ltr'><strong>lamas,</strong></span> <span class='ocrx_word' id='word_1_299' title='bbox 814 3592 895 3670; x_wconf 90' lang='lat' dir='ltr'><strong>sitis,</strong></span> <span class='ocrx_word' id='word_1_300' title='bbox 919 3593 1004 3656; x_wconf 87' lang='lat' dir='ltr'><strong>lletus</strong></span> <span class='ocrx_word' id='word_1_301' title='bbox 1019 3614 1054 3655; x_wconf 89' lang='lat' dir='ltr'><strong>ac</strong></span> <span class='ocrx_word' id='word_1_302' title='bbox 1070 3593 1168 3671; x_wconf 90' lang='lat' dir='ltr'><strong>dolor,</strong></span> <span class='ocrx_word' id='word_1_303' title='bbox 1193 3593 1352 3678; x_wconf 79' lang='lat' dir='ltr'><strong>lacrymae,</strong></span> 
     </span>
     <span class='ocr_line' id='line_1_35' title="bbox 197 3690 1355 3780; baseline 0 -24"><span class='ocrx_word' id='word_1_304' title='bbox 197 3713 319 3757; x_wconf 86' lang='lat' dir='ltr'><strong>somnus</strong></span> <span class='ocrx_word' id='word_1_305' title='bbox 341 3714 376 3756; x_wconf 87' lang='lat' dir='ltr'><strong>ac</strong></span> <span class='ocrx_word' id='word_1_306' title='bbox 393 3693 521 3776; x_wconf 92' lang='lat' dir='ltr'><strong>requies.</strong></span> <span class='ocrx_word' id='word_1_307' title='bbox 567 3690 651 3754; x_wconf 90' lang='lat' dir='ltr'><strong>llaec</strong></span> <span class='ocrx_word' id='word_1_308' title='bbox 674 3692 751 3754; x_wconf 90' lang='lat' dir='ltr'><strong>enim</strong></span> <span class='ocrx_word' id='word_1_309' title='bbox 777 3695 874 3757; x_wconf 76' lang='lat' dir='ltr'><strong>omunia</strong></span> <span class='ocrx_word' id='word_1_310' title='bbox 899 3695 976 3758; x_wconf 89' lang='lat' dir='ltr'><strong>nullo</strong></span> <span class='ocrx_word' id='word_1_311' title='bbox 995 3696 1138 3759; x_wconf 81' lang='lat' dir='ltr'><strong>infuscata</strong></span> <span class='ocrx_word' id='word_1_312' title='bbox 1160 3695 1269 3779; x_wconf 88' lang='lat' dir='ltr'><strong>peccati</strong></span> <span class='ocrx_word' id='word_1_313' title='bbox 1289 3714 1355 3780; x_wconf 85' lang='lat' dir='ltr'><strong>spe-</strong></span> 
     </span>
     <span class='ocr_line' id='line_1_36' title="bbox 198 3793 1354 3881; baseline 0.002 -23"><span class='ocrx_word' id='word_1_314' title='bbox 198 3797 244 3860; x_wconf 92' lang='lat' dir='ltr'><strong>cie</strong></span> <span class='ocrx_word' id='word_1_315' title='bbox 260 3807 415 3879; x_wconf 86' lang='lat' dir='ltr'><strong>susceptae</strong></span> <span class='ocrx_word' id='word_1_316' title='bbox 434 3794 530 3878; x_wconf 89' lang='lat' dir='ltr'><strong>reipsa</strong></span> <span class='ocrx_word' id='word_1_317' title='bbox 548 3804 671 3857; x_wconf 89' lang='lat' dir='ltr'><strong>naturae</strong></span> <span class='ocrx_word' id='word_1_318' title='bbox 692 3793 817 3857; x_wconf 88' lang='lat' dir='ltr'><strong>hominis</strong></span> <span class='ocrx_word' id='word_1_319' title='bbox 833 3807 1006 3879; x_wconf 88' lang='lat' dir='ltr'><strong>argumenta</strong></span> <span class='ocrx_word' id='word_1_320' title='bbox 1022 3797 1191 3875; x_wconf 67' lang='lat' dir='ltr'><strong>continent,</strong></span> <span class='ocrx_word' id='word_1_321' title='bbox 1215 3819 1271 3881; x_wconf 88' lang='lat' dir='ltr'><strong>qua</strong></span> <span class='ocrx_word' id='word_1_322' title='bbox 1289 3819 1354 3860; x_wconf 91' lang='lat' dir='ltr'><strong>eom</strong></span> 
     </span>
     <span class='ocr_line' id='line_1_37' title="bbox 198 3896 1354 3983; baseline -0.002 -21"><span class='ocrx_word' id='word_1_323' title='bbox 198 3919 269 3963; x_wconf 85' lang='lat' dir='ltr'><strong>vere</strong></span> <span class='ocrx_word' id='word_1_324' title='bbox 286 3899 453 3960; x_wconf 89' lang='lat' dir='ltr'><strong>consociata</strong></span> <span class='ocrx_word' id='word_1_325' title='bbox 472 3896 609 3959; x_wconf 88' lang='lat' dir='ltr'><strong>divinitas</strong></span> <span class='ocrx_word' id='word_1_326' title='bbox 625 3896 779 3959; x_wconf 91' lang='lat' dir='ltr'><strong>humanum</strong></span> <span class='ocrx_word' id='word_1_327' title='bbox 795 3909 892 3960; x_wconf 90' lang='lat' dir='ltr'><strong>tameo</strong></span> <span class='ocrx_word' id='word_1_328' title='bbox 910 3899 1018 3981; x_wconf 91' lang='lat' dir='ltr'><strong>patitur</strong></span> <span class='ocrx_word' id='word_1_329' title='bbox 1034 3898 1122 3976; x_wconf 89' lang='lat' dir='ltr'><strong>nihil,</strong></span> <span class='ocrx_word' id='word_1_330' title='bbox 1146 3900 1261 3962; x_wconf 90' lang='lat' dir='ltr'><strong>tametsi</strong></span> <span class='ocrx_word' id='word_1_331' title='bbox 1280 3919 1354 3983; x_wconf 89' lang='lat' dir='ltr'><strong>quae</strong></span> 
     </span>
     <span class='ocr_line' id='line_1_38' title="bbox 198 3997 1357 4082; baseline 0 -18"><span class='ocrx_word' id='word_1_332' title='bbox 198 4001 304 4065; x_wconf 88' lang='lat' dir='ltr'><strong>rationi</strong></span> <span class='ocrx_word' id='word_1_333' title='bbox 329 4010 529 4062; x_wconf 86' lang='lat' dir='ltr'><strong>consentanea</strong></span> <span class='ocrx_word' id='word_1_334' title='bbox 555 3999 669 4074; x_wconf 82' lang='lat' dir='ltr'><strong>locent,</strong></span> <span class='ocrx_word' id='word_1_335' title='bbox 705 3997 872 4076; x_wconf 87' lang='lat' dir='ltr'><strong>admiserit,</strong></span> <span class='ocrx_word' id='word_1_336' title='bbox 906 4009 993 4082; x_wconf 90' lang='lat' dir='ltr'><strong>atque</strong></span> <span class='ocrx_word' id='word_1_337' title='bbox 1016 4000 1147 4063; x_wconf 89' lang='lat' dir='ltr'><strong>abomni</strong></span> <span class='ocrx_word' id='word_1_338' title='bbox 1164 4002 1294 4080; x_wconf 87' lang='lat' dir='ltr'><strong>scelere,</strong></span> <span class='ocrx_word' id='word_1_339' title='bbox 1327 4012 1357 4064; x_wconf 92' lang='lat' dir='ltr'><strong>et</strong></span> 
     </span>
     <span class='ocr_line' id='line_1_39' title="bbox 197 4101 1501 4187; baseline -0.002 -20"><span class='ocrx_word' id='word_1_340' title='bbox 197 4103 228 4167; x_wconf 88' lang='lat' dir='ltr'><strong>in</strong></span> <span class='ocrx_word' id='word_1_341' title='bbox 248 4104 331 4187; x_wconf 89' lang='lat' dir='ltr'><strong>peius</strong></span> <span class='ocrx_word' id='word_1_342' title='bbox 349 4124 383 4165; x_wconf 85' lang='lat' dir='ltr'><strong>ae</strong></span> <span class='ocrx_word' id='word_1_343' title='bbox 404 4101 527 4164; x_wconf 88' lang='lat' dir='ltr'><strong>vetitum</strong></span> <span class='ocrx_word' id='word_1_344' title='bbox 552 4101 713 4163; x_wconf 88' lang='lat' dir='ltr'><strong>mutatione</strong></span> <span class='ocrx_word' id='word_1_345' title='bbox 737 4102 836 4183; x_wconf 88' lang='lat' dir='ltr'><strong>procul</strong></span> <span class='ocrx_word' id='word_1_346' title='bbox 861 4101 997 4164; x_wconf 88' lang='lat' dir='ltr'><strong>abluerit.</strong></span> <span class='ocrx_word' id='word_1_347' title='bbox 1045 4102 1091 4164; x_wconf 80' lang='lat' dir='ltr'><strong>Ad</strong></span> <span class='ocrx_word' id='word_1_348' title='bbox 1115 4103 1187 4166; x_wconf 86' lang='lat' dir='ltr'><strong>haee</strong></span> <span class='ocrx_word' id='word_1_349' title='bbox 1209 4105 1356 4167; x_wconf 85' lang='lat' dir='ltr'><strong>excitatus</strong></span> <span class='ocrx_word' id='word_1_350' title='bbox 1375 4119 1452 4165; x_wconf 72' lang='lat' dir='ltr'><strong>tonan</strong></span> <span class='ocrx_word' id='word_1_351' title='bbox 1463 4119 1501 4165; x_wconf 68' lang='lat' dir='ltr'><strong>n.</strong></span> 
     </span>
     <span class='ocr_line' id='line_1_40' title="bbox 197 4201 1356 4290; baseline 0.003 -24"><span class='ocrx_word' id='word_1_352' title='bbox 197 4225 214 4266; x_wconf 91' lang='lat' dir='ltr'><strong>a</strong></span> <span class='ocrx_word' id='word_1_353' title='bbox 234 4215 329 4266; x_wconf 88' lang='lat' dir='ltr'><strong>morte</strong></span> <span class='ocrx_word' id='word_1_354' title='bbox 354 4201 491 4267; x_wconf 88' lang='lat' dir='ltr'><strong>Christus</strong></span> <span class='ocrx_word' id='word_1_355' title='bbox 517 4203 644 4265; x_wconf 87' lang='lat' dir='ltr'><strong>occlusis</strong></span> <span class='ocrx_word' id='word_1_356' title='bbox 667 4202 763 4266; x_wconf 87' lang='lat' dir='ltr'><strong>ianuis</strong></span> <span class='ocrx_word' id='word_1_357' title='bbox 787 4203 941 4288; x_wconf 88' lang='lat' dir='ltr'><strong>ingressus</strong></span> <span class='ocrx_word' id='word_1_358' title='bbox 965 4215 1029 4281; x_wconf 88' lang='lat' dir='ltr'><strong>est,</strong></span> <span class='ocrx_word' id='word_1_359' title='bbox 1063 4206 1103 4268; x_wconf 92' lang='lat' dir='ltr'><strong>uti</strong></span> <span class='ocrx_word' id='word_1_360' title='bbox 1121 4206 1197 4290; x_wconf 90' lang='lat' dir='ltr'><strong>qnod</strong></span> <span class='ocrx_word' id='word_1_361' title='bbox 1216 4206 1356 4269; x_wconf 91' lang='lat' dir='ltr'><strong>hactenus</strong></span> 
     </span>
     <span class='ocr_line' id='line_1_41' title="bbox 199 4307 1356 4393; baseline 0.003 -25"><span class='ocrx_word' id='word_1_362' title='bbox 199 4327 330 4368; x_wconf 87' lang='lat' dir='ltr'><strong>crassum</strong></span> <span class='ocrx_word' id='word_1_363' title='bbox 349 4316 577 4388; x_wconf 88' lang='lat' dir='ltr'><strong>concretumque</strong></span> <span class='ocrx_word' id='word_1_364' title='bbox 595 4307 689 4368; x_wconf 87' lang='lat' dir='ltr'><strong>luerat</strong></span> <span class='ocrx_word' id='word_1_365' title='bbox 706 4328 831 4391; x_wconf 90' lang='lat' dir='ltr'><strong>corpus,</strong></span> <span class='ocrx_word' id='word_1_366' title='bbox 866 4308 967 4369; x_wconf 86' lang='lat' dir='ltr'><strong>eudem</strong></span> <span class='ocrx_word' id='word_1_367' title='bbox 989 4329 1054 4369; x_wconf 91' lang='lat' dir='ltr'><strong>eum</strong></span> <span class='ocrx_word' id='word_1_368' title='bbox 1074 4330 1164 4370; x_wconf 88' lang='lat' dir='ltr'><strong>earne</strong></span> <span class='ocrx_word' id='word_1_369' title='bbox 1183 4309 1356 4393; x_wconf 90' lang='lat' dir='ltr'><strong>ossibusque</strong></span> 
     </span>
     <span class='ocr_line' id='line_1_42' title="bbox 199 4406 1355 4495; baseline 0.004 -26"><span class='ocrx_word' id='word_1_370' title='bbox 199 4417 287 4469; x_wconf 92' lang='lat' dir='ltr'><strong>tenue</strong></span> <span class='ocrx_word' id='word_1_371' title='bbox 309 4429 342 4469; x_wconf 89' lang='lat' dir='ltr'><strong>ae</strong></span> <span class='ocrx_word' id='word_1_372' title='bbox 363 4409 469 4470; x_wconf 90' lang='lat' dir='ltr'><strong>subtile</strong></span> <span class='ocrx_word' id='word_1_373' title='bbox 493 4429 560 4470; x_wconf 84' lang='lat' dir='ltr'><strong>esse</strong></span> <span class='ocrx_word' id='word_1_374' title='bbox 587 4417 775 4471; x_wconf 88' lang='lat' dir='ltr'><strong>monstraret.</strong></span> <span class='ocrx_word' id='word_1_375' title='bbox 822 4406 929 4472; x_wconf 89' lang='lat' dir='ltr'><strong>Statim</strong></span> <span class='ocrx_word' id='word_1_376' title='bbox 954 4409 1031 4472; x_wconf 88' lang='lat' dir='ltr'><strong>enim</strong></span> <span class='ocrx_word' id='word_1_377' title='bbox 1053 4420 1139 4494; x_wconf 90' lang='lat' dir='ltr'><strong>atque</strong></span> <span class='ocrx_word' id='word_1_378' title='bbox 1155 4411 1355 4495; x_wconf 87' lang='lat' dir='ltr'><strong>introgressus</strong></span> 
     </span>
    </p>
   </div>
   <div class='ocr_carea' id='block_1_5' title="bbox 197 4539 636 4616">
    <p class='ocr_par' dir='ltr' id='par_1_5' title="bbox 197 4539 636 4616">
     <span class='ocr_line' id='line_1_43' title="bbox 197 4539 636 4616; baseline -0.002 -19"><span class='ocrx_word' id='word_1_379' title='bbox 197 4542 315 4612; x_wconf 76' lang='grc' dir='ltr'><strong>ροφορίαν</strong></span> <span class='ocrx_word' id='word_1_380' title='bbox 333 4539 422 4616; x_wconf 72' lang='grc' dir='ltr'>αὐτῷ,</span> <span class='ocrx_word' id='word_1_381' title='bbox 438 4545 472 4614; x_wconf 76' lang='grc' dir='ltr'><strong>τῇ</strong></span> <span class='ocrx_word' id='word_1_382' title='bbox 491 4542 565 4614; x_wconf 76' lang='grc' dir='ltr'><strong>πείνῃ</strong></span> <span class='ocrx_word' id='word_1_383' title='bbox 583 4545 636 4597; x_wconf 57' lang='grc' dir='ltr'><strong>κτλ</strong></span> 
     </span>
    </p>
   </div>
   <div class='ocr_carea' id='block_1_6' title="bbox 0 0 1560 5070">
    <p class='ocr_par' dir='ltr' id='par_1_6' title="bbox 0 0 1560 5070">
     <span class='ocr_line' id='line_1_44' title="bbox 0 0 1560 5070; baseline 0 0"><span class='ocrx_word' id='word_1_384' title='bbox 0 0 1560 5070; x_wconf 95' lang='lat' dir='ltr'><strong> </strong></span> 
     </span>
    </p>
   </div>
  </div>
 </body>
</html>
