3096 5070
368 303 505 356 raunuu
522 303 920 356 ura.1n.ron.n.uxros.
938 301 1003 353 riu.
1021 300 1164 353 carnot..
1282 289 1344 352 509

190 423 384 508 pravitatem,
417 424 553 509 persequi
572 423 706 487 voluero.
755 419 853 486 Veluti
873 420 921 504 qui
941 421 969 483 in
986 422 1125 506 Aegypto
1143 418 1274 484 Saturno
1289 420 1345 483 ini-

189 524 251 590 tiati
270 526 375 590 lerreis
392 525 550 589 collaribus
565 525 679 610 seipsos
694 523 824 607 illigent,
858 544 892 585 ac
911 522 1071 609 prolixiore
1092 523 1181 586 barba
1203 533 1233 585 et
1250 524 1344 585 sordi·

188 627 233 692 dis
249 628 382 692 vestibus
399 650 433 692 ac
452 625 583 692 ridiculis
605 637 738 690 utuntur.
785 623 900 709 Quippe
926 625 955 687 in
975 625 1116 689 bonorem
1136 622 1256 689 Saturni
1275 624 1343 689 Asti

187 732 279 816 (qnod
299 731 439 815 exiguum
460 730 595 815 oppidum
615 740 681 806 est,
704 750 739 790 ac
756 747 895 812 pagorum
915 737 1001 811 capot
1019 727 1048 789 in
1068 728 1254 812 praefectura
1270 723 1345 790 Prn-

188 833 329 919 aopitide)
354 832 480 896 circulos
503 831 661 895 identidem
683 830 802 894 naribus
819 829 958 913 infigunt,
990 849 1048 912 quo
1066 840 1196 913 tempore
1216 829 1344 893 nefarios

188 957 224 1001 ac
241 935 405 1000 sceleratos
427 934 579 1018 religionis
598 954 703 997 caussa
724 944 888 995 conventus
911 952 950 994 ex
970 931 1082 1016 oppidis
1104 932 1238 996 omnibus
1260 933 1344 997 insti·
1409 987 1413 993 .

190 1048 285 1102 tnnnt.
332 1034 411 1100 Tum
435 1038 512 1100 enim
538 1036 648 1100 coactis
671 1034 804 1098 coetibus
830 1032 970 1118 orgiaque
995 1033 1179 1098 celebrantes
1203 1036 1344 1099 lunaticos

189 1149 221 1202 et
244 1138 410 1202 inconditos
433 1140 508 1203 ritus
534 1139 714 1224 exprimunt.
761 1134 821 1201 Sed
849 1136 1048 1200 execrandum
1078 1146 1123 1199 est
1147 1158 1240 1220 genus
1265 1138 1343 1203 istud

190 1241 350 1306 bominum.
398 1238 475 1305 Sunt
492 1253 521 1305 et
539 1242 613 1327 apud
633 1241 708 1305 alios
726 1260 812 1302 sacra
831 1241 970 1322 quaedam
990 1238 1172 1318 istiusmodi,
1195 1240 1278 1304 velut
1295 1242 1343 1325 qui

189 1343 219 1408 in
235 1341 353 1407 Buttica
372 1345 575 1428 praefectura,
608 1344 741 1426 adeoque
760 1338 830 1404 Buti
845 1339 949 1425 oppido
965 1339 1178 1425 Harpocratem
1199 1342 1342 1421 nutriunt,

189 1447 323 1511 coniecta
341 1445 398 1508 iam
416 1456 513 1509 aetate
532 1467 632 1510 senes.
680 1441 739 1526 Qui
762 1444 877 1507 solenni
898 1441 945 1506 die
964 1453 994 1506 et
1009 1443 1080 1528 ipsis
1098 1441 1238 1508 Calendis
1260 1467 1344 1509 vesa-

190 1570 243 1613 nas
266 1570 302 1613 ac
325 1547 450 1612 furiosas
475 1544 529 1613 Ori
556 1545 741 1612 ceremonias
764 1545 915 1609 daemonis
938 1558 1039 1609 oestro
1063 1545 1166 1631 perciti
1192 1547 1345 1612 celebrare

189 1662 345 1736 coguntur.
394 1649 567 1715 Tumenirn
585 1648 834 1726 circsuniversi,
866 1669 900 1710 ac
921 1647 965 1711 vel
986 1649 1126 1734 decrepiti
1142 1670 1247 1730 senes,
1279 1671 1343 1714 cunr

189 1751 424 1817 adolescentibus
447 1752 550 1817 iisdem
572 1751 702 1815 moribus
724 1750 882 1835 praeditis,
915 1771 950 1812 ac
974 1749 1095 1835 reliquis
1118 1753 1263 1816 aetatibus
1287 1753 1343 1816 ianr

190 1867 251 1920 tum
267 1854 303 1918 ab
320 1854 382 1938 ipsa
399 1854 571 1939 pubertate,
595 1849 650 1917 Ori
667 1853 804 1917 videlicet
820 1863 850 1914 et
868 1850 1061 1936 Harpocratis
1076 1857 1264 1934 sacerdotes,
1295 1857 1345 1919 de-

190 1970 276 2023 tonso
293 1957 388 2043 capite
403 1955 541 2020 servilem
560 1967 590 2019 et
610 1955 834 2020 abominandum
850 1976 884 2017 ac
902 1955 1042 2039 puerilem
1060 1957 1186 2040 speciem
1204 1958 1269 2022 siue
1286 1958 1345 2021 ullo

190 2060 300 2147 pudore
316 2059 536 2122 circumierunt.
584 2058 661 2123 Tum
686 2079 758 2122 vern
771 2057 883 2120 ludicra
903 2058 1043 2140 quaedam
1062 2059 1190 2138 obeunt,
1225 2082 1260 2122 ac
1276 2081 1345 2124 sese

190 2161 398 2246 prudentibus,
423 2160 471 2245 qui
487 2161 602 2246 seipsos
616 2183 633 2223 a
649 2161 796 2225 servitute
810 2160 962 2223 daemonis
977 2172 1185 2240 asseruerunt,
1210 2163 1345 2227 deriden-

190 2265 243 2328 dos
260 2263 413 2349 praebent.
458 2261 536 2325 Nam
562 2264 721 2341 vecordes,
756 2285 810 2326 neo
832 2263 877 2326 sui
903 2275 1071 2348 compotes,
1103 2285 1138 2326 ae
1159 2264 1279 2328 ridicule
1296 2265 1344 2328 de·

190 2367 325 2443 formati,
363 2364 540 2450 praecipites
567 2366 712 2430 teruntur.
764 2362 895 2428 Primum
927 2365 1004 2428 enim
1029 2365 1145 2450 polenta
1175 2387 1210 2429 ac
1237 2366 1342 2446 simila,

188 2467 311 2553 aliisque
330 2468 356 2531 id
374 2486 468 2553 genus
484 2468 627 2532 coniectis
651 2466 754 2531 eduliis
772 2467 875 2531 laniem
893 2466 1046 2545 oblinunt,
1079 2467 1160 2531 vultu
1177 2467 1207 2532 in
1226 2470 1345 2533 fervens

189 2571 347 2635 caldarium
364 2570 521 2648 immerso,
558 2590 651 2654 eaque
673 2569 771 2655 specie
792 2571 826 2634 ad
844 2570 1045 2633 concitandum
1070 2581 1219 2656 stuporem
1242 2572 1345 2656 vulgus

187 2672 328 2752 illnduut3
364 2683 394 2737 et
409 2673 579 2757 quibusdam
605 2672 689 2736 furiis
713 2673 840 2756 agitant,
876 2683 935 2736 tum
953 2683 982 2735 ot
1000 2673 1074 2736 lacic
1094 2695 1180 2737 manu
1198 2675 1344 2738 detersum

189 2775 331 2860 qnicpiam
357 2775 392 2837 ad
410 2777 564 2839 sanitatem
589 2777 835 2859 recuperandam,
868 2785 954 2859 atque
978 2775 1192 2858 aegritudinum
1216 2778 1346 2840 remedia

189 2876 404 2960 postulantibus
426 2878 605 2960 impertiunt.

273 2979 396 3043 Adbcec
419 2979 444 3042 si
465 2976 671 3065 Memphiticos
695 2992 725 3043 et
748 2978 971 3066 Heliopolitioas
997 2980 1136 3045 mulieres
1159 2982 1242 3067 orgia
1268 2983 1345 3048 cele·
1359 2999 1489 3070 cepxu.

189 3079 309 3145 brantes
333 3103 512 3167 persequar,
543 3104 620 3166 quae
639 3093 842 3168 tympanorum
868 3105 903 3146 ac
920 3083 1055 3147 tibiarum
1083 3085 1207 3169 strepitu
1231 3086 1345 3172 seipsas

189 3183 399 3264 exstimulant,
423 3186 449 3248 si
467 3181 617 3250 Coritidas
632 3196 662 3250 et
677 3183 879 3266 Trietericas,
903 3207 1035 3270 quaeque
1053 3186 1081 3250 in
1100 3184 1215 3251 lietbea
1231 3199 1262 3252 et
1277 3186 1344 3252 Me-

190 3284 333 3350 nntbitide
347 3289 447 3352 lurore
465 3301 621 3373 correptae
646 3289 766 3374 pudoris
781 3289 827 3351 sui
844 3310 878 3351 ac
894 3290 1055 3352 modestiae
1072 3290 1222 3354 muliebris
1241 3291 1345 3355 oblivi-

189 3398 329 3467 scuntur,
353 3401 461 3475 quauta
477 3390 546 3453 mibi
564 3392 720 3455 verborum
738 3390 838 3476 copia,
865 3413 1009 3476 quamque
1026 3392 1131 3477 amplis
1150 3393 1344 3458 voluminibus

190 3511 263 3573 opus
286 3493 359 3571 erit,
392 3503 423 3555 ut
441 3494 704 3556 commemorandis
728 3494 765 3556 iis
783 3494 935 3573 omuibus,
966 3516 1041 3578 quae
1064 3516 1152 3580 supra
1176 3498 1342 3579 percensui,

191 3612 324 3676 quaeque
350 3595 555 3679 propemodum
577 3595 688 3658 inlicita
706 3605 792 3674 suut,
823 3596 992 3661 incumbere
1011 3598 1119 3662 velim?
1162 3595 1249 3662 Licet
1266 3599 1344 3662 enim

190 3692 340 3778 ingentem
360 3696 429 3759 mibi
448 3695 501 3760 bac
520 3695 550 3759 in
569 3717 601 3759 re
622 3697 752 3760 laborem
777 3697 983 3784 imposuerim,
1015 3700 1203 3764 nibilominus
1229 3701 1344 3764 illorum

189 3867 220 3918 ln
233 3868 285 3916 cod.
303 3868 398 3931 ltlndr'p.
415 3868 496 3918 eodem
511 3881 598 3917 monna
612 3880 642 3916 ec
656 3863 752 3932 ἑτέραις
785 3870 864 3918 Coton.
882 3875 951 3931 repet.

189 3935 285 3998 noran
300 3933 419 3998 ἑταίραις.
821 3935 859 3986 ld.
878 3933 1183 4002 praedicamentum
1199 3942 1278 3991 Comen
1294 3953 1343 4004 rep.

228 4005 265 4055 tl.
283 4005 320 4073 τῷ
337 4006 391 4054 edit.
404 4006 485 4056 feton.
505 4006 582 4054 Coton
597 4018 664 4066 rep,
688 4017 751 4053 men·
784 4006 871 4053 uitiosa.

189 4072 251 4121 (1022,
821 4070 879 4121 Car.
898 4073 958 4122 ΧΗ.
976 4099 1009 4112 ·-·
1055 4075 1075 4124 l.
1100 4077 1279 4126 ltmmtbmdum
1303 4071 1345 4142 ὄρ-

226 4140 265 4191 rt.
282 4143 318 4192 lto
340 4143 407 4191 codd.
423 4143 470 4192 len.
488 4147 508 4191 et
524 4143 638 4204 llltedip„
662 4145 683 4190 et
697 4142 752 4190 edit.
785 4133 891 4204 γιοὶσας.
928 4143 964 4203 Cf.
980 4156 1054 4204 supro
1071 4158 1124 4204 cup.
1145 4145 1181 4194 ll.

187 4211 264 4269 princ
298 4204 483 4274 Ἀρποκράτους
499 4211 554 4259 edit.
570 4211 651 4259 reno.
819 4211 843 4257 2.
862 4214 897 4259 Aa
907 4210 1005 4271 {etone
1015 4203 1194 4276 Ἀκορίτιδαςῖ
1211 4215 1255 4263 Ed
1270 4216 1345 4276 princ.

227 4277 265 4327 td.
284 4273 452 4329 lrbcdoxe'cn
475 4278 524 4327 cod.
544 4278 640 4339 mdia.
675 4273 750 4330 darde-
784 4276 853 4326 babet
868 4276 1027 4342 Κορρῑτιδας.

191 4335 292 4395 eduen
308 4348 380 4394 cotnr't
396 4347 516 4395 Potentes.
818 4345 842 4398 3.
861 4347 906 4395 Ed.
923 4346 1004 4397 Petun-
1022 4346 1220 4414 Τριετηρίδιτας.

227 4408 266 4461 ll.
283 4407 477 4479 ἅνακοχλάζοντι
499 4414 567 4463 codd.
584 4427 639 4463 urse
660 4415 751 4463 dedit
818 4411 843 4464 4.
867 4417 997 4464 corconna
1019 4419 1086 4467 uertit
1106 4416 1133 4466 in
1153 4415 1279 4484 profunda
1301 4433 1343 4468 rc-

189 4482 266 4599 ,Ἥ
283 4475 743 4608 dilddbliliblbldlaidictpillill'etcc
784 4481 1126 4617 gibneidbrldbebbllmdbidtp
