3096 5070
172 236 233 300 12⁰
595 240 720 295 omen
736 240 909 296 nummu

173 389 246 448 ομεν
262 365 305 441 εές
319 364 371 429 ἐνα
386 359 475 440 θεάν,
507 360 619 445 πατέρα
635 357 877 446 παντοκράτορα,
907 360 960 428 τδν
980 359 1109 447 ποιητὴν
1129 361 1265 450 οέρσνοῦ
1279 362 1338 431 παλ

171 474 242 553 γῆς,
264 463 380 551 άρατοῖν
390 490 421 529 τε
435 465 486 529 καὶ
502 460 649 548 άοράτων.
696 461 879 546 Πιστεάομεν
892 464 924 529 δέ
939 467 990 530 καί
1003 467 1045 543 εἰς
1057 464 1111 532 τάν
1124 466 1229 551 κώριον
1243 462 1339 550 ἡμᾶν

168 565 283 653 Ἰησοῦν
302 564 431 653 Χριστδν
448 564 500 631 τδν
514 562 581 630 υίδν
594 571 648 630 τοῦ
663 571 757 643 θεοῦ,
779 564 831 631 τδν
845 568 875 644 ἐξ
893 566 988 633 αὐτοῦ
1006 570 1186 655 γεννηθέντα
1200 566 1341 647 άπαθσῖς

171 669 230 758 πρά
256 670 377 737 πάντων
401 666 533 746 αἰώνων,
562 666 639 733 θεάν
659 666 763 753 λόγον,
791 667 868 735 θεάν
890 670 923 735 ἐκ
937 678 1031 749 θεοῦ,
1063 677 1224 757 μονογενῆ,
1254 679 1340 753 φώς,

171 772 264 857 ζωὴν,
285 771 446 856 άληθειαν,
468 775 595 853 σοφίαν,
625 768 768 852 δύναμιν,
798 769 836 837 δι’
851 764 889 838 οὗ
906 769 942 836 τά
959 773 1057 839 πάντα
1072 776 1222 860 ἐγίνοντο,
1250 773 1288 841 τά
1303 777 1343 843 ἐν

171 886 235 952 τοῖς
251 872 391 961 οὐρανοῖς
405 876 455 940 καλ
470 871 507 941 τά
524 875 572 939 ἐπί
590 879 643 955 τῆς
658 880 728 959 γῆς,
759 876 814 938 εἰτε
837 869 946 959 δρατά,
978 879 1034 941 εἰτε
1054 873 1174 961 άάρατα.
1221 884 1345 945 Τοῦτον

172 977 346 1063 πιστεύομεν
362 978 412 1043 ἐπί
430 981 575 1064 συντελείᾳ
594 983 654 1042 τῶν
671 974 790 1041 αἰώνων
806 978 849 1053 εἰς
865 977 1009 1061 ἀθέτησιν
1026 976 1216 1064 οάμαρτιοῖν,
1237 977 1346 1066 σάρκα

173 1080 360 1164 άνειληφέναι
372 1081 405 1145 ἐκ
421 1085 475 1161 τῆς
494 1074 606 1165 οάγίας
619 1081 791 1163 παρθένου,
813 1079 863 1144 καῖ
879 1081 1168 1166 ἐνανθρωπήσαντα,
1195 1081 1348 1149 παθόντα

173 1182 248 1269 άπέρ
269 1190 329 1248 τοῖν
346 1179 497 1266 άμαρτιοῖν
512 1177 613 1264 ἡμῶν,
645 1183 696 1245 καλ
715 1179 898 1263 άναστάντα,
929 1186 979 1249 καί
994 1184 1207 1267 ἀναληφθέντα
1223 1186 1266 1261 εἰς
1283 1182 1348 1253 σώ-

174 1284 300 1375 ρανοάς,
329 1286 509 1363 καθίζεσθαι
532 1285 563 1349 ἐν
587 1286 668 1371 δεξιᾷ
685 1291 739 1349 τοῦ
761 1282 888 1370 πατρδς,
919 1285 1007 1351 πάλιν
1032 1285 1188 1369 ἐρχόμενον
1211 1288 1243 1352 ἐν
1262 1285 1348 1379 δάξη

174 1398 271 1475 κρῖναι
286 1394 396 1467 ζῶντας
411 1389 462 1452 καλ
479 1384 613 1471 νεκρούς.
661 1385 845 1469 Πιστεάομεν
866 1388 898 1452 δέ
915 1390 966 1454 καλ
984 1392 1027 1464 εἰς
1046 1394 1081 1455 ἐν
1102 1389 1188 1476 άγιον
1207 1396 1347 1473 πνεῦμα,

175 1491 261 1558 δκαλ
285 1488 482 1575 Παράκλητον
505 1485 657 1571 ώνάμασεν
679 1486 810 1574 άσωτήρ
834 1492 886 1554 καί
907 1490 1010 1576 κώριος
1033 1488 1120 1574 ἡμῶν
1129 1491 1248 1575 Ἰησοῦς
1264 1498 1349 1578 Χρι-

174 1591 257 1672 στδς,
290 1589 535 1678 ἐπαγγειλάμενος
551 1589 622 1674 μετά
643 1590 676 1658 τά
699 1586 837 1658 άνελθεῖν
860 1590 953 1659 αιἰτδν
974 1596 1092 1677 πέμψαι
1107 1603 1171 1670 τοῖς
1186 1602 1350 1677 μαθηταῖς

175 1703 278 1774 τοῦτο,
309 1693 397 1761 δκαλ
419 1691 601 1773 ἐπέστειλεν,
632 1690 671 1760 δι’
688 1687 726 1759 οὗ
744 1696 796 1759 καί
817 1690 932 1780 άγεάζει
948 1695 1018 1772 τοδς
1035 1699 1068 1764 ἐν
1085 1704 1122 1786 τῇ
1135 1699 1274 1785 ἐκκλησίφ
1288 1724 1348 1765 πε·

178 1796 349 1876 στεάοντας,
380 1798 431 1862 καλ
455 1797 687 1880 βαπτιζομένους
703 1799 735 1862 ἐν
754 1793 880 1879 άνάματι
902 1797 1014 1884 πατράς
1032 1801 1083 1864 καλ
1099 1802 1168 1865 υέοὕ
1185 1799 1235 1864 καλ
1248 1795 1346 1885 άγίοω

176 1899 353 1982 πνεύματος.
399 1897 505 1975 7Ίόιίς
530 1900 561 1964 δέ
577 1897 660 1984 παρά
680 1897 791 1981 ταάτην
811 1898 866 1982 τὴν
886 1906 984 1966 πίστιν
1007 1899 1076 1967 άλλο
1098 1928 1127 1967 τι
1140 1899 1347 1986 κηράττοντας

177 2001 349 2087 ἐλλοτρίονς
372 1996 452 2067 οἰδεν
473 1999 658 2085 ἡκαθολική
683 2004 828 2085 ἐκκλησία.
864 2001 937 2067 Ὅτι
952 2004 985 2068 δέ
1000 2002 1091 2094 ταάτη
1112 2011 1147 2094 τῇ
1166 2009 1262 2072 πίστει
1277 2006 1347 2073 ἐσο-

178 2110 306 2187 δυναμεῖ
319 2105 371 2169 καί
385 2100 406 2187 ἦ
421 2105 453 2169 ἐν
466 2108 584 2194 Σιρμίφ
605 2102 711 2190 πρώην
733 2106 887 2171 ἐκτεθεῖσα
909 2109 1020 2185 πίστις,
1054 2108 1103 2172 ἐπί
1119 2113 1173 2190 τῆς
1187 2106 1348 2191 εδσεβιέας

177 2215 232 2275 τοῦ
253 2208 397 2291 βασιλέως
417 2203 518 2289 ἡμῶν,
540 2212 731 2293 γνωρίζουσιν
751 2211 783 2273 οἰ
801 2206 1023 2293 ἐντυγχάνοντες
1043 2216 1079 2299 τῇ
1101 2213 1204 2274 πίστειὶ

72 2330 165 2401 qu}
260 2307 453 2395 ’Ίλιέγραψαν
477 2312 510 2375 ot
526 2309 684 2394 παρόντες,
715 2315 881 2390 Βασίλειος,
911 2309 1056 2393 Μάρκος,
1086 2313 1137 2376 καλ
1155 2306 1340 2398 Γεώργιοςά

67 2402 163 2454 ‘⁹⁹²⁶'
176 2420 231 2497 τῆς
251 2410 464 2497 Ἀλεξανδρείας
488 2413 664 2492 ἐπίσκοπος,
698 2413 901 2499 Παγκράτιος,
933 2415 984 2478 καλ
1006 2410 1199 2494 ’Υπατιανδς,
1232 2415 1288 2481 καλ
1312 2416 1343 2483 ελ

176 2523 305 2582 πλεῖστοι
324 2516 483 2581 ἐπίσκοποι
503 2521 556 2597 τῆς
573 2512 693 2593 δάσεας.
738 2515 887 2602 Γεώργιος
909 2518 1072 2592 ἐπίσκοπος
1099 2515 1345 2601 ιἈλεξανδρείας

179 2620 324 2701 ἐξεθέμην
348 2614 403 2700 τήν
424 2621 523 2682 πίστιν
543 2614 654 2694 οὕτως,
683 2615 819 2705 άμολογιῖ
843 2626 967 2701 φρονεῖν
988 2615 1030 2694 ώς
1050 2616 1212 2704 πρόκειται.
1256 2615 1348 2687 ’Azi-

178 2747 243 2798 κιος
258 2723 421 2794 ἐπίσκοπος
438 2724 617 2804 Καισαρείας
633 2721 776 2804 ἐξεθέμην
791 2719 846 2804 τήν
863 2726 961 2786 πίστιν
978 2719 1088 2799 οὕτως,
1111 2717 1248 2805 ὁμολογοῖ
1265 2746 1348 2809 φρο-

177 2832 239 2889 νεῖν
255 2818 296 2898 ώς
311 2822 472 2907 πρόκειται.
518 2819 669 2907 Οὐράνιος
686 2824 845 2899 ἐπίσκοπος
863 2821 979 2904 Τάρου,
1011 2819 1160 2905 Εὐτάχιος
1177 2824 1348 2903 ἐπίσκοπος

177 2922 455 3009 Ἐλευθεροπάλεως.
502 2923 618 3003 Ζώῖλος
634 2927 797 3001 ἐπίσκοπος
813 2930 991 3008 ’Λαρίσσης
1008 2931 1062 3007 τῆς
1079 2930 1211 3010 Συρίας,
1244 2928 1351 3015 Σέρις

180 3031 342 3102 ἐπίσκοπος
356 3029 388 3093 ἐκ
408 3033 635 3114 8Παραιτονίου
653 3035 706 3110 τῆς
724 3026 858 3111 Λιβύης,
891 3034 1014 3103 Παῦλος
1031 3029 1194 3105 ἐπίσκοπος
1208 3024 1348 3113 Ἐμίωγς,

180 3132 355 3207 Εώστάθιος
379 3132 539 3208 ἐπίσκοπος
557 3130 775 3210 4Ἐπιφανίας,
806 3133 970 3215 Εἰρηναῖος
992 3132 1154 3206 ἐπίσκοπος
1174 3128 1350 3214 Τριπάλεως

179 3244 233 3320 τῆς
249 3240 408 3316 Φοινίκης,
439 3230 585 3317 Εὐσέβιος
601 3235 762 3309 ἐπίσκοπος
777 3238 951 3308 Σελευκείας
968 3239 1022 3315 τῆς
1036 3236 1164 3317 Συρίας,
1194 3231 1349 3316 Σέιτυχια-

181 3338 233 3417 νδς
250 3341 411 3413 ἐπίσκοπος
432 3335 580 3419 Πατάρων
593 3342 646 3419 τῆς
664 3340 798 3412 Λυκίας,
829 3332 1002 3410 Ειίστάθιος
1018 3337 1181 3409 ἐπίσκοπος
1198 3339 1350 3420 Πιναρεὸν

179 3444 229 3508 καλ
255 3440 438 3523 οΣιδιίμων,
469 3445 620 3515 Βασίλειος
641 3439 804 3515 ἐπίσκοπος
826 3442 966 3503 Καυνίων
989 3444 1042 3520 τῆς
1058 3439 1192 3513 Λυδίας,
1224 3428 1351 3522 ΠέτροςΙ

180 3547 342 3620 ἐπίσκοπος
349 3541 464 3608 Ἵππου
484 3546 696 3624 Παλαιστίνης,
719 3544 875 3622 Στέφανος
890 3544 1053 3616 ἐπίσκοπος
1071 3540 1275 3620 Πτολεμαΐδος
1290 3548 1352 3627 τῆς

180 3645 316 3730 Λιβύης,
347 3643 497 3722 Εὗδόξιος
518 3646 693 3722 ἐπίσκοπος,
721 3641 917 3719 ’Λπολλώνιος
940 3645 1103 3719 ἐπίσκοπος
1133 3642 1349 3728 οὈξυρίγχου,

183 3748 359 3824 Θεόκτιστος
373 3750 537 3824 ἐπίσκοπος
549 3744 756 3831 Ὀστρακίνης,
778 3745 923 3822 Λεόντιος
938 3748 1102 3821 ἐπίσκοπος
1117 3747 1245 3823 Λυδίας,
1270 3750 1352 3815 Θεσ-

182 3850 283 3927 δάσιος
296 3853 457 3926 ἐπίσκοπος
471 3855 523 3933 τῆς
541 3853 736 3930 Φιλαδελφίας
751 3855 887 3930 Λυδίας,
921 3853 1036 3931 Φοῖβος
1060 3850 1222 3923 ἐπίσκοπος
1241 3853 1350 3915 Πολυ·

180 3952 327 4037 γαλάνδου
341 3960 394 4034 τῆς
406 3956 539 4033 Λυδίας,
561 3954 688 4038 Μάγνος
700 3956 861 4030 ἐπίσκοπος
880 3957 1015 4035 Θεμισών
1030 3957 1083 4033 τῆς
1103 3952 1250 4034 Φρυγίας,
1280 3957 1349 4017 Συ-

182 4053 284 4141 άγριος
301 4058 461 4132 ἐπίσκοπος
479 4053 652 4138 Μιτυλήνης
666 4062 724 4121 τών
740 4056 853 4138 νήσων,
882 4058 1006 4140 Κυρίων
1023 4056 1185 4128 ἐπίσκοπος
1203 4056 1349 4137 Δολίχης,

217 4229 242 4279 5.
261 4225 391 4296 ἁμαρτιῶν
407 4225 474 4296 (ἅμα
531 4227 745 4294 οοδ.1ειι.)εοδδ.
814 4226 873 4276 (λιν.
890 4227 987 4278 ΧΧἯ.
1005 4257 1040 4267 -
1076 4227 1097 4280 1.
1122 4228 1173 4293 τῆς
1195 4227 1264 4277 addit
1289 4230 1348 4281 ασελ.

181 4310 237 4349 επεε.
254 4305 354 4361 umque.
389 4294 472 4364 άμαρτ
500 4300 592 4357 <edm
777 4296 876 4357 ἐίίλιδῖρ,

216 4365 241 4419 6.
258 4361 334 4432 άγίας
348 4382 393 4416 σοι.
405 4371 431 4416 ιἰι
444 4369 480 4416 ed.
492 4370 571 4417 Ριιου.
586 4368 664 4415 σοῖσιν.
674 4369 746 4425 repet.
811 4365 836 4413 Ἰ.
855 4362 960 4430 λαρίοης
976 4368 1027 4416 cod.
1047 4368 1144 4429 λδεδλρ.

216 4434 240 4488 7.
265 4432 325 4494 τοὺς
337 4437 471 4486 cudamus.
485 4441 506 4484 et
519 4436 556 4484 εδ.
569 4437 646 4497 princ.
671 4431 745 4485 τοῦτο
811 4430 835 4481 3.
869 4434 940 4494 Vulgo
965 4434 1132 4499 ΙΙαρατονλου.
1165 4433 1222 4483 cod.
1240 4432 1347 4499 ἐλλεδίρ.

182 4505 218 4556 εδ
236 4506 317 4555 Percu.
776 4499 844 4549 λοθεί
860 4497 928 4567 παρὰ
943 4500 1031 4555 τονίου.
