3096 5070
276 282 338 346 422
701 293 1012 346 οιαοιιτνιτειιυυ

276 411 323 479 ότι
344 409 500 487 άθάνατος
516 413 643 493 ἔμεινεν·
675 408 735 474 ἀλλ’
752 409 820 476 ούτε
836 414 1063 492 διαβεβαιοῦμαι
1079 413 1107 476 εί
1122 413 1274 495 τέθνηκεν.
1314 409 1440 498 ’Τπερέ-

143 536 194 581 εει·
208 525 265 571 ¹0⁴⁴-
281 518 352 599 βαλε
367 511 424 598 γάρ
441 511 461 595 ἡ
477 511 579 597 γραφὴ
604 512 656 578 τόν
671 520 746 579 νοῦν
761 510 814 578 τόν
832 512 1041 598 άνθριόπινον,
1070 516 1121 579 καλ
1143 517 1174 580 έν
1189 514 1323 604 μετειόρφ
1346 519 1438 594 είασε,

277 615 328 683 διά
346 614 379 681 τό
399 622 505 691 σκεῦος
528 614 561 681 τό
580 622 677 697 τίμιον
694 618 745 680 καλ
769 614 963 698 ίξοχάτατον,
991 620 1042 681 ῖνα
1061 617 1102 700 μή
1119 644 1163 694 τις
1180 620 1211 683 έν
1224 615 1352 708 ύπονοίμ
1371 620 1439 705 γέν-

276 746 363 802 νηται
381 720 448 802 περλ
469 719 562 799 αὐτῆς
580 725 729 802 σαρκικῶν
745 716 934 803 πραγμάτων.
980 717 1046 785 Κάν
1067 745 1097 785 τε
1113 713 1169 786 οὖν
1186 722 1345 802 τέθνηκεν,
1377 718 1439 787 ούιι

278 825 416 908 ἔγνωμεν.
463 822 522 884 Καλ
540 823 567 886 εί
582 823 742 898 τέθαπται,
765 820 803 885 ού
818 827 963 902 συνῆπται
980 826 1080 906 σαρκί·
1103 820 1145 905 μὴ
1159 824 1283 908 γένοιτο.
1331 827 1383 899 Τίς
1402 825 1437 889 δέ

277 921 512 1009 φρενοβλάβειαν
536 925 631 1011 έαυτρῖ
658 921 832 1008 συναγαγολν
853 922 973 1005 θελήσει
994 927 1141 1006 ἐνσκῆψαι
1166 923 1341 1007 βλάσφημάν
1367 952 1437 991 τινα

277 1025 440 1103 ύπόνοιαν,
471 1028 521 1090 καλ
540 1029 672 1109 οίπιῖραι
689 1024 799 1107 στόμα,
829 1024 951 1109 χαλάσαι
965 1052 995 1090 τε
1012 1035 1157 1112 γλῶτταν,
1187 1031 1291 1092 διελεῖν
1307 1027 1339 1092 δέ
1353 1033 1436 1110 χείλη

279 1132 313 1196 lu
327 1133 462 1203 διανοίας
483 1135 593 1209 κακῆς,·
625 1135 733 1209 μᾶλλον
756 1128 789 1194 δλ
804 1125 869 1192 άντλ
885 1127 1002 1209 ύμνων,
1034 1131 1086 1193 καὶ
1104 1129 1208 1213 δόξης,
1237 1128 1337 1213 ύβρεις
1351 1128 1437 1207 τινάς

279 1234 424 1309 ἐπινοεῖν,
452 1233 503 1297 καλ
527 1233 717 1314 έμπαροινεῖν
739 1233 781 1306 είς
797 1229 851 1312 την
873 1227 961 1316 άγίαν
977 1233 1145 1316 παρθένον,
1174 1233 1223 1296 καλ
1242 1229 1282 1314 μή
1298 1237 1386 1313 τιμάν
1400 1230 1435 1298 τό

278 1334 470 1417 τετιμημένον
490 1340 603 1424 σκεῦος.

144 1656 212 1725 Κεφ.
226 1653 267 1727 ιβ’.
367 1641 410 1703 El
432 1638 464 1703 δὲ
485 1640 536 1703 καλ
562 1638 624 1704 άπδ
648 1637 735 1721 άλλης
759 1637 838 1714 τινός
861 1644 991 1725 θεωρίας
1012 1637 1067 1722 χρὴ
1090 1608 1189 1721 λαβεῖν
1210 1638 1246 1704 τά
1266 1637 1436 1725 πράγματα,

281 1740 508 1826 ψηλαφήσωμεν
526 1743 576 1805 καλ
594 1748 792 1825 φυσιολογιιῖν
808 1742 925 1823 σχέσεις.
972 1744 1049 1805 Φασλ
1071 1739 1125 1824 τήν
1138 1743 1256 1808 λέαιναν
1271 1741 1312 1825 μὴ
1330 1748 1437 1809 τίκτειν

279 1844 356 1928 πλὴν
374 1852 445 1926 μιάς
460 1841 585 1928 γαστρός
602 1841 710 1924 μάνης,
742 1847 815 1926 ἔχειν
834 1843 867 1908 δέ
882 1840 936 1925 τὴν
951 1846 1046 1909 αίτίαν
1058 1843 1183 1909 τοιάνδε.
1231 1843 1271 1911 Τό
1291 1852 1366 1925 ζῶον
1382 1848 1437 1929 μέν

281 1951 341 2016 ἔστι
361 1944 577 2030 ιτραγότατον,
600 1943 739 2030 χαρωπδν
756 1945 789 2010 δέ
803 1952 844 2033 κρῖ
859 1948 945 2023 εῖδει,
976 1947 1207 2032 έμβριθέστατον
1220 1953 1257 2038 τῇ
1273 1948 1363 2038 άλκῇ,
1395 1945 1436 2024 ιῖς

280 2053 388 2128 είπεῖν,
410 2045 638 2131 βασιλικάτατον
652 2049 738 2132 γένος
753 2049 802 2112 έπλ
818 2045 854 2111 τά
872 2045 943 2111 άλλα
956 2054 1023 2126 ζυῖα.
1058 2046 1159 2131 'Eam
1176 2051 1209 2115 δέ
1224 2048 1278 2133 τὴν
1290 2050 1434 2132 σύλληψιν

281 2154 312 2230 ἔξ
331 2149 399 2228 ένάς
417 2148 562 2236 συζύγου,
592 2157 682 2213 τελεῖν
700 2150 732 2214 δέ
748 2147 780 2213 τό
799 2149 1054 2232 καταβαλλόμενον
1071 2152 1186 2234 σπέρμα
1203 2153 1324 2230 είκοσιέξ
1339 2160 1431 2234 μῆνας

281 2258 313 2322 έν
329 2262 365 2343 τῇ
379 2251 485 2336 νηδύϊ,
509 2250 580 2327 όῖςτε
598 2250 649 2317 τόν
664 2250 796 2333 σκύμνον
812 2254 899 2317 ἔνδον
914 2254 963 2317 έπλ
979 2250 1142 2336 τελειότητα
1157 2255 1298 2340 φέρεσθαι
1312 2250 1361 2316 διά
1376 2248 1427 2316 τόν

280 2357 403 2443 χρόνον,
433 2358 475 2430 είς
490 2352 523 2420 τό
544 2356 620 2419 2καλ
638 2352 707 2430 τούς
731 2352 844 2430 πάντας
865 2353 992 2430 ὀδόντας
1013 2357 1088 2437 ἔχειν
1105 2354 1180 2440 ἤδη,
1209 2352 1312 2439 πρλνῆ
1326 2355 1358 2418 έκ
1374 2359 1427 2435 τῆς

280 2457 404 2547 γαστρός
417 2458 578 2542 προέλθοι,
609 2457 658 2520 καλ
676 2456 746 2533 τούς
762 2454 870 2538 όννγας
890 2458 921 2521 έν
939 2454 1039 2545 ἡλικίᾳ
1056 2463 1198 2545 στασίμῳ,
1224 2456 1294 2532 τούς
1306 2479 1336 2520 τε
1355 2476 1427 2520 πασ-

282 2567 437 2636 σαλίσκους
451 2561 671 2641 καλουμένους,
700 2560 752 2622 καλ
767 2556 965 2637 κυνόδοντας,
988 2558 1041 2634 τάς
1055 2585 1085 2624 τε
1103 2557 1210 2641 μύλας,
1229 2559 1281 2622 καλ
1296 2555 1332 2621 τά
1349 2555 1431 2633 άλλα,

281 2663 338 2732 όσα
362 2667 490 2748 περίεστι
511 2667 552 2748 τῷ
569 2658 642 2745 ξύμ.
684 2658 734 2725 Ἐν
754 2665 795 2749 τῷ
820 2652 875 2725 οὖν
900 2656 973 2725 εῖναι
995 2658 1087 2726 αύτόν
1109 2663 1141 2726 έν
1157 2666 1194 2751 τῇ
1209 2663 1304 2748 κοιλίμ
1326 2660 1437 2734 ένταῖς

281 2765 465 2851 σκιρτήσεσι,
487 2762 619 2845 κινήσεσί
634 2788 665 2826 τε
680 2765 731 2827 καῖ
744 2771 807 2837 τοῖς
820 2760 917 2838 άλλοις
933 2761 1056 2847 τρόποις
1071 2761 1121 2828 διά
1142 2769 1202 2828 τοῖν
1218 2759 1333 2845 δνύγων
1347 2787 1434 2825 κατα-

281 2875 378 2946 σπᾶν,
408 2868 483 2944 ξίειν
497 2890 527 2930 τε
543 2865 596 2941 τάς
611 2863 806 2951 ίγκυμανικάς
823 2863 937 2949 μήτρας
956 2890 985 2928 τε
1004 2867 1054 2928 καί
1078 2862 1210 2949 ύστέρας.
1252 2859 1303 2928 Ἐν
1318 2868 1360 2952 τῷ
1382 2854 1439 2928 οὖν

282 2973 330 3037 έπλ
359 2967 414 3035 8τό
439 2972 545 3034 τίκτειν
569 2966 623 3050 τήν
644 2968 755 3051 μητέρα
772 2966 872 3049 ῖγκειν,
904 2963 968 3031 κατ’
987 2970 1101 3048 ἐκείνην
1122 2965 1178 3050 τὴν
1200 2963 1313 3050 ἡμέραν
1328 2964 1440 3041 παντός

282 3071 429 3157 άργαλέου
446 3077 632 3154 κυοφορικῆς
648 3068 767 3150 φάσεως
785 3069 939 3155 άλλοτρίαν
955 3067 1008 3151 τόν
1024 3070 1150 3155 γαστέρα
1159 3073 1304 3154 γίνεσθαι.
1349 3065 1440 3131 Μετά

281 3172 338 3260 γάρ
360 3181 415 3239 τοῦ
442 3180 563 3238 τοκετοῦ
584 3175 635 3238 καλ
656 3170 710 3247 τάς
728 3170 853 3257 ύστέρας
875 3174 926 3237 καλ
950 3169 1003 3247 τάς
1024 3171 1137 3258 μήτρας
1161 3173 1350 3254 έκκρίνεσθαι
1376 3167 1440 3251 άμα

282 3278 376 3360 φασὶν
392 3278 423 3341 σί
439 3273 627 3360 φυσιολόγοι,
658 3273 729 3351 όῖςτε
752 3276 855 3357 μηκέτι
876 3272 930 3356 τὴν
950 3272 1075 3356 θήλειαν
1092 3271 1266 3360 ὀρέγεσθαι,
1296 3275 1324 3337 εί
1337 3271 1378 3355 μή
1395 3298 1441 3347 τις

281 3375 342 3466 άρα
360 3383 412 3461 βία
428 3379 556 3462 γίνοιτο,
580 3379 651 3460 μήτε
665 3379 735 3460 μέν,
758 3379 785 3441 εί
798 3378 850 3441 καλ
865 3373 947 3459 τύχοι
963 3380 1108 3464 συναφείμ
1123 3377 1180 3440 τινλ
1196 3375 1439 3460 άναγιιασδῆνατ,

283 3485 323 3547 ἔτι
350 3481 499 3545 δύνασθαι
525 3484 671 3559 κυῖσκειν,
704 3478 745 3561 μὴ
772 3479 870 3544 ούσοῖν
897 3486 956 3543 ταῖν
980 3485 1116 3564 μητροῖν,
1147 3475 1197 3542 εἴτ’
1221 3470 1277 3542 ούν
1300 3473 1439 3561 ύστεροῖν.

277 3577 354 3668 Ἀρα
374 3589 449 3668 γοῦν
473 3583 600 3647 δέδωκεν
623 3579 695 3664 ἡμῖν
716 3584 767 3647 καλ
789 3580 865 3663 αύτη
887 3578 1090 3664 ἡᾶκολουθία
1114 3583 1297 3663 πορίσασθαι
1319 3580 1362 3653 είς
1383 3575 1441 3659 τήν

286 3687 517 3768 ἐπιζητουμένην
548 3688 749 3785 πραγμαγείαν
773 3682 892 3748 ἔννοιάν
914 3708 979 3748 τινα
1002 3684 1125 3766 σχέσεως
1149 3683 1198 3747 ίπλ
1225 3679 1259 3746 τό
1286 3681 1442 3762 συμφέρον

284 3795 393 3870 μᾶλλον
407 3785 427 3871 ἢ
442 3789 491 3852 ἒπλ
508 3786 541 3852 τό
559 3786 697 3869 βλάπτον.
743 3788 786 3849 Et
805 3784 877 3871 γάρ,
910 3784 1076 3867 έΣκόμνος
1096 3787 1213 3859 λέοντος
1232 3781 1362 3858 Ἰούδας,
1395 3783 1440 3845 αί-

283 3897 408 3956 νίττεται
427 3887 538 3972 ’ίακαλβ
560 3891 650 3974 λέγων
674 3888 726 3955 τόν
753 3888 896 3974 Χριστόν,
932 3890 1005 3952 ικοιλ
1031 3887 1102 3964 τούς
1125 3890 1157 3952 έν
1180 3892 1216 3975 τῇ
1235 3884 1444 3963 Ἀποκαλύψει

150 4031 201 4076 ρας.
214 4019 272 4065 Μ
285 3992 446 4072 Ἰωάννου,
467 3990 568 4070 Ἰδού,
591 3995 723 4074 ἐνίκησεν
740 3989 758 4055 ό
773 3992 862 4069 λέων,
885 3992 975 4073 φησλ,
998 3987 1017 4055 δ
1032 3992 1064 4056 έκ
1079 3996 1175 4071 φυλῆς
1191 3985 1310 4065 Ἰούδα,
1338 3987 1390 4050 καλ
1407 3987 1443 4051 ἐκ

284 4099 452 4183 σπέρματος
469 4097 566 4176 Δαβλδ
576 4145 584 4172 ,
615 4096 709 4160 λέοντι
725 4092 783 4174 άρα
801 4094 1037 4178 παρεικασμένου
1055 4100 1110 4157 τοῦ
1127 4096 1250 4177 κυρίου,
1281 4085 1345 4170 ούχλ
1363 4086 1444 4152 κατά

317 4267 341 4322 6.
367 4267 458 4335 ἐπᾶραι
482 4271 645 4333 corripendum
667 4283 714 4319 τιατ
737 4269 845 4318 videnum
914 4265 1042 4317 (λιαΧΙΙ.
1063 4293 1094 4304 -
1131 4265 1155 4317 1.
1179 4265 1331 4316 samm
1347 4261 1446 4329 γοργό-

286 4340 413 4389 Οοωιατίυι
435 4340 536 4402 (ναέται
552 4347 578 4385 et
596 4354 623 4386 οε
645 4335 741 4394 tollere)
761 4341 783 4384 τί
800 4337 845 4385 Pe·
878 4349 966 4396 τατω,
981 4337 1007 4384 id
1022 4335 1084 4398 φιοδ
1099 4348 1183 4397 ιαστρο
1197 4334 1297 4394 exempli
1312 4332 1447 4383 semiana

285 4410 371 4456 λουῖυι.
405 4408 469 4455 Libri
494 4408 564 4467 υιιλρο
589 4401 688 4468 έπάραι.
721 4407 801 4454 Euam
818 4406 845 4452 ι’τι
879 4402 951 4467 (siglo
968 4404 998 4451 λί.
1017 4402 1111 4465 addito)
1129 4403 1220 4451 ιυαιλιε.

285 4489 359 4537 πτωρ.
378 4476 477 4535 exempli
494 4475 622 4522 Schouiam'
637 4476 722 4536 λιρίίυτ
735 4473 844 4521 σπευδο-
913 4472 937 4518 2.
956 4466 1046 4528 κεταδς
1062 4472 1114 4520 ινδ.
1132 4471 1230 4531 Ηλτσίρ.

285 4547 334 4592 tum
351 4538 458 4607 ἐπᾶραι,
475 4541 557 4591 addito
572 4543 631 4604 ω’μλο
648 4543 679 4590 M.
912 4535 935 4590 3.
962 4555 998 4594 τω
1023 4539 1073 4589 cod.
1091 4539 1137 4589 ίεπ.
1171 4537 1210 4606 τῷ
1232 4537 1283 4586 cod.
1303 4536 1401 4602 Βλαδλρ.
1424 4542 1448 4590 ει
