3096 5070
381 273 518 326 eunoun
534 273 599 326 uro.
614 274 658 326 ιιι.
675 271 757 326 roro.
771 273 791 323 ι.
807 270 909 322 nuum
922 269 1042 321 oxxrr.
1077 327 1080 331 ,
1226 252 1287 319 281

131 402 209 460 sunt.
255 390 325 458 Nou
342 393 420 457 euim
439 393 467 456 in
484 391 666 479 syllogismis
685 390 906 477 argumentisve
924 409 1048 473 reguum
1064 388 1193 453 eoeleste
1210 387 1289 473 posi·

132 509 190 561 tum
207 507 270 576 est,
303 516 397 581 neque
420 495 449 559 iu
476 494 627 579 arroganti
650 495 808 578 inflatuque
830 512 986 568 sermone,
1019 495 1115 552 sedin
1135 495 1440 556 annumeres*

130 606 257 664 vorr'tute.
304 597 370 663 Nos
397 609 494 663 nutem
513 598 586 660 sutis
605 617 751 682 superque
774 596 916 658 haetenus
939 606 1016 657 tuom
1041 593 1120 656 illum
1137 594 1173 656 de
1191 593 1289 678 prirn-

131 702 208 767 tiono
228 702 414 766 ellootiounm
432 722 466 764 eo
486 699 662 784 positionum
680 697 903 784 disputationem
921 694 1103 774 audirimus,
1127 705 1187 759 tum
1204 695 1288 780 geni·

129 816 187 869 tum
203 805 282 868 illem
296 803 515 888 ingenitumque
535 801 729 865 substantium
753 801 966 864 udseisoentem
988 799 1061 877 sibi,
1094 798 1142 863 vel
1158 819 1216 862 ooo
1238 799 1289 862 orl·
1368 840 1371 848 -

128 906 304 972 soisoeutem
322 906 449 991 aliquid,
473 915 504 968 et
519 925 577 967 une
591 926 656 967 oum
673 903 831 967 offertione
849 902 932 966 huius
949 923 1065 987 qnoque
1082 902 1224 965 iacturum
1239 921 1289 985 ps·

130 1008 269 1086 tientem,
295 1028 349 1070 neo
371 1029 430 1070 uon
446 1017 477 1070 et
493 1007 529 1092 ue
547 1002 709 1071 substantie
728 1005 827 1089 genitu
847 1004 935 1069 simul
957 1005 1102 1088 implients
1120 1014 1150 1066 et
1165 1002 1289 1088 ingeniti

129 1111 305 1187 slleotioue,
337 1121 398 1172 tum
420 1111 455 1173 de
472 1106 574 1175 sobole
598 1112 715 1192 genite,
748 1127 823 1192 quoe
840 1128 893 1193 per
910 1108 1053 1192 quendum
1073 1107 1163 1171 voluti
1181 1106 1290 1170 trausi-

132 1224 191 1277 tum
208 1208 612 1297 expressn'signiliontiouem
632 1209 820 1274 nihilominus
839 1211 1039 1295 permanentis
1058 1209 1222 1275 allectionis
1238 1209 1289 1274 ltu·

131 1314 197 1391 bet,
222 1325 253 1377 et
270 1335 309 1378 ex
329 1325 432 1378 nature
451 1313 585 1399 ‹puopiom
605 1311 861 1376 oommutntionem
885 1314 1009 1390 iodiont,
1041 1334 1106 1376 oum
1123 1313 1222 1398 genite
1239 1333 1288 1375 so·

131 1416 214 1480 bolos
230 1418 403 1502 appelletur.
439 1410 519 1500 Ergo
537 1416 640 1479 iisdem
659 1418 694 1479 de
711 1416 800 1480 rebus
817 1416 919 1480 endem
937 1416 1056 1500 saepius
1075 1425 1125 1478 tuo
1143 1436 1183 1478 es
1205 1415 1289 1499 inge·

132 1518 180 1582 uio
203 1522 360 1603 proponis,
384 1520 460 1605 quod
484 1519 584 1583 eedem
608 1518 757 1582 inuoluere
780 1519 899 1603 suepius
921 1517 994 1581 nihil
1017 1530 1149 1581 veretur.

215 1623 295 1686 nerii
321 1619 417 1708 Grpnt
434 1618 527 1686 xxl.
576 1618 609 1686 Si
634 1632 692 1684 turn
715 1621 876 1705 ingenitum
902 1643 988 1705 quam
1016 1620 1145 1704 genitum
1171 1620 1288 1685 ulleotio

131 1727 186 1803 sit,
210 1725 393 1788 substantiae
407 1725 523 1810 quidem
539 1724 705 1788 effectionis
723 1723 855 1807 priores,
880 1723 1051 1787 affectiones
1068 1743 1156 1808 porro
1177 1724 1218 1787 uti
1236 1745 1289 1786 ne·

132 1839 195 1891 turo
213 1827 411 1912 posteriores,
436 1827 478 1890 sio
494 1828 597 1892 iisdem
614 1827 837 1911 anteponendos
851 1837 931 1889 suot.
978 1823 1063 1908 Quod
1085 1826 1110 1890 si
1126 1826 1287 1910 ingenitum

131 1929 223 2015 geniti
241 1951 346 1992 oeusss
365 1939 426 2008 est,
461 1929 546 2013 siquo
572 1930 688 1992 oouiert
706 1939 737 1991 ut
753 1929 881 2005 existet,
916 1929 1045 2010 genitum
1066 1950 1138 1992 vero
1154 1951 1288 1993 onussum

131 2034 223 2118 ipsum
241 2030 423 2095 substantiae
440 2052 494 2094 sun
510 2031 630 2094 notione
648 2031 848 2115 complectens
868 2030 1061 2094 substantiam
1086 2031 1196 2116 ipsum,
1229 2052 1288 2095 nou
1319 2045 1328 2072 ¹

130 2134 315 2198 effectionem
332 2133 490 2219 exprimit,
514 2155 579 2197 euru
596 2134 726 2216 ingenite
742 2144 845 2196 nutura
864 2133 935 2196 nilril
951 2133 1013 2217 ipso
1030 2154 1129 2197 seeum
1147 2134 1286 2214 iucludet,

130 2258 229 2300 nonne
252 2236 415 2300 substantio
439 2236 535 2321 potins
559 2257 644 2319 quarn
668 2235 784 2299 nll‘eotio
807 2236 948 2321 quaedem
973 2235 1059 2299 (lebet
1081 2236 1196 2299 villeri?

215 2335 338 2403 Conlut.
357 2335 451 2404 ΧΧΙ.
499 2335 522 2400 Ι.
550 2335 595 2401 lle
612 2337 816 2402 effectionibus
836 2360 901 2402 oum
921 2338 956 2401 (le
971 2337 1068 2401 divine
1086 2349 1206 2418 nature,
1239 2361 1289 2424 pe·

129 2443 214 2506 rinrle
230 2464 265 2506 no
280 2442 316 2504 de
335 2440 526 2505 interioribus
543 2442 598 2502 deo
618 2439 761 2524 disputet,
794 2442 898 2506 iterum
919 2462 1009 2527 ogere
1029 2441 1153 2504 instituit
1168 2441 1287 2522 Attius,

128 2556 160 2608 nt
179 2544 418 2621 suimedrerssrro
432 2544 568 2628 potestis,
593 2543 728 2607 veritatis
742 2543 865 2607 studiosi
881 2565 996 2609 omues.
1029 2541 1061 2607 ln
1077 2564 1134 2628 quo
1150 2544 1290 2610 nonnullo

131 2647 228 2731 priore
250 2647 336 2723 iuuit,
369 2645 425 2709 sliu
443 2645 620 2731 posteriore.
670 2645 758 2729 nequi
777 2646 949 2730 prioroulle
969 2647 1090 2724 iudeo,
1123 2646 1172 2709 vel
1192 2657 1290 2731 poste·

130 2749 209 2810 rioro
225 2748 423 2827 constituere,
456 2769 492 2811 oe
510 2768 647 2811 sermone
672 2746 787 2831 quilem
811 2749 891 2813 lieet.
937 2748 1055 2813 Etenim
1078 2748 1165 2813 simul
1182 2750 1211 2811 in
1234 2750 1289 2815 (loo

129 2849 229 2912 insunt
244 2848 400 2927 universe,
425 2871 478 2914 nee
492 2851 694 2914 secessionem
709 2850 834 2934 aliquem
853 2852 1010 2916 desideret.
1058 2849 1205 2934 Quocirou
1222 2873 1287 2915 ouru

130 2951 258 3035 genitum
275 2951 406 3014 sobolem
427 2953 566 3032 dioimus,
592 2952 663 3015 nihil
680 2952 798 3016 omnino
814 2956 1021 3039 temporarium
1039 2956 1131 3040 pietus
1149 2955 1286 3019 arminio.

78 3140 81 3145 Δ
129 3050 209 3116 Num
233 3052 263 3116 in
286 3053 472 3118 sanctissime
498 3055 648 3133 trinitate,
683 3055 739 3118 hoo
762 3068 808 3120 est
830 3058 885 3120 leo
912 3069 1010 3142 putre,
1045 3059 1104 3122 filio
1128 3070 1158 3121 et
1184 3059 1288 3145 spiritu

130 3165 250 3234 saneto,
284 3155 332 3239 qui
356 3167 401 3220 est
418 3157 489 3221 deus
506 3159 659 3237 existens,
690 3168 775 3243 puter
794 3161 929 3224 existens
943 3170 1083 3240 voretur,
1109 3183 1163 3225 neo
1184 3184 1243 3226 nou
1260 3172 1289 3225 et

68 3292 72 3298 »
130 3257 266 3321 existens
282 3258 358 3321 lilius
380 3280 445 3322 oum
464 3259 613 3325 existente
628 3273 833 3345 comparatus,
859 3262 894 3325 ab
910 3283 1004 3346 eoque
1019 3262 1093 3327 eitra
1112 3265 1223 3328 initium
1245 3266 1288 3329 ul·

131 3361 189 3423 lum
204 3369 373 3444 tempusque
388 3361 522 3444 genitu83
548 3376 579 3425 ut
596 3385 635 3427 ex
653 3365 689 3427 iis
701 3365 864 3449 scripturae
880 3365 952 3429 loois
970 3366 1176 3451 intelligimus:
1200 3373 1290 3449 Apud
1318 3377 1406 3474 133⁸!ss

129 3475 157 3524 te
170 3464 293 3542 estsons
311 3468 401 3524 nr'toe:
431 3464 519 3542 item,
544 3470 578 3527 Ιιι
601 3469 705 3528 Iumrire
722 3480 770 3528 tuo
792 3470 945 3530 vriiebr'rrrur
961 3473 1071 3531 lumen:
1103 3478 1148 3546 et,
1175 3474 1290 3548 Qur’ert
1352 3460 1360 3486 ’

129 3571 159 3626 ιἰι
178 3572 243 3626 sinu
253 3568 368 3645 putrr‘s:
400 3565 487 3642 item,
512 3572 547 3628 In
561 3572 703 3648 prrirer'pro
720 3583 784 3631 erut
798 3573 927 3646 uerbum,
959 3585 990 3634 et
1006 3574 1118 3634 uerbum
1132 3577 1441 3652 marapetinum

128 3670 227 3744 deum,
258 3669 371 3728 eruens
393 3670 597 3730 erotoerbum.
645 3667 789 3734 Similiter
813 3683 842 3734 et
861 3674 897 3736 do
913 3675 1018 3758 spiritu
1041 3685 1162 3736 saneto:
1195 3678 1428 3758 δμῶ’-ηιμ,

129 3781 174 3830 tur
191 3792 267 3831 meus
291 3774 422 3830 oonsr'str't
438 3775 467 3831 ιἰι
484 3773 572 3831 medio
593 3777 689 3832 nestri.
737 3770 830 3836 Vides
855 3797 939 3858 quum
966 3776 1035 3839 nihil
1054 3777 1081 3838 in
1100 3775 1232 3838 trinitate
1250 3779 1289 3841 sit

128 3873 254 3935 reeens?
297 3870 381 3937 Unde
401 3892 455 3934 nee
472 3871 636 3935 substantia
652 3873 855 3950 ellectionem,
888 3898 943 3940 uee
960 3878 1151 3941 substantium
1169 3890 1288 3943 anteue-

128 3974 170 4037 dit
186 3974 316 4037 offertio.
362 3971 503 4038 Ceterum
523 3973 709 4037 ellectionem
726 3996 790 4037 oum
810 3977 951 4058 dicimus,
987 4001 1044 4043 non
1063 3981 1158 4043 llnxes
1175 3981 1239 4044 illos
1257 3994 1287 4047 et

129 4077 256 4140 coloreas
272 4076 478 4161 intelligimus,
512 4098 586 4161 quoe
610 4079 640 4142 io
658 4099 830 4162 unoquoque
849 4099 948 4143 eorum
968 4102 1065 4145 rerum
1085 4103 1160 4167 quoe
1177 4084 1287 4149 adveu-

130 4177 201 4242 titiis
226 4179 314 4242 rebus
335 4180 499 4242 alliciuntur
514 4181 594 4243 vires
610 4178 679 4244 sues
694 4203 728 4244 uo
747 4183 926 4244 mutationes
942 4196 1099 4262 exereret,
1131 4194 1286 4270 utrumque

130 4301 183 4342 nos
202 4302 218 4342 a
235 4292 263 4345 te
280 4282 372 4345 coorti
391 4283 556 4346 oll'eotionis
578 4283 752 4348 vooelrulum
771 4285 805 4347 ad
826 4284 924 4348 divine
943 4287 1156 4351 transierimus.
1202 4286 1286 4354 Nilril

129 4391 177 4444 est
195 4382 284 4466 igitur
302 4384 331 4446 in
348 4385 403 4447 deo
419 4386 465 4448 rel
482 4386 679 4464 antecellens,
714 4387 761 4451 vel
779 4397 876 4451 netute
894 4388 1058 4474 posterius,
1089 4391 1141 4456 sed
1163 4412 1197 4456 en
1213 4392 1286 4456 dun-

162 4517 185 4569 5·
203 4518 320 4581 τιθευιὰς
336 4524 402 4574 rodo.
420 4537 476 4575 mss.
494 4528 516 4575 st
533 4524 569 4574 ert
584 4527 660 4588 prtor.
