3066 5078
159 286 201 349 60
585 293 706 347 sonori
723 293 893 347 εειεειιυυ

158 414 197 480 οῦ
225 411 267 497 μὴ
288 410 407 504 αόξηθῇ
434 414 466 478 έν
486 418 540 478 τοῦ
567 412 737 493 σπέρματος
767 411 863 478 αῦτοῦ
888 409 987 498 ἔργον
1014 413 1058 478 δτι
1086 413 1119 479 ίν
1139 420 1180 505 τῷ
1198 414 1317 507 Ἰοόδφ,

157 515 331 600 καθήμενος
352 517 401 582 ini
423 512 540 599 θρόνου
562 516 669 597 Δαβίδ.

21 620 89 685 Kto-
105 621 140 688 τί.
246 619 331 683 ιΙίαλ
350 615 417 701 μεθ’
438 620 521 702 έτερα
543 613 798 699 μνημονεῦσαντος
821 617 999 703 Μαρκέλλου
1019 624 1079 684 τῶν
1095 616 1245 705 Ἀστερίου
1262 624 1317 706 δη·

157 728 233 801 ττῦν,
255 722 388 802 ίπιφέρει
409 721 515 805 λέγων·

244 825 312 899 Θείς
329 817 384 888 οῦν
400 828 509 900 ταῦτα,
540 823 591 887 καλ
607 828 710 906 χωροῦν
726 829 764 912 τῇ
782 820 905 908 ἆρνήοει
922 829 999 906 θτῆς
1013 829 1067 888 τοῦ
1084 831 1218 910 σωτῆρος
1229 824 1320 909 ἡμῶν

157 925 273 1002 είκόνος
288 926 340 990 καλ
356 923 475 1002 οῦσίας,
496 924 547 988 καί
565 931 617 1007 τῆς
634 931 814 1010 μονογενοῦς
828 923 967 1007 υίότητος
982 928 1014 991 ίκ
1032 924 1161 1012 πατρός,
1190 930 1242 993 καλ
1257 937 1320 995 τοῖν

157 1032 367 1112 πρατοτοκίων
381 1025 478 1109 πόσης
495 1030 633 1105 κτίσεως,
665 1028 716 1092 καλ
732 1034 785 1110 τῆς
805 1029 838 1093 έκ
856 1035 1036 1113 μονογενοῦς
1051 1026 1231 1112 μονότητος,
1263 1033 1319 1097 καλ

156 1138 210 1213 τῆς
225 1132 259 1196 ίκ
275 1134 385 1195 τελείου
399 1126 590 1210 τελειότητος,
620 1130 670 1192 καί
685 1134 738 1211 τῆς
752 1131 784 1194 έκ
799 1131 942 1212 βασιλέως
956 1133 1120 1212 βασιλείοις,
1142 1133 1193 1197 καλ
1211 1139 1264 1215 της
1282 1135 1318 1199 ίκ

156 1236 263 1317 κυρίου
280 1230 472 1317 κυριότητος,
493 1232 544 1295 καί
559 1237 613 1314 τῆς
630 1233 662 1296 ἐκ
680 1238 757 1296 θεοῦ
773 1229 932 1314 θεότητος,
955 1231 1059 1309 οὐσίας
1074 1257 1105 1297 τε
1124 1229 1242 1314 ἅπλῶς,
1263 1236 1317 1301 καλ

156 1338 283 1419 βουλῆς,
313 1335 364 1398 καί
380 1332 550 1416 δυνάμεως,
581 1336 631 1398 καί
656 1331 745 1416 δόξης
766 1341 844 1399 θεοῦ
866 1334 982 1410 είκόνος
1003 1332 1247 1417 σίτταραλλσίκτου,
1278 1335 1318 1402 οῦ

158 1446 274 1519 μικροῖς
294 1435 393 1522 λόγοις
416 1433 596 1520 οίρνοῦμενος
612 1437 781 1518 ίμττροσθεν
795 1444 855 1502 τῶν
869 1435 1061 1522 όνθροόττυν,
1090 1436 1138 1504 διό
1156 1440 1208 1504 καί
1225 1436 1316 1524 όρνη-

156 1538 325 1622 θησόμενος
348 1540 518 1624 ἔμπροσθεν
542 1544 596 1603 τοῦ
621 1536 734 1622 πατρός
759 1535 869 1617 αότοῦ,
901 1538 1039 1625 όίντικρυς
1065 1546 1159 1605 ταῦτα
1178 1540 1313 1626 γράφεις.

163 1648 260 1706 Ταῦτα
281 1639 318 1706 τδ
339 1639 456 1725 βήματα
480 1647 584 1721 σαφοῦς
607 1640 662 1724 τήν
687 1639 806 1724 φαῦλην
829 1639 923 1707 αῦτοῦ
945 1644 1013 1727 περλ
1034 1640 1176 1724 θεότητος
1197 1641 1312 1725 πατρός

157 1746 209 1809 καλ
230 1744 299 1808 υίοῦ
320 1747 477 1826 παρίστησι
495 1742 592 1821 δόξαν.
635 1741 673 1808 Ἡ
686 1744 718 1809 δέ
732 1743 845 1810 τούτων
867 1742 987 1828 όρνησις
1007 1743 1061 1828 τὴν
1074 1744 1127 1828 σόν
1142 1741 1309 1829 ἔνδιοίστρο·

157 1871 217 1928 φον
233 1847 284 1910 καλ
305 1846 423 1928 φαύλην
445 1848 512 1929 περὶ
535 1846 678 1929 θεότητος
698 1847 750 1911 καλ
772 1846 876 1922 οὐσίας
899 1851 1047 1931 Χριστοῦ,
1077 1843 1309 1932 σαφῦςῆλτγξεν

159 1950 351 2034 έτεροδοξίαν.
508 1965 509 1968 ’

21 2088 89 2158 [ςφ.
107 2075 142 2144 ς’,
249 2068 335 2131 ιΚαλ
356 2064 424 2149 μεθ’
445 2067 527 2150 ἕτερα
549 2068 684 2152 έπιφέρει
705 2064 742 2132 τό
765 2069 954 2152 Μαρκέλλου.

231 2169 332 2235 'Enna
350 2160 404 2234 οῦν
425 2166 461 2233 τό
479 2169 544 2251 ἑξῆς
566 2171 701 2251 ἐπιφέρει
718 2168 856 2255 γράφων·
890 2167 986 2235 Odoin
1001 2168 1102 2235 αὐταῖν
1117 2161 1162 2235 δν
1174 2177 1315 2257 προεῖπεν

156 2269 231 2338 είναι
241 2272 384 2354 βούλεται.
430 2269 558 2335 Πόντον
572 2269 630 2357 γόρ
645 2269 758 2351 τούτων
774 2270 874 2337 είκόνα
890 2269 982 2338 αῦτόν
998 2268 1073 2337 είναι
1089 2273 1192 2358 λέγεις.
1234 2269 1307 2336 Onin-

156 2382 211 2441 οῦν
238 2377 265 2440 εί
285 2372 389 2449 οὐσίας
409 2375 488 2439 ίοτλν
511 2371 616 2453 είκοίν,
645 2373 745 2439 οὐκέτι
767 2373 929 2440 αότοουσία
952 2372 1075 2439 δόναται
1100 2371 1191 2440 είναι·
1220 2374 1310 2440 mini

155 2480 265 2560 βουλῆς
280 2479 358 2543 έστιν
370 2474 471 2561 είκοίν,
493 2472 592 2542 οόκέτι
607 2475 776 2560 αῦτοβουλή
791 2474 866 2542 εἶναι
881 2475 1017 2542 δύναται·
1039 2479 1090 2541 καλ
1106 2479 1135 2541 εί
1148 2477 1311 2560 δυνάμεως,

155 2577 254 2645 οδκέτι
271 2577 413 2662 δόναμις·
436 2580 487 2643 καί
502 2581 530 2643 εί
542 2579 640 2660 δόξης,
663 2576 759 2645 οόκέτι
778 2580 858 2657 δόξα.
894 2576 933 2643 Ἡ
945 2577 1000 2664 γαίρ
1019 2577 1106 2645 είκοόν
1123 2578 1179 2662 οῦχ
1197 2581 1312 2662 ἑαυτῆς,

155 2679 213 2748 ἄλλ’
229 2684 329 2764 έτέρου
346 2679 427 2758 τινός
444 2680 533 2761 είκοόν
552 2683 637 2747 ίοτιν.
671 2681 772 2747 Ἕαλα
789 2683 835 2759 δέ,
866 2681 1036 2765 Μόρκελλε,
1058 2683 1108 2746 καί
1126 2686 1229 2766 ψευδῆ
1244 2688 1313 2747 ταῦ-

33 2814 142 2874 μμςη
155 2810 199 2849 τα.
245 2784 351 2849 Πόντα
374 2781 430 2868 γόρ
453 2782 545 2849 αὐτόν
566 2782 744 2869 δίπροεῖπον
763 2781 909 2868 Ἀστέριος
931 2781 1005 2850 είναι
1030 2784 1180 2867 βούλεται,
1211 2786 1314 2871 λέγων,

156 2885 297 2964 Βασιλεός
321 2887 456 2969 βασιλέα,
486 2885 589 2971 κύριος
612 2883 734 2970 κόριον,
764 2884 837 2962 θεός
862 2885 944 2952 θεόν.
1000 2888 1059 2951 Καί
1084 2885 1146 2952 λόει
1176 2907 1234 2953 σου
1260 2884 1315 2970 τὴν

155 2986 275 3072 όίψυχον
304 2987 419 3067 είκόνα,
454 2987 508 3073 τήν
532 2986 608 3054 κατὰ
635 2989 666 3054 σέ
690 2988 870 3078 ἀνθρωπίνη
900 2991 983 3079 τέχνη
1013 2995 1201 3055 συνεστῶσαν
1225 2988 1316 3080 μόνη.

158 3091 285 3157 Πόντον
296 3090 352 3177 γὰρ
368 3089 481 3157 τοῦτον
496 3097 591 3169 ζοδσαν
605 3088 706 3156 είκόνα
723 3091 813 3176 λέγει,
835 3093 886 3156 καί
903 3098 1011 3170 ζῶντος
1028 3090 1143 3168 είκόνος
1159 3093 1318 3178 ἐκμαγεῖον

156 3185 250 3260 οῦσαν
266 3200 320 3258 τοῦ
335 3195 551 3279 γεγεννηκότος,
573 3195 624 3258 καλ
642 3190 746 3268 οῦοίας
760 3190 939 3258 αῦτοουσίαν
951 3190 1052 3259 είκόνα
1066 3194 1151 3278 λέγει,
1172 3195 1225 3258 καλ
1244 3198 1318 3277 βου·

154 3303 210 3380 λῆς
225 3293 424 3378 αότοβουλὴν,
458 3297 508 3361 καλ
524 3294 679 3378 δυνάμεως
702 3294 918 3378 αῦτοδόναμιν,
952 3297 1002 3362 καί
1021 3296 1110 3378 δόξης
1126 3295 1317 3376 αῦτοδοξίαν,

153 3402 205 3465 καὶ
221 3398 275 3481 οὐχ
290 3399 413 3480 ἑαυτῆς,
442 3395 501 3463 ἄλλ’
518 3399 620 3482 ἑτέρου
641 3395 788 3474 ἐίκόνος.
834 3397 882 3463 Σῦ
898 3400 929 3465 δέ
945 3396 1021 3465 θεόν
1039 3400 1073 3464 έκ
1087 3405 1163 3463 θεοῦ
1179 3395 1233 3464 τόν
1248 3396 1319 3464 υίόν

155 3503 209 3586 οῦγ
226 3499 396 3587 όμολογοῦν,
419 3499 492 3566 ου’δέ
507 3507 573 3581 φῦς
591 3502 623 3564 ἐκ
639 3498 754 3580 φωτός,
777 3497 847 3566 aiii
863 3499 990 3584 δύναμιν
1005 3504 1037 3566 έκ
1053 3498 1225 3583 δυνάμεως,
1249 3497 1319 3567 οῦτε

154 3603 247 3681 θεόν,
269 3601 338 3669 οῦτε
352 3609 437 3683 φῶς,
459 3601 498 3668 οῦ
513 3600 655 3682 δύναμιν,
678 3601 735 3667 οὐκ
750 3601 871 3682 οὐσίαν,
895 3603 932 3669 οῦ
947 3600 1075 3687 βουλήν,
1107 3602 1143 3667 οῦ
1160 3601 1252 3680 δόξαν
1265 3601 1320 3669 τόν

154 3705 221 3772 υίόυ
238 3703 313 3772 είυαι
332 3707 469 3783 ’θέλυν,
491 3699 564 3770 όλλό
578 3730 603 3770 τι
620 3711 720 3785 σῶμα,
741 3713 834 3769 ταῦτα
850 3703 999 3786 όφανίζεις
1016 3703 1130 3786 σίσεβῦς
1148 3706 1180 3770 ίν
1194 3712 1232 3796 τῇ
1247 3728 1320 3771 συν-

156 3813 246 3897 τελεία
268 3808 340 3892 μεταλ
363 3807 480 3874 τοῦτου.
527 3807 588 3870 Καλ
611 3805 690 3895 ἀρνῇ
706 3807 758 3889 μέν
781 3806 830 3886 τό,
865 3806 939 3884 Θεός
960 3801 999 3891 ἦν
1022 3804 1040 3873 ό
1061 3806 1163 3893 λόγος,
1194 3806 1263 3875 υίόν
1284 3808 1320 3874 δέ

191 4083 250 4134 (λιν.
265 4085 332 4134 viii.
348 4113 381 4124 -
400 4086 422 4137 ί.
441 4087 516 4136 veroa
530 4083 665 4138 Καὶ-υ
680 4084 720 4137 λέ-
750 4088 822 4147 ρίσίσ.

155 4169 207 4220 γων
229 4156 255 4202 in
277 4158 372 4215 uinoque
394 4156 462 4204 οοσσ.
484 4168 539 4203 mis.
563 4156 720 4216 inscriptionis
785 4153 810 4203 2.
828 4155 853 4204 In
868 4157 973 4204 omnious
989 4158 1055 4205 libris
1072 4160 1121 4204 ίσοι
1135 4157 1228 4217 noiolio
1244 4168 1320 4218 ηιιοτε

154 4224 230 4272 innon
244 4223 314 4270 τοῦτο
330 4226 383 4269 soni
399 4224 652 4285 οολοτσ-ειιμστεοείμία.
752 4222 820 4271 editis
837 4227 869 4271 osi
887 4219 990 4282 εἰκόνος.

188 4291 213 4340 ¹2.
231 4290 280 4354 τῆς
295 4287 339 4340 τοῦ
356 4292 432 4339 omiss.
448 4293 473 4340 in
487 4290 523 4340 εδ.
541 4292 622 4342 Peion.
638 4292 718 4340 Goion.
785 4289 809 4340 3.
832 4291 895 4339 Ηυεο
917 4292 945 4338 σε
967 4295 1099 4342 cononum
1123 4292 1221 4341 oomni
1256 4293 1321 4341 Noni

156 4363 225 4420 τερα.
752 4360 777 4408 in
792 4360 857 4407 libris
871 4360 1030 4420 scriptumest
1046 4361 1116 4422 υυλρο
1133 4356 1230 4419 iiiam
1254 4352 1321 4413 ἀλλὰ

190 4425 249 4474 ειν.
265 4424 312 4473 IX.
331 4451 364 4461 -
391 4422 717 4491 1.VerboKni·-Mno·
750 4421 779 4478 τό
798 4426 874 4490 σῶμα
887 4428 967 4479 ταῦτα
981 4423 1097 4494 ἀφανίζει
1112 4453 1128 4463 -
1145 4453 1162 4465 -
1213 4424 1246 4479 τὰ
1261 4424 1321 4479 τοῦ·

156 4491 244 4546 κίλλου
266 4496 403 4554 invitoque
424 4494 491 4543 codd.
513 4509 569 4545 τοτε.
586 4497 640 4544 item
664 4500 718 4544 iuni
751 4510 807 4545 των.
846 4496 907 4543 Verre
923 4495 968 4545 sed
984 4511 1072 4562 corpus
1087 4492 1171 4561 aliquo
1199 4510 1274 4562 ,quo
1291 4493 1322 4544 fit

159 4563 191 4614 od
214 4563 372 4625 inscriptionis
393 4563 469 4612 innon
490 4566 583 4626 ponto,
609 4569 629 4614 τι
646 4565 719 4614 minio
753 4570 780 4610 ot
792 4559 834 4611 illa
850 4560 931 4613 omnio
947 4565 1091 4633 (dininiioiii
1102 4564 1222 4627 ίτιίςολο,
1245 4565 1320 4614 nonii
