3096 5070
290 282 352 346 5⁶0
715 292 1030 346 ιιυυιιιιεινιιιιιιι

377 415 569 488 mmmm,
591 406 651 474 ύπῦ
668 408 820 476 Νικολάου
834 417 889 476 τοῦ
906 413 956 476 έπλ
970 419 1035 487 ταῖς
1052 407 1153 496 χήραις
1168 407 1229 476 ύπῦ
1244 417 1303 476 τῦν
1320 407 1452 476 ύποστύ-

289 519 349 579 λων
364 513 539 594 ταχθέντας,
566 518 600 557 ¹⁸
611 508 661 576 διύ
677 518 761 593 ζῆλον
776 519 830 595 τῆς
847 515 925 590 ἰδίας
941 520 1069 598 γαμετῆς
1083 512 1137 596 την
1155 517 1366 599 αἰσχρουργίαν
1385 511 1452 595 ἅμα

290 621 353 690 τοῖς
378 610 477 690 ἄλλοις
501 616 640 679 ἐπιτελεῖν
663 611 734 691 τούς
760 616 868 681 ἑαυτοῦ
892 614 1031 700 μαθητιῖς
1054 616 1192 698 διδάξας,
1224 618 1276 681 καί
1298 617 1366 702 περὶ
1393 622 1452 680 τοῦ

291 713 475 782 Καυλακαύκ
492 718 542 782 καλ
568 721 786 801 14Προυνίιιου
800 720 851 782 καὶ
867 715 961 784 ῦλλων
982 721 1173 804 βαρβαρικῶν
1194 717 1350 802 ὀνομάτων
1371 720 1451 801 είςη·

290 817 463 906 γησύμενος.

162 953 214 999 μς.
228 941 273 988 m
379 921 558 1000 Γνωστικολ,
591 919 643 997 τὰς
668 919 761 998 αύτιὶς
783 925 908 1008 αίρέσεις
928 921 1161 1007 διαδεξύμενοι,ι
1174 926 1264 991 πλέον
1285 925 1337 988 καλ
1361 919 1451 987 αύτολ
1532 990 1534 994 ,

290 1023 410 1090 πάντων
431 1021 487 1106 την
509 1021 685 1106 αἰσχρότητα
707 1027 844 1109 έμμανῦς
867 1024 1068 1112 ἐργαζόμενοι,
1098 1026 1283 1114 ἐνΑἰγύπτῳ
1302 1026 1334 1090 δέ
1350 1031 1451 1110 Στρα-

290 1128 421 1194 τιιοτικολ
442 1124 634 1208 καλούμενοι,
665 1129 717 1192 καί
741 1132 934 1210 Φιβιωνῖται,
966 1131 998 1193 έν
1015 1128 1047 1193 δέ
1066 1138 1127 1205 τοῖς
1145 1127 1332 1213 ύνωτερικοῖς
1350 1129 1451 1211 μέρεσι

290 1230 519 1305 Σεκουνδιανοί,
541 1229 573 1293 έν
588 1225 686 1305 ἄλλοις
701 1229 733 1294 δέ
749 1232 847 1315 μέρεσι
863 1237 1064 1311 Συκρατῖται,
1093 1229 1175 1316 παραὶ
1193 1232 1225 1296 δέ
1242 1233 1352 1316 έτέροις
1368 1237 1450 1295 Ζακ·

290 1341 383 1417 ηαῖοι·
414 1327 497 1397 ύλλοι
520 1331 552 1395 δὲ
576 1336 607 1374 ¹⁶
620 1329 791 1409 Κοδιανούς
812 1331 924 1408 αύτούς
943 1334 1077 1418 λέγουσι,
1109 1331 1189 1400 δ’λλοι
1211 1334 1243 1399 δέ
1264 1337 1453 1418 Βορβορίτας

291 1432 402 1510 αύτούς
421 1438 550 1498 καλοῦσι.

378 1537 655 1620 Καρποκρατιανοὶ,
679 1536 741 1601 ιἰπό
762 1535 999 1622 Καρποτιρύτους
1016 1537 1095 1614 τινῦς
1110 1545 1169 1603 τῶν
1185 1541 1218 1604 έν
1232 1545 1269 1627 τῇ
1282 1538 1384 1626 Ἀσίρι,
1398 1621 1400 1624 v
1416 1536 1453 1615 ῦς

292 1641 427 1705 ίδίδασιιι
443 1644 544 1705 πᾶσαν
560 1641 765 1725 αἰσχρουργίαν
782 1641 920 1718 ἐκτελεῖν,
949 1642 999 1703 καλ
1020 1647 1081 1705 πᾶν
1098 1640 1277 1725 ἐπιτήδευμα
1295 1637 1451 1724 ἁμαρτίας.

293 1743 356 1806 Καὶ
373 1743 400 1806 εί
415 1739 456 1824 μή
472 1767 516 1817 τις
532 1740 581 1806 διὰ
598 1739 719 1807 πάντων
726 1792 735 1820 ,
765 1744 857 1824 φησὶ,
887 1744 1042 1830 παρέλθη,
1073 1745 1124 1807 καλ
1143 1741 1177 1808 τῦ
1192 1744 1309 1826 θέλημα
1326 1742 1451 1809 πάντων

293 1841 445 1926 δαιμόνων
458 1845 508 1906 καλ
524 1842 653 1929 ἀγγέλων
674 1845 827 1922 έκτελέσει,
859 1844 896 1909 οῦ
918 1843 1040 1910 δύναται
1056 1842 1220 1929 ὑπερβῆναι
1235 1847 1278 1920 είς
1289 1843 1342 1910 τδν
1358 1842 1450 1930 ου’ρα-

293 1943 362 2024 νῦν,
386 1945 457 2010 οὐδέ
473 1943 525 2022 τοὶς
541 1944 646 2029 ιἰρχῦς,
669 1948 720 2011 καὶ
734 1945 786 2021 τοὶς
800 1948 934 2024 ἐξουσίας
950 1955 1116 2031 παρελθεῖν.
1151 1945 1254 2031 Ἔλεγε
1269 1947 1302 2011 δέ
1318 1945 1371 2012 τόν
1387 1945 1450 2030 Ἰη-

292 2054 367 2114 σοῦν
389 2044 491 2129 ψυχὴν
510 2046 616 2131 νοιρᾶν
639 2049 805 2131 ιλληφέναι,
837 2047 936 2114 είδότα
950 2050 982 2114 δὲ
997 2047 1033 2113 τύ
1050 2047 1112 2115 ύνω
1132 2051 1183 2115 καί
1198 2046 1234 2114 τύ
1250 2051 1382 2114 ἐνταῦθα
1396 2076 1448 2114 κα-

293 2152 472 2237 ταγγέλλειν,
493 2151 545 2214 καὶ
563 2147 603 2226 ιδς
620 2153 649 2215 εί
661 2176 706 2226 τις
723 2149 859 2234 πράξειεν
875 2150 962 2233 ὅμοια
977 2158 1018 2240 τῷ
1036 2147 1154 2232 Ἰησοῦ,
1176 2147 1240 2217 κατ’
1255 2150 1347 2217 αῦτδν
1362 2147 1442 2215 εἶναι

299 2251 358 2318 Τῦν
372 2252 404 2316 δέ
420 2250 513 2333 νόμον
537 2250 593 2316 σῦν
609 2258 645 2342 τῇ
662 2258 722 2318 τῶν
741 2258 854 2342 νεκρῶν
877 2250 1033 2319 ἀναστάσει
1057 2251 1250 2339 ἀπαγορεύει,
1281 2250 1321 2328 οἷς
1333 2255 1367 2316 αί
1378 2248 1439 2314 ιἰπῦ

293 2360 432 2438 Σίμωνος
456 2356 590 2439 αίρέσεις.
638 2353 753 2421 Τούτου
780 2356 896 2440 γέγονεν
918 2353 988 2437 ἧέν
1003 2352 1099 2445 Ῥοίμη
1121 2359 1312 2442 Μαρκιλλίνα.
1351 2351 1439 2417 Είκύ-

293 2485 347 2534 νας
366 2458 397 2523 δέ
414 2454 540 2539 ποιήσας
555 2458 587 2522 έν
600 2463 703 2547 κρυφῇ
718 2453 828 2540 Ἰησοῦ,
851 2459 901 2522 καλ
921 2457 1055 2538 Παύλου,
1077 2461 1129 2523 καὶ
1140 2456 1283 2544 Ὀμήρου,
1306 2456 1356 2520 καλ
1375 2460 1438 2518 Πυ-

293 2558 447 2646 θαγόρου,
469 2557 577 2636 ταύτας
597 2561 710 2643 έθυμία
730 2562 782 2624 καλ
803 2558 984 2645 προςεκύνει.

381 2867 581 2949 Κηρινθιανοὶ
596 2868 648 2930 καὶ
664 2870 889 2952 Μηρινθιανολ,
918 2870 950 2931 οί
966 2865 1024 2932 ύπῦ
1042 2871 1200 2953 Κηρίνθου
1215 2869 1268 2931 καὶ
1283 2870 1453 2952 Μηρίνθου

293 2967 455 3050 Ἰουδαῖοι,
484 2971 589 3044 οἵτινες
612 2967 772 3053 περιτομὴν
787 2967 923 3052 αύχοῦσι,
952 2971 1004 3035 καί
1020 2968 1133 3052 κόσμον
1148 2965 1208 3034 ύπῦ
1226 2966 1356 3054 α’γγέλοιν,
1373 2992 1450 3055 γεγε·

295 3078 422 3156 νῆσθαι,
444 3067 496 3136 τῦν
517 3071 550 3134 δέ
569 3067 689 3154 Ἰησοῦν
710 3069 787 3138 κατὰ
807 3071 966 3157 προκοπὴν
989 3071 1119 3157 Χριστῦν
1139 3077 1301 3135 καλεῖσθαι.

382 3281 568 3360 Ναζωραῖοι,
590 3274 707 3359 Ἰησοῦν
724 3277 778 3360 μέν
792 3273 1005 3365 ὁμολογοῦντες
1019 3274 1086 3343 υίῦν
1099 3282 1192 3356 θεοῦ,
1213 3273 1312 3341 πύντα
1330 3276 1362 3341 δέ
1376 3273 1454 3342 κατὰ

294 3377 389 3463 νόμον
410 3376 638 3461 πολιτευόμενοι.

377 3477 560 3564 Ἐβιοτναῖοι,
591 3484 802 3565 παραπλησίως
828 3488 888 3546 τῶν
912 3484 1134 3566 προειρημένον
1160 3485 1375 3566 Κηρινθιανῦν
1398 3481 1455 3545 καί
1527 3487 1529 3490 ’

297 3587 497 3669 Ναζωραίων,
519 3580 565 3660 οἷς
581 3583 724 3667 συνήφθη
741 3581 816 3649 κατύ
833 3610 861 3648 τι
876 3580 897 3666 ἦ
911 3590 971 3649 τῶν
984 3588 1154 3667 Σαμψαίοτν
1169 3609 1199 3648 τε
1213 3585 1265 3648 καί
1277 3579 1456 3646 Ἑλκεσαίων

297 3689 421 3773 αἵρεσις·
452 3691 483 3751 οἳ
496 3684 548 3752 τῦν
568 3686 697 3770 Χριστόν
714 3709 805 3767 φασιν
821 3688 956 3751 ἐκτίσθαι
974 3689 1005 3751 έν
1021 3694 1062 3774 τῷ
1079 3687 1214 3774 οὐρανῷ,
1247 3685 1297 3749 καί
1315 3681 1347 3748 τῦ
1364 3681 1456 3768 δ’γιον

295 3796 426 3873 πνεῦμα,
457 3788 659 3872 ένδημὴσαυτα
681 3788 713 3853 δέ
729 3790 761 3854 έν
781 3794 823 3877 τῷ
836 3786 936 3870 Ἀδύμ
957 3796 1091 3872 πρῶτον,
1122 3790 1172 3854 καί
1187 3784 1262 3853 κατῦ
1284 3783 1389 3868 καιρῦν
1405 3787 1456 3851 δν-

297 3889 444 3975 δυόμενον
459 3889 552 3956 αῦτδν
567 3888 618 3956 τὸν
631 3887 738 3972 Ἀδῦμ,
761 3892 810 3956 καί
827 3888 916 3955 πάλιν
930 3889 1116 3974 έκδυόμενον,
1166 3897 1260 3955 Τοῦτο
1280 3885 1378 3974 1θγοὶρ
1392 3913 1454 3968 φα·

298 4014 347 4059 σιν
363 3994 587 4059 έπιτιτελεκέναι
608 3990 701 4057 αύτδν
722 3994 754 4058 έν
775 3999 812 4082 τῇ
831 3991 963 4081 ένσύρκρι
986 3991 1079 4059 αῦτοῦ
1105 3996 1263 4080 παρουσίᾳ.
1304 3989 1458 4057 Ἰουδαῖοι

298 4097 331 4161 δὲ
350 4093 431 4171 ὄντες
446 4093 622 4180 εὐαγγελίοις
637 4097 798 4179 κέχρηνται.
843 4100 1056 4180 Σαρκοφαγίαν
1069 4093 1287 4184 βδελύττονται,
1318 4091 1351 4157 τῦ
1367 4091 1456 4178 ῦδοτρ

299 4197 332 4263 δέ
347 4195 413 4263 ιῖντὶ
430 4205 506 4262 θεοῦ
530 4200 645 4279 έχουσι,
676 4196 727 4262 τόν
743 4197 774 4262 δέ
797 4194 927 4282 Χριστῦν
943 4195 1110 4284 ῦυθροοπον
1125 4199 1156 4262 έν
1169 4202 1206 4286 τῇ
1225 4193 1356 4282 ένσύρκρι
1375 4220 1458 4279 παρ-

297 4304 385 4388 ουσίᾳ
411 4298 604 4380 ἐνδεδύσθαι,
634 4296 675 4376 οῦς
699 4291 785 4382 έφην.
839 4306 976 4382 Συνεχῶς
999 4302 1031 4365 δέ
1056 4303 1244 4383 βαπτίζονται
1273 4299 1305 4362 έν
1329 4306 1392 4373 τοῖς
1420 4296 1458 4363 ῦ-

333 4471 372 4524 13.
394 4475 478 4538 Remu
501 4467 531 4534 ὃς
550 4490 678 4539 pronomen
700 4487 729 4525 τυ
744 4488 799 4525 voa
814 4489 858 4525 τα·
928 4468 967 4523 14.
983 4474 1115 4538 προυνικτῦ
1132 4475 1200 4524 codd.
1217 4487 1271 4524 ιιιτι.
1289 4477 1389 4534 uterque.

299 4538 411 4609 χθέντος.
928 4538 1254 4606 15.1λιραιιιΚοδδιανοῦς.
1291 4548 1293 4551 ’
