3096 5070
434 261 571 314 sennan
586 261 650 312 ms.
668 260 710 309 rn.
727 258 810 312 ron.
823 259 856 310 rr.
872 255 972 309 nana.
985 246 1116 311 u'xxvn.
1295 241 1357 307 343

201 378 253 443 sed
279 399 401 464 qnorum
426 402 483 444 nna
510 381 672 463 eademqne
696 399 780 442 mens
802 388 884 442 esset
914 398 979 441 cum
1009 375 1158 462 impietate
1187 374 1355 438 coniuncta.

199 478 362 566 Propterea
388 482 568 547 dissidebant
584 503 600 545 a
615 501 649 544 se
666 478 792 545 invicem
817 501 851 543 ac
867 478 1035 565 pugnabant
1051 477 1070 539 ii
1089 477 1188 561 quide
1206 476 1272 539 fidei
1291 498 1357 561 pro-

201 584 328 649 fessione
344 604 360 647 a
377 585 509 669 patribus
525 584 555 646 in
571 580 706 647 Nicaena
723 584 837 668 synodo
854 581 967 667 prodita
983 580 1157 662 gloriantur.
1203 576 1270 661 Ego
1285 598 1357 642 vero

198 685 335 771 pietatem
358 696 437 750 tuam
455 706 634 770 magnopere
653 682 812 747 demiratus
836 704 918 761 sum,
950 682 1026 764 qnod
1043 682 1117 743 istos
1133 679 1265 743 homines
1283 678 1356 743 tole·

196 809 264 855 rare
288 788 433 873 potuerit,
458 807 553 871 neque
570 786 638 850 tolia
656 785 831 850 iactantibus
850 784 998 848 silentium
1014 781 1204 868 imposuerit,
1228 803 1262 845 ac
1282 780 1357 865 piam

196 890 403 974 sinceramque
427 889 492 953 fidei
511 888 642 973 reguiam
664 888 819 965 obtulerit,
851 908 908 970 qna
923 887 1038 971 quidem
1056 884 1154 948 andita
1175 884 1221 947 vel
1240 883 1358 969 acquie-

196 1001 328 1068 scerent,
353 992 412 1069 vel,
437 992 462 1054 si
477 992 679 1055 contradicere
693 990 822 1068 mallent,
847 989 986 1052 baeretici
1003 986 1234 1050 nominarentur.
1277 982 1357 1048 Nam

197 1114 273 1178 quac
297 1103 365 1156 ante
389 1105 615 1156 commemorata
637 1104 722 1172 snut,
758 1113 853 1176 neque
876 1090 1019 1174 proferri,
1050 1109 1145 1173 neque
1171 1087 1265 1150 audiri
1282 1087 1356 1170 apnd

199 1193 387 1262 Christianos
407 1206 544 1279 possunt,
577 1197 628 1258 sed
648 1196 682 1259 ab
699 1195 860 1281 apostolica
879 1192 1030 1277 disciplina
1050 1189 1166 1276 penitas
1183 1189 1354 1253 abhorrent.

198 1295 347 1381 Quocirca
369 1298 538 1360 eorumdem
561 1319 618 1383 ego
639 1299 790 1397 dogmata,
823 1296 985 1360 cuiusmodi
1008 1305 1077 1358 ante
1100 1292 1250 1378 proposita
1273 1300 1354 1368 sunt,

198 1399 273 1463 nude
299 1399 366 1463 bnic
390 1401 530 1484 epistolae
553 1401 713 1464 attexenda
739 1398 857 1477 curari,
891 1409 922 1461 nt
946 1397 993 1482 qui
1017 1397 1088 1460 baec
1104 1397 1199 1459 solnm
1217 1394 1354 1473 audierit,

196 1501 311 1565 illorum
334 1502 481 1566 infamiam
506 1503 742 1588 impietatemque
757 1502 982 1586 contempletur.
1029 1498 1075 1562 Ac
1100 1498 1215 1562 tametsi
1239 1517 1353 1576 eorum,

196 1606 333 1688 aquibus
356 1605 524 1689 excogitata
547 1607 604 1668 ista
629 1616 716 1683 sunt,
750 1604 896 1690 turpitudo
917 1602 1048 1687 pluribus
1070 1601 1235 1665 accusanda
1255 1619 1290 1662 ao
1305 1620 1354 1662 re·

196 1708 364 1790 dargnenda
381 1708 526 1786 videatur,
551 1707 739 1771 nibilominus
755 1707 828 1769 haec
844 1707 879 1768 ad
896 1705 1037 1790 epistolae
1053 1704 1167 1766 modum
1182 1703 1254 1766 satis
1270 1723 1351 1782 esse,

196 1830 290 1894 neque
307 1809 426 1873 uberius
441 1810 626 1874 scribendum
642 1807 823 1873 existimavi.
870 1805 947 1870 Nam
967 1828 1041 1890 qnae
1058 1816 1115 1869 tam
1133 1817 1234 1891 aperta
1252 1807 1354 1890 neqni-

196 1912 235 1975 tie
255 1912 402 1997 implicata
417 1925 503 1990 sunt,
528 1911 639 1994 agitare
658 1911 862 1975 vehementius
881 1931 916 1973 ac
935 1910 1079 1973 curiosius
1097 1907 1275 1994 perscrutari
1294 1929 1353 1971 non

196 2025 330 2098 oportet,
355 2035 393 2077 ne
410 2035 425 2076 a
443 2015 637 2078 contentiosis
655 2013 819 2076 hominibus
839 2034 892 2099 pro
909 2012 1003 2076 dubiis
1021 2021 1050 2073 et
1064 2011 1208 2095 ambiguis
1224 2010 1352 2073 babean-

195 2127 251 2179 tnr.
307 2112 409 2198 Quare
433 2116 462 2178 id
490 2137 578 2180 unum
604 2117 747 2178 adversus
774 2115 916 2178 eiusmodi
942 2114 1082 2196 excipere
1109 2135 1144 2176 au
1171 2113 1351 2196 respondere

193 2218 317 2296 sufficit,
350 2240 407 2280 non
432 2238 501 2281 esse
523 2218 596 2280 haec
615 2217 759 2281 ecclesiae
783 2217 945 2281 catholicae
969 2217 1122 2300 dogmata,
1155 2235 1248 2297 neque
1274 2214 1350 2278 hunc

193 2331 308 2405 patrum
326 2330 493 2384 nostrornm
516 2341 636 2384 sensum
661 2320 810 2384 extitisse.
857 2318 968 2383 Verum
992 2339 1048 2395 ue,
1080 2318 1104 2380 si
1122 2317 1241 2380 onanino
1264 2317 1350 2381 dissi-

192 2424 363 2499 mulavero,
388 2422 619 2506 perniciosorum
638 2422 804 2504 dogmatum
820 2422 991 2485 inventores
1005 2421 1054 2486 isti
1071 2418 1266 2505 impudentiae
1277 2440 1351 2484 suae

192 2524 347 2589 honestum
370 2526 497 2608 aliquem
520 2525 650 2589 colorem
678 2525 821 2603 babeant,
853 2546 945 2609 panca
971 2525 1098 2587 essoris
1123 2521 1216 2587 literis
1241 2542 1350 2606 expro-

190 2628 295 2690 menda
320 2626 473 2707 videntnr‚
506 2649 546 2692 ex
565 2628 670 2713 quibus
688 2628 799 2712 pudore
822 2627 944 2691 forsitan
969 2627 1065 2691 affecti
1083 2626 1119 2689 ab
1140 2624 1351 2689 sordidissimis

192 2727 250 2792 iilis
272 2729 403 2792 inventis
424 2729 580 2815 aliqnando
603 2730 780 2795 desciscent.

275 3031 428 3098 Undeuam
449 3034 540 3119 igitur
565 3057 709 3120 usurpare
731 3035 807 3099 istud
833 3036 917 3099 vobis
936 3036 1108 3100 inanimum
1126 3034 1245 3114 incidit,
1280 3056 1346 3098 cor·
1365 3043 1425 3111 cip.
1442 3044 1485 3098 vt.

193 3155 246 3217 pns
270 3135 414 3198 divinitati
438 3138 521 3199 verbi
544 3158 611 3201 esse
636 3137 904 3202 consubstantiale?
956 3137 1033 3201 Hinc
1059 3137 1137 3202 enim
1165 3137 1347 3222 potissimum

192 3236 324 3299 exordiri
341 3238 438 3317 iuvat,
473 3252 503 3301 nt
521 3261 557 3301 eo
576 3241 717 3303 convulso
741 3261 776 3302 ac
794 3239 970 3303 labefactatc
993 3251 1092 3303 cetera
1113 3239 1233 3324 perinde
1256 3239 1348 3303 imbe-

192 3337 259 3401 cilla
276 3350 488 3404 monstrentur.
533 3339 610 3405 Nam
631 3363 646 3404 e
665 3342 759 3406 saeris
781 3342 896 3426 quidem
914 3342 1008 3407 literis
1026 3342 1168 3406 eiusmodi
1189 3342 1260 3405 nibil
1280 3341 1346 3405 elici

192 3450 305 3524 potest,
341 3462 415 3524 qnae
443 3442 568 3505 humano
591 3443 620 3505 in
647 3465 771 3528 corpore
795 3445 880 3507 deum
906 3445 1042 3508 extitisse
1068 3445 1250 3529 praedicant.
1304 3445 1347 3509 Aa

193 3562 265 3604 vero
281 3552 378 3626 patres
392 3543 431 3605 itti
448 3544 494 3626 qui
510 3541 642 3607 Nicaeae
657 3557 869 3625 convenerant,
892 3569 950 3610 non
963 3568 1070 3632 corpus
1082 3548 1134 3611 sed
1149 3548 1237 3611 filium
1252 3547 1347 3630 ipsum

191 3643 265 3728 patri
280 3643 556 3708 consubstantialem
573 3667 640 3710 esse
657 3646 808 3727 dixerunt,
825 3669 948 3734 eumque
967 3653 1003 3714 de
1017 3653 1108 3736 patris
1122 3650 1266 3735 prodiisse
1279 3649 1347 3714 sub·

190 3746 316 3825 stantia,
347 3767 453 3831 corpus
471 3767 544 3809 vero
561 3769 577 3809 e
593 3745 690 3812 Maria
713 3761 878 3836 susceptum
898 3773 937 3815 ex
955 3767 1105 3816 sacrarum
1129 3754 1279 3817 literarum
1295 3775 1347 3816 an-

190 3848 326 3913 ctoritate
351 3849 500 3912 decretnm
523 3859 581 3913 est.
637 3846 740 3932 Quare
764 3853 811 3915 vel
831 3849 994 3918 Nicacnam
1018 3857 1163 3940 synodum
1188 3855 1344 3937 eiuratote,

225 4087 263 4139 11.
282 4086 327 4141 καὶ
344 4089 455 4139 Petuntur
471 4090 552 4139 babutt
566 4094 713 4152 mereatum,
730 4095 755 4140 ut
823 4087 862 4143 14.
891 4084 910 4158 ἧ
933 4091 1007 4144 τοῦτο
1030 4092 1103 4159 μόνον
1126 4088 1216 4163 ciccae.
1239 4112 1265 4147 rr.
1283 4112 1304 4147 τ.
1322 4113 1345 4148 τ.

189 4158 298 4207 ammitte
313 4157 422 4205 eluderet.
787 4158 831 4212 aeni
849 4158 939 4213 εἰπεῖν’
956 4154 1033 4225 ἀρκεῖ
1047 4154 1087 4214 ὅτι
1103 4164 1130 4212 Β.

225 4225 264 4273 rt.
282 4220 358 4276 καλὸν
375 4218 438 4276 εἶναι
455 4222 505 4286 donc
520 4217 615 4277 rodano
631 4221 678 4290 trin
694 4222 753 4278 dnt—
821 4230 860 4280 15.
878 4223 1053 4296 ἀναισχυντίας
1069 4232 1097 4280 Β.

191 4287 282 4356 στολήν
298 4292 365 4342 codd.
383 4306 438 4342 mes.
460 4299 481 4342 et
497 4295 533 4344 ed.
549 4296 624 4355 omne.
640 4298 673 4345 rat
689 4297 751 4344 εστι·-
821 4292 859 4348 16.
877 4291 950 4363 ὀλίγα
966 4299 995 4346 Β.

189 4362 274 4420 ptura,
300 4374 371 4422 wem
388 4362 500 4411 Petuntur
515 4365 616 4411 mutauit
631 4364 657 4411 in
673 4358 749 4416 καλὸν
819 4364 877 4414 Can.
896 4366 939 4414 VI.
957 4391 991 4403 -
1028 4365 1049 4416 l.
1068 4359 1127 4432 tinia
1148 4368 1175 4417 B.
1209 4361 1271 4435 riuis
1293 4374 1346 4423 act·

191 4421 241 4484 dne
257 4422 350 4479 τούτων
367 4424 431 4480 εἶναι
446 4426 492 4496 τὴν
509 4424 651 4494 ἐπιστολὴν.
781 4439 840 4496 quta
856 4440 889 4484 est
905 4448 945 4496 op.
963 4435 1080 4496 Emptam.
1098 4439 1222 4498 scripturn.

226 4492 264 4546 ta
282 4491 323 4546 tet
339 4498 422 4550 πλεῖον
439 4499 466 4546 Β.
815 4504 838 4552 2.
855 4496 937 4572 ἀρχὰς
952 4504 1004 4554 ord.
1021 4504 1118 4569 Rbcdip.
