3096 5070
195 257 257 320 418
624 268 747 322 ολαοτι
765 265 934 321 emmanu
1020 297 1023 301 -

194 382 261 461 υλδς
274 383 424 471 τυγχάνει,
447 386 496 453 καί
514 386 548 452 έκ
561 389 651 462 ποίας
667 383 778 469 μητρὸς
793 382 811 450 6
824 383 986 467 Ἰάκωβος,
1017 384 1146 469 νοήσωσι
1160 388 1192 453 δέ
1207 386 1283 454 κατά
1300 386 1359 472 τήν

193 485 311 572 ήλικίαν
333 491 377 563 τίς
400 489 460 558 ἔστι
480 492 593 569 μείζων.
635 484 669 552 ‘0
685 483 741 571 γάρ
761 482 880 568 Ἰησοῦς
904 494 1082 574 σταυροῦται
1107 491 1140 554 έν
1159 492 1216 556 έτει
1239 518 1357 575 τριακο-

194 596 253 679 στῷ
275 595 362 679 τρίτῷ
381 596 433 672 τῆς
453 586 547 654 αάτοῦ
568 587 714 673 ένσάρκου
738 593 911 674 παρουσίας.
960 596 1020 655 Τοῦ
1039 591 1071 656 δέ
1085 587 1220 675 Ἡράδου
1236 585 1275 676 ήν
1291 590 1358 659 κατ’

195 694 290 759 έκεῖνο
313 698 436 776 καιροῦ,
460 694 529 757 υἱοῦ
552 691 584 754 δέ
604 686 777 776 Ἀρχελάου,
799 692 864 768 έτος
886 692 1024 758 εἰκοστόν.

63 797 132 868 Κεφ
151 796 175 852 ι’·
278 791 330 860 Ἐν
345 791 401 880 γάρ
418 800 459 883 τῷ
472 800 635 881 τριακοστῷ
652 796 741 881 τρίτῷ
757 793 813 857 έτει
827 798 882 856 τοῦ
897 793 1020 880 πράτου
1034 790 1185 880 Ἦράδου,
1207 802 1277 865 υἱοῦ
1291 796 1356 863 Ἀν-

193 895 355 982 τιπάτρου,
386 902 520 981 γεννᾶται
544 891 562 960 6
583 892 680 981 σωτήρ
703 896 736 960 έν
763 895 922 977 1Βηθλεὲμ
944 903 996 978 τῆς
1019 893 1183 979 Ἰουδαίας,
1218 894 1291 984 ὅπερ
1316 890 1357 980 ήν

194 996 427 1085 τεσσαρακοστάν
451 995 591 1084 δεύτερον
612 995 790 1083 Αὐγούστου
812 999 962 1079 βασιλέως.
1008 1001 1068 1064 Καί
1084 999 1214 1083 ποιήσας
1229 1000 1278 1082 έτη
1297 999 1356 1066 δάο

193 1099 371 1185 λαμβάνεται
387 1098 448 1166 άπῦ
468 1107 521 1166 τοῦ
536 1099 655 1184 Ἰωσήφ
677 1102 718 1175 είς
744 1103 916 1185 Αἴγυπτον,
946 1097 996 1164 διά
1021 1098 1057 1165 τά
1076 1097 1135 1165 άπά
1161 1107 1218 1167 τοῖν
1234 1099 1356 1188 Μάγων

193 1211 235 1293 τῷ
252 1201 370 1293 Ἡράδη
399 1204 554 1289 είρημένα,
584 1209 637 1267 τοῦ
651 1198 785 1289 Ἡρώδου
804 1208 962 1284 ζητοῦντος
980 1198 1032 1267 τάν
1055 1205 1156 1268 παῖδα.
1204 1202 1356 1271 ’Κάτεισι

194 1306 227 1370 δέ
249 1309 292 1382 είς
311 1309 483 1392 Αἴγυπτον,
516 1307 566 1370 καί
591 1313 665 1371 τελεῖ
685 1307 776 1371 έκεῖσε
797 1303 869 1369 ῦλλα
899 1303 955 1370 δύο
978 1306 1036 1387 έτη.
1081 1307 1142 1369 Καί
1165 1313 1282 1394 τελευτῷ
1307 1304 1355 1371 ‘H-

53 1444 105 1491 μς.
119 1432 177 1478 lm.
198 1406 297 1494 ράδης
316 1405 485 1491 όβασιλεῦς
502 1409 559 1473 ίτει
576 1414 737 1498 τριακοστῷ
759 1405 886 1497 ἑβδόμην.
930 1409 1103 1490 Διαλέγεται
1118 1408 1151 1474 δέ
1164 1415 1270 1474 τοῦτον
1287 1407 1355 1496 Ἀρ-

192 1511 295 1594 χέλαος
320 1507 339 1575 ά
362 1508 428 1587 υίῦς
453 1507 561 1590 αῦτοῦ,
594 1512 644 1576 ἐπὶ
668 1512 761 1576 έτεσιν
785 1511 876 1576 ἐννέα.
922 1511 983 1574 Καὶ
1008 1508 1105 1586 οῦτως
1129 1507 1150 1593 ή
1170 1517 1356 1598 πραγματεία

194 1619 371 1691 τελειοῦται,
402 1614 452 1678 καλ
479 1616 677 1698 παραδίδοται
694 1619 823 1702 σταυρῷ,
856 1610 1099 1702 ὀκτωκαιδεκάτῳ
1119 1613 1171 1695 μέν
1191 1616 1248 1680 έτει
1271 1618 1355 1699 Τιβε-

196 1719 265 1801 ρίου
293 1719 461 1800 Καίσαρος,
490 1722 544 1781 τοῦ
570 1716 602 1781 δέ
626 1713 772 1803 Ἀγρίππα
798 1717 1009 1798 ἐπικληθέντος
1030 1712 1192 1802 Μεγάλου,
1218 1714 1355 1803 Ἡρώδου

197 1818 253 1882 ιδέ
272 1819 430 1904 νεωτέρου,
467 1822 536 1884 υἱοῦ
561 1819 594 1883 δέ
617 1816 788 1904 Ἀρχελάου,
821 1821 886 1894 έτος
911 1810 948 1901 ἦν
967 1816 1107 1883 εἰκοστόν.
1155 1819 1303 1904 Οῦδαμοῦ
1322 1821 1356 1886 δέ

193 1917 363 2003 ήκοῦσαμεν
388 1918 441 1987 τάν
456 1919 570 2003 Ἰωσήφ
590 1918 675 1998 υίυῦς
696 1919 887 2004 πεποιηκότα.
931 1917 1002 1985 Ἀλλ’
1026 1918 1093 1986 οῦτε
1111 1920 1184 2004 μετά
1204 1921 1236 1990 τῦ
1256 1926 1355 1990 ἐλθεῖν

193 2019 253 2088 άπδ
272 2030 326 2106 τῆς
341 2022 499 2110 Αίγῦπτου
517 2022 535 2090 6
551 2020 642 2100 αῦτδς
664 2025 785 2106 ἐβίωσεν
802 2026 851 2090 έπὶ
867 2031 986 2099 πολλοῖς
1000 2024 1083 2089 έτεσι.
1134 2027 1278 2112 Τέταρτον
1295 2024 1350 2111 γάρ

191 2117 313 2209 ήνέτος
335 2134 376 2216 τῷ
398 2134 524 2213 σωτῆρι,
554 2133 596 2215 τῷ
614 2126 647 2192 δέ
662 2124 776 2209 Ἰωσήφ
801 2123 876 2211 ῦπίρ
894 2128 960 2201 έτος
983 2124 1184 2211 ῦγδοηκοστδν
1205 2130 1347 2212 τέταρτον,

192 2224 240 2293 ὅτε
256 2231 289 2295 έκ
301 2235 354 2313 τῆς
366 2228 524 2315 Αίγῦπτου
537 2227 634 2315 χάρας
650 2230 831 2315 παρεγένετο.
877 2230 938 2293 Καὶ
953 2229 1106 2310 έδιέμενεν
1119 2227 1189 2296 άλλα
1200 2233 1249 2311 λτη
1265 2225 1345 2294 dmi

194 2327 236 2396 ⁸6
254 2328 371 2414 Ἰωσήφ
388 2331 515 2419 περιοδν,
548 2333 598 2397 καλ
617 2334 649 2397 έν
666 2337 731 2419 6τῷ
751 2330 865 2420 δεκάτην
887 2332 942 2396 έτει
962 2329 1108 2400 άνιάντων
1130 2334 1177 2398 lui
1199 2329 1343 2415 Ἰερουσα·

191 2430 266 2516 λήμ,
297 2433 444 2519 έζητήθη,
475 2434 523 2501 ὅτε
549 2431 602 2517 οῦγ
624 2431 774 2520 εάρίσκετο
791 2436 822 2498 έν
840 2441 877 2523 τῇ
895 2431 1067 2523 ὁδοιπορίᾳ,
1095 2429 1136 2511 τάς
1151 2434 1206 2516 έγει
1221 2430 1254 2497 τδ
1269 2428 1346 2497 κατά

191 2543 317 2602 Λουκῦν
334 2534 511 2623 εῦαγγέλιον.
558 2539 662 2602 Μέσον
677 2537 709 2602 δέ
722 2534 836 2601 τοάτων
850 2545 911 2602 ταῖν
928 2539 1002 2602 έτῷν
1014 2541 1126 2625 τελευτᾷ
1141 2531 1274 2618 Ἰωσήφ,
1296 2536 1347 2598 καί

193 2635 344 2723 άνετράφη
371 2639 469 2705 οῦκέτι
495 2637 556 2705 άπῦ
580 2638 631 2704 τδν
653 2636 786 2722 Ἰωσήφ,
817 2637 877 2704 ἄλλ’
901 2641 941 2714 είς
963 2638 1015 2704 τάν
1038 2634 1121 2705 οἶκον
1144 2644 1197 2705 τοῦ
1222 2634 1350 2720 Ἰωσήφ.

182 2740 286 2807 Ὅθεν
301 2742 402 2808 οῦκέτι
420 2741 453 2808 τά
473 2739 639 2828 εάαγγέλιον
665 2739 798 2823 7φάσκει
820 2743 912 2826 λέγων
929 2739 990 2820 ὅτι,
1017 2733 1129 2808 Ἦλθεν
1147 2736 1165 2807 6
1180 2739 1276 2826 πατήρ
1299 2736 1353 2804 αῦ-

191 2851 263 2923 τοῦ,
288 2846 339 2908 καλ
360 2842 495 2931 ήμήτηρ
513 2843 621 2925 αὐτοῦ,
652 2845 703 2910 καὶ
722 2847 754 2909 οί
767 2842 906 2925 άδελφολ,
936 2841 1012 2921 ἄλλ’,
1041 2840 1124 2910 Ἰδοῦ
1140 2841 1161 2928 ή
1176 2843 1270 2929 μήτηρ
1286 2864 1353 2921 σου,

193 2948 244 3011 καί
262 2950 294 3012 ολ
306 2944 430 3028 α’δελφοί
454 2969 509 3013 σου
535 2951 590 3026 ἔξω
607 2946 771 3032 ἑστήκασιν.
814 2944 884 3012 Ἀλλ’
907 2944 974 3012 οῦτε
989 2945 1037 3012 ὅτε
1054 2948 1155 3032 ἔλεγον
1172 2944 1252 3035 αῦτῷ
1268 2948 1300 3012 έν
1315 2950 1353 3036 τῇ

195 3047 391 3138 1”Ιδουμαίιγ,
425 3048 533 3126 Οῦδελς
558 3057 649 3116 ταῦτα
672 3057 769 3116 ποιῶν
791 3051 872 3115 θέλει
897 3051 929 3117 έν
949 3055 1072 3138 κρυπτῷ
1092 3045 1180 3115 είναι·
1212 3051 1239 3114 εί
1260 3055 1353 3114 ταῦτα

192 3161 306 3230 ποιεῖς,
329 3154 503 3237 φανέρωσον
520 3151 660 3232 σεαυτδν,
683 3150 737 3219 οῦκ
755 3149 836 3218 εἶπεν
854 3152 915 3232 ῦτι,
938 3149 1034 3219 Εἶπεν
1050 3150 1131 3241 αῦτῷ
1149 3149 1168 3217 6
1184 3149 1281 3235 πατήρ
1298 3149 1353 3215 αῦ-

190 3260 260 3335 τοῦ,
292 3256 343 3319 καί
358 3258 389 3319 οἱ
402 3252 524 3336 άδελφοί
541 3253 651 3334 αῦτοῦ,
674 3252 747 3334 ἄλλ’,
773 3258 813 3319 Οἱ
828 3252 950 3336 άδελφοί
967 3254 1078 3334 αὐτοῦ,
1109 3251 1150 3331 οῦς
1165 3261 1220 3320 τοῦ
1237 3251 1352 3335 Ἰωσήφ

193 3360 298 3441 μηκέτι
322 3354 504 3442 ῦπάρχουτες
525 3356 601 3424 κατά
622 3356 656 3424 τῦ
681 3364 774 3439 σῶμα.
821 3353 922 3422 9Εἶτα
948 3357 980 3422 δέ
998 3354 1043 3423 ἐπ’
1056 3357 1132 3446 αῦτή
1148 3361 1184 3446 τῷ
1200 3354 1353 3434 τελειιιίσει,

191 3458 241 3527 ὅτε
256 3457 274 3526 6
291 3457 388 3547 σωτήρ
406 3463 439 3525 ἒν
456 3469 496 3550 τῷ
510 3469 628 3551 σταυρῷ
643 3465 778 3545 ἕστηκεν,
808 3457 848 3537 οἷς
866 3463 923 3544 έχει
939 3458 971 3525 τά
987 3458 1062 3525 κατά
1075 3455 1224 3542 Ἰωάννην
1234 3458 1353 3544 εῦαγγέ·

191 3570 271 3643 λιον,
304 3565 469 3647 Στραφελς,
499 3567 589 3646 φησὶ,
618 3561 677 3630 εἶδε
701 3563 754 3629 τάν
775 3561 916 3646 μαθητήν
939 3561 974 3628 δν
992 3560 1130 3648 ήγάπαά
1146 3561 1268 3648 κάρτος,
1299 3560 1352 3625 καί

193 3663 273 3732 εἶπεν
289 3662 370 3755 αῦτῷ
384 3667 452 3750 περί
469 3670 602 3752 Μαρίας,
623 3665 706 3732 Ἰδοῦ
720 3663 740 3750 ή
755 3664 851 3752 μήτηρ
862 3688 930 3732 σου·
953 3667 1005 3731 καλ
1019 3671 1055 3754 τῷ
1071 3664 1148 3754 αὐτῇ
1161 3668 1246 3751 λέγει,
1267 3661 1353 3729 Ἰδοῦ

193 3766 211 3834 6
229 3769 295 3846 υἱός
308 3792 372 3834 σου.
417 3772 460 3833 Et
473 3761 548 3851 ἦσαν
564 3769 595 3834 δέ
614 3770 699 3834 τέκνα
714 3775 750 3858 τῇ
766 3772 890 3856 Μαρία,
913 3769 963 3833 καί
981 3769 1009 3832 εί
1024 3765 1157 3852 ῦπήρχεν
1171 3765 1244 3857 αῦτῇ
1261 3764 1353 3853 άνήρ,

192 3874 248 3936 τίνι
275 3871 352 3960 λόγῳ
377 3875 539 3957 παρεδίδου
562 3869 616 3954 τήν
633 3876 758 3957 Μαρίαν
780 3878 822 3959 τῷ
834 3868 984 3960 Ἰωάννη,
1014 3871 1063 3936 καί
1087 3867 1141 3935 τῦν
1155 3865 1300 3951 Ἰωάννην
1315 3876 1355 3958 τῇ

194 3977 318 4060 Μαρίας
348 3979 405 4041 τίνι
423 3975 455 4041 δέ
473 3981 514 4063 τῷ
532 3971 608 4061 λόγῳ
632 3975 738 4063 Πέτρῳ
764 3981 872 4057 μᾶλλον
894 3973 931 4040 οῦ
948 3977 1150 4059 παραδίδωσι,·
1180 3975 1236 4035 τίνι
1256 3971 1289 4036 δὲ
1310 3978 1355 4059 τῷ

192 4074 270 4162 λόγῳ
294 4077 473 4166 ΙοἈνδρέα,
505 4082 659 4166 Ματθαίῷ
686 4101 717 4141 τε
737 4078 789 4142 καί
806 4081 1040 4166 Βαρθολομαίῷ;
1080 4073 1169 4141 Ἀλλά
1193 4077 1283 4157 δῆλον
1307 4071 1356 4139 ῦτι

192 4174 320 4270 Ἰωάννη
338 4178 389 4245 διά
409 4179 464 4262 τήν
478 4185 654 4265 παρθενίαν.
697 4177 779 4245 Ἰδοῦ
796 4178 852 4264 γάρ
871 4177 1002 4265 ήμήτηρ
1017 4202 1084 4246 σου·
1117 4183 1168 4244 καί
1186 4182 1232 4243 τοί
1247 4201 1281 4262 γε
1297 4172 1356 4242 οῦκ

229 4387 286 4436 cn.
304 4387 339 4436 X.
359 4414 388 4425 -
426 4388 447 4438 λ.
472 4387 497 4440 λυ
518 4389 552 4457 τῇ
574 4385 703 4454 Βηθλεὲμ.
720 4414 754 4425 -
821 4388 845 4438 2.
864 4387 963 4442 κάτεισι
976 4391 1109 4440 emendavit
1124 4389 1215 4448 Ριιαυ,
1232 4400 1262 4436 ιτ
1276 4398 1355 4449 ποορ.

192 4455 227 4504 De
243 4469 268 4504 τι
283 4457 312 4516 cs.
329 4457 455 4505 Μοκλωοια.
479 4459 593 4519 λυροταῖ.
616 4458 650 4506 ωδ
670 4458 750 4519 Θείρη.
785 4461 885 4519 exempti
901 4459 1044 4517 δολιολιίοκί,
1061 4459 1086 4506 κε’
1100 4455 1181 4517 fallor,
1198 4456 1223 4504 ιἰι
1239 4468 1286 4515 quo
1300 4466 1358 4504 ιοτυ

194 4523 279 4573 Εοολιι.
294 4537 319 4584 ρ.
335 4521 378 4574 191
392 4537 443 4585 ιη,
461 4529 482 4573 ιι
496 4525 582 4585 μλοῦ
596 4538 644 4586 sqq.
787 4527 928 4587 ταῖρλιιτυιπ
950 4526 1111 4587 deprehendo,
1141 4524 1222 4573 οδδῖίο
1243 4524 1304 4586 siglo
1321 4524 1356 4572 λλ.
