3096 5070
400 297 539 351 rnnann
558 299 622 351 nra.
636 299 681 350 111.
697 297 783 352 ron.
796 298 816 350 ι.
831 296 932 350 nana.
946 297 1068 351 nxxvr.
1255 288 1317 354 tot

152 418 299 498 dieamus,
324 439 399 504 quae
419 419 454 482 nd
476 418 734 505 contemplationis
751 418 944 483 imitationem
962 419 1101 502 pertinet.
1148 416 1251 502 Quare
1266 421 1317 484 ad·

151 542 254 587 versus
269 520 421 600 Arianos,
454 521 503 607 qni
521 521 567 584 dei
586 523 674 585 blinm
692 531 823 585 creatum
845 541 912 584 esse
931 532 1048 605 putant,
1079 519 1158 585 illins
1176 523 1318 605 procede·
1371 530 1375 537 '

149 625 197 689 bat
212 624 303 688 ratio.
348 621 434 689 Unde
459 634 580 709 postea,
616 646 682 687 oum
701 623 738 687 ab
756 623 878 687 Arianis
900 622 973 708 ipsis
993 624 1048 686 bne
1067 635 1114 687 est
1129 622 1270 688 Eudoxio
1287 635 1318 690 et

149 724 340 812 Menophilo,
365 747 401 789 oc
417 726 557 810 reliquis,
581 725 788 790 communione
808 725 938 809 privatus
955 735 1052 804 esset,
1077 728 1196 789 eosdem
1214 747 1316 792 coram

148 830 327 914 imperatore
346 830 514 914 redarguit,
546 849 686 892 asserens
703 829 778 892 idem
797 849 830 892 se
848 827 978 914 profiteri
995 849 1029 891 ae
1047 828 1159 892 sentire
1176 852 1241 894 eum
1257 831 1316 898 illis

148 932 296 996 omnibus.
342 928 473 1010 Verum,
497 932 664 1016 inquiebat,
690 933 765 1015 qnod
781 951 872 1017 penes
891 952 936 993 me
954 951 1056 994 verum
1076 942 1139 1009 est,
1163 933 1212 996 isti
1230 933 1317 997 dissi·

147 1035 276 1112 molant,
309 1043 340 1096 et
358 1036 433 1117 qood
450 1055 506 1118 ego
527 1054 596 1119 prae
614 1055 660 1097 me
682 1035 763 1110 lero,
796 1054 831 1096 ae
850 1033 941 1118 palam
962 1034 1121 1112 confiteor,
1151 1034 1193 1098 illi
1212 1057 1315 1101 omnes

148 1159 206 1201 ooo
224 1136 401 1213 diffitentur,
434 1138 485 1200 sed
510 1136 712 1199 fraudulenter
737 1134 890 1219 obtegunt.
936 1132 1055 1199 Etenim
1074 1137 1122 1220 qni
1145 1148 1205 1200 tum
1222 1123 1316 1224 impe·

150 1239 251 1318 rabat,
283 1239 449 1302 sbAriana
476 1240 524 1302 illa
550 1238 701 1323 tragoedia
724 1258 906 1322 nequaqnam
934 1237 1129 1318 abhorrebat,
1160 1241 1212 1302 sed
1231 1240 1314 1305 ineo

152 1341 259 1405 tuenda
284 1341 419 1425 pietatem
437 1363 471 1405 ac
487 1342 660 1424 religionem
684 1341 783 1403 inesse
801 1339 857 1404 sibi
876 1349 1077 1424 persuaserat.
1123 1338 1262 1426 idemque
1280 1343 1314 1407 li·

152 1441 220 1507 lium
243 1453 405 1507 ereaturam
433 1464 500 1507 esse
524 1443 580 1506 dici
603 1443 756 1506 molestius
782 1443 911 1520 serebat,
944 1442 1124 1528 proindeque
1147 1443 1266 1509 Abdum
1283 1445 1313 1510 in

153 1546 272 1609 exilium
294 1545 421 1630 relegari
445 1545 550 1623 iussit,
575 1557 605 1608 nt
629 1556 717 1608 antea
742 1545 940 1609 narravimus.

232 1645 311 1712 ilinc
326 1669 421 1713 novae
439 1648 571 1712 haeresis
589 1648 746 1733 primordia
764 1648 889 1711 conllata
906 1659 992 1725 sunt,
1016 1658 1104 1732 atque
1118 1669 1158 1712 ex
1176 1648 1232 1713 boe
1248 1671 1309 1715 uuo
1329 1665 1389 1736 cap
1404 1668 1446 1721 tv.

150 1761 321 1835 argumento
334 1752 520 1833 multiplicem
540 1753 575 1813 ad
593 1750 734 1814 malornm
752 1760 884 1832 segetem
911 1750 1050 1814 baeretici
1071 1750 1197 1815 bominis
1214 1752 1314 1819 subla·

151 1865 196 1918 tus
209 1854 324 1918 suimus
339 1864 396 1917 tam
413 1853 467 1917 sibi
485 1875 570 1936 quam
586 1852 648 1916 suis
662 1851 867 1936 gravissimam
881 1853 994 1936 plagam
1010 1853 1128 1917 indixit.
1175 1851 1233 1936 Qui
1249 1855 1313 1940 qni-

149 1957 212 2022 darn
240 1977 343 2020 omnes
369 1967 477 2019 tantam
502 1956 536 2017 ad
564 1955 736 2019 caecitatem
760 1954 1006 2039 insolentiamque
1033 1957 1164 2040 provecti
1191 1969 1260 2020 sunt
1279 1970 1313 2024 ut

149 2060 217 2123 illud
239 2058 329 2142 vulgo
351 2058 511 2136 lactarent,
545 2057 622 2121 Tam
649 2056 803 2143 perspicue
827 2059 911 2120 deum
937 2057 1023 2132 novi,
1058 2078 1092 2120 nc
1108 2069 1217 2121 tantam
1233 2060 1310 2126 illius

147 2160 281 2226 notitiam
297 2181 360 2224 som
378 2172 574 2237 consecutus,
610 2171 640 2223 ιιι
662 2181 698 2223 ne
715 2160 856 2243 meipsum
873 2160 988 2243 quidem
1002 2159 1107 2224 meiius
1124 2182 1209 2244 quum
1224 2163 1310 2227 deum

145 2261 292 2327 noverim.
347 2261 426 2327 Sunt
451 2275 480 2326 et
505 2263 562 2326 alia
592 2261 803 2347 quamplurima
831 2283 907 2345 qnae
932 2262 968 2324 de
994 2261 1097 2324 eodem
1129 2264 1308 2349 accepimus,

143 2366 385 2451 quemadmodum
402 2386 455 2451 per
469 2365 548 2428 illnm
567 2364 701 2428 diabolus
719 2365 858 2427 maiorem
878 2365 907 2427 in
926 2365 1042 2427 modum
1059 2364 1087 2426 id
1105 2365 1199 2448 egerit
1215 2378 1245 2430 ut
1260 2388 1311 2432 ca·

142 2479 238 2555 ptatas
265 2467 413 2531 bominum
437 2468 550 2531 animas
570 2468 599 2530 in
618 2467 741 2530 exitium
762 2465 902 2529 traheret.
949 2464 1066 2529 Etenim
1085 2469 1162 2531 nulla
1180 2471 1255 2554 opud
1274 2470 1311 2534 il·

142 2571 186 2635 los
201 2591 274 2635 oure
291 2571 457 2634 sanctitatis
473 2582 535 2651 est,
560 2581 610 2632 ant
627 2567 821 2647 ieiuniorum,
846 2580 897 2633 aut
915 2571 1116 2632 mandatorum
1135 2570 1201 2649 dei,
1227 2583 1309 2636 cete·

144 2693 282 2738 rerumve
308 2693 406 2736 rerum
434 2694 508 2757 qnae
535 2671 701 2736 bominibus
722 2672 822 2735 divino
848 2672 982 2735 mandato
1002 2673 1200 2757 praescriptae
1225 2684 1306 2739 sunt.

148 2774 246 2861 Atque
261 2777 298 2839 ad
317 2776 414 2838 omnia
438 2797 526 2839 unam
542 2776 570 2839 in
591 2785 724 2859 promptu
741 2774 863 2838 verbnm
880 2774 939 2837 illis
955 2785 1013 2838 est.
1059 2771 1093 2838 ln
1109 2797 1167 2859 qno
1186 2777 1309 2862 perinde

146 2876 202 2941 illis
216 2877 331 2941 aceedit
347 2899 381 2942 ac
401 2878 550 2961 naviganti
567 2876 672 2956 alieni,
697 2877 746 2962 qui
764 2876 909 2940 eiectione
927 2877 1066 2941 mercium
1082 2876 1210 2942 omnium
1231 2880 1307 2944 iacta

145 2979 288 3065 quidpiam
309 3000 410 3044 eorum
433 3001 507 3065 quae
524 2981 554 3043 in
571 3002 675 3044 navem
692 2979 826 3064 imposita
845 2990 914 3042 sunt
930 2981 1103 3058 retinuerit,
1136 2991 1203 3067 puta
1219 2981 1308 3047 lietile

144 3082 260 3166 aliquod
268 3096 346 3162 ιιι,
371 3094 420 3147 ant
438 3081 559 3146 alterius
575 3084 707 3167 generis,
732 3082 817 3146 enins
836 3081 983 3167 praesidio
1003 3094 1093 3146 totum
1112 3105 1192 3147 mare
1209 3085 1307 3149 nando

145 3183 297 3263 traiicere,
329 3206 365 3249 ac
384 3187 507 3250 salntem
532 3206 704 3270 comparare
729 3185 784 3248 sibi
808 3185 917 3269 possit:
949 3185 996 3268 qni
1021 3185 1046 3249 si
1065 3185 1163 3270 aliquo
1180 3189 1307 3251 tortasse

143 3306 215 3350 caso
241 3287 400 3365 exciderit,
435 3308 530 3371 neque
553 3308 593 3352 ex
613 3288 662 3351 illo
686 3309 758 3350 vase
775 3308 860 3372 quem
880 3287 1017 3370 sperabat
1033 3288 1145 3352 exitum
1165 3291 1306 3375 consequi

144 3388 290 3474 potnerit,
321 3400 379 3453 tum
399 3412 471 3453 vero
488 3390 622 3456 ductibus
641 3390 762 3454 haustus
779 3400 871 3453 totum
889 3389 943 3452 boe
963 3391 1112 3473 negotium
1130 3412 1194 3455 eum
1211 3393 1307 3456 salute

144 3490 353 3576 pessumdabit.
400 3489 451 3556 Sie
470 3493 574 3556 altitius
591 3493 711 3576 eiusque
729 3503 894 3555 sectatores
911 3493 1058 3555 Atromoei
1077 3495 1152 3578 qnod
1169 3496 1197 3557 in
1215 3514 1305 3557 erait·

142 3593 221 3678 gelio
240 3594 345 3658 dictum
367 3596 517 3659 adomino
539 3595 645 3678 legitur
668 3595 826 3657 afferentes
847 3595 875 3657 in
894 3595 1040 3674 medinm,
1072 3595 1171 3658 verbis
1188 3596 1304 3680 qnidem

141 3695 213 3781 ipsis
237 3706 373 3776 utuntur,
406 3700 457 3761 sed
483 3719 584 3761 eorum
612 3697 672 3759 vim
698 3719 763 3760 cnm
791 3708 872 3760 recte
897 3719 954 3760 ιιοιι
977 3697 1157 3780 intelligant,
1189 3699 1305 3782 utrique

141 3798 333 3864 vehementer
359 3801 510 3864 aberrant.
564 3795 639 3863 Cnm
663 3800 739 3862 enim
765 3821 925 3863 occurrens
950 3801 986 3862 iis
1010 3799 1115 3884 aliquis
1139 3800 1304 3865 divinornm

139 3914 362 3988 praeceptorum
389 3904 566 3967 mentionem
595 3902 706 3980 iniieit,
741 3922 782 3965 ex
806 3901 883 3964 illins
912 3904 1087 3966 anctoritate
1112 3903 1180 3966 dieti
1211 3902 1303 3967 subii·

138 4004 230 4082 ciunt,
255 4005 327 4068 nibil
342 4005 418 4069 aliud
433 4027 450 4069 a
467 4005 552 4069 nobis
569 4005 702 4088 flagitare
716 4004 801 4067 deum
819 4026 903 4087 qnam
919 4015 950 4067 nt
964 4027 1176 4089 cognoscamus
1189 4007 1296 4092 ipsum,

139 4107 381 4190 quemadmodum
402 4104 714 4172 Christnsdeelaravit
733 4106 777 4169 liis
795 4107 912 4169 verbisa
943 4113 1089 4189 nepas,
1118 4117 1221 4190 pater!
1251 4115 1459 4183 detonans.

141 4211 208 4272 bere
223 4214 253 4271 tir
267 4214 370 4290 serpsit
383 4215 488 4272 vitum:
521 4215 591 4273 duee
605 4223 649 4272 est
664 4223 756 4272 uatem
775 4216 850 4285 vito,
876 4221 908 4271 ut
923 4224 1098 4291 cognoscant
1113 4224 1140 4274 te
1153 4217 1242 4275 solnm
1260 4237 1305 4277 os·

172 4345 196 4398 3.
215 4347 309 4410 pedibas
327 4349 418 4396 ιιιιοιιιιι
434 4351 527 4398 inclusit
546 4351 669 4400 Petuntur.
777 4347 800 4399 7.
826 4350 932 4398 Fortasse
960 4352 1054 4415 χεῖρας.
1101 4351 1304 4411 Quemadmodum

173 4410 198 4465 4.
217 4416 326 4464 Fanum
343 4412 388 4466 καὶ
405 4409 441 4472 aie
458 4416 555 4475 δεινῶς.
742 4415 904 4484 peripsima
918 4417 949 4466 λα
971 4412 1053 4484 peiren
1068 4420 1130 4469 dtett
1145 4421 1171 4471 itt
1183 4421 1249 4471 bocr-
1261 4417 1303 4472 ab.

175 4483 200 4530 5.
219 4478 300 4546 φόρου
317 4482 361 4534 τοῦ
379 4477 491 4547 ποιήσας
511 4486 578 4534 codd.
596 4500 653 4536 ιιιιι.
777 4491 802 4537 tt.
820 4487 933 4550 Snmieor
949 4434 1020 4552 lona.

176 4545 201 4600 6.
220 4544 348 4612 ιήξασθαι
365 4551 415 4600 eod.
440 4551 537 4616 ltbedtq.
