3096 5070
366 272 505 326 eauaau
522 274 587 326 aaa.
602 274 647 325 ru.
664 273 748 326 rou.
763 275 793 325 u.
809 273 925 324 oxeos.
942 273 1008 325 aro.
1025 271 1169 324 carnea.
1282 259 1343 322 505

186 398 337 480 [anferam
360 414 446 471 esse,
482 393 731 478 mundumipsum
756 392 955 469 initiatorum,
986 391 1083 455 afflatu
1104 390 1252 455 numinum
1279 412 1344 454 cnr·

188 509 305 584 reptos,
330 497 562 560 ceremoniarum
587 516 621 559 ac
644 497 750 558 rituum
773 493 867 558 vicem
892 495 1036 557 obtinere.

272 597 403 663 Perseus
427 597 543 662 Zenoni
567 583 683 683 penitus
706 598 878 683 astipulatus
900 607 957 659 est.

211 724 215 738 ³
273 698 458 787 Chrysippus
474 700 609 765 Solensis
629 701 759 764 nefarias
775 711 804 762 et
824 699 941 762 illicitas
963 699 1044 783 leges
1063 698 1174 762 sanxit.
1219 694 1297 760 Nam
1316 710 1345 761 et

189 804 264 868 illios
282 824 346 867 cum
364 803 505 866 matribus
521 813 551 866 et
568 825 632 866 cum
654 802 767 866 liliabus
784 813 883 887 patres
905 802 1096 865 commiscere
1118 820 1242 891 corpora
1262 800 1345 863 vole·

188 906 249 970 bat.
296 904 328 967 ln
349 906 456 969 ceteris
480 927 544 968 cnm
562 900 700 969 Cittieosi
721 903 844 967 Zenone
861 904 1017 966 sentiebat.
1066 902 1200 966 Addebat
1215 912 1245 964 et
1261 903 1343 978 illud,

168 1008 221 1071 'ut
238 1008 370 1070 humanis
388 1007 525 1071 carnibus
538 1008 721 1073 noscendum
740 1017 895 1072 statueret.
942 1005 1080 1070 Ultimum
1098 1005 1240 1069 bonorum
1259 1005 1344 1068 duem

189 1109 277 1173 animi
301 1109 480 1197 iucunditate
503 1108 689 1172 metiebatur.

275 1208 428 1295 Diogenes
451 1209 632 1298 babylonius
655 1212 752 1276 omnia
775 1231 813 1275 ex
836 1211 986 1297 voluptate
1009 1221 1146 1274 constare
1169 1209 1321 1274 censebat.

276 1413 435 1481 Panaetius
452 1415 585 1481 Rhodius
609 1417 746 1481 mundum
762 1416 920 1480 affirmabat
937 1416 1149 1494 immortalem,
1185 1435 1280 1499 neque
1298 1434 1346 1478 se-

189 1518 239 1582 nio
256 1540 290 1582 ac
309 1530 455 1583 vetustate
475 1521 591 1584 condci.
638 1518 858 1584 Divinationem
885 1520 1014 1584 funditus
1030 1518 1213 1604 repudiabat.
1260 1514 1345 1599 Quae

190 1621 225 1684 de
244 1622 300 1684 deo
317 1633 508 1700 asseruntur,
533 1622 697 1686 evertebat.
744 1619 895 1686 Summum
918 1622 1044 1686 hominis
1062 1621 1169 1684 bonum
1187 1621 1215 1683 in
1235 1619 1346 1683 divitiis

190 1743 224 1787 ac
247 1725 373 1788 sanitate
396 1724 533 1810 ponebat.

274 1824 451 1890 Posidonius
476 1827 654 1911 Apamensis
673 1847 821 1913 ,summum
848 1825 973 1889 bominis
1001 1826 1107 1889 bonum
1131 1825 1161 1888 in
1184 1824 1294 1888 divitiis
1316 1834 1347 1887 et

189 1929 315 1992 sanitate
339 1928 475 2014 ponebat.
679 1932 696 1943 “’

275 2031 485 2094 Athenodorus
501 2029 663 2094 Tarsensis
679 2020 781 2095 endem
799 2050 863 2094 cum
878 2028 1044 2116 Chrysippo
1064 2051 1099 2092 ac
1119 2028 1243 2093 Zenone
1275 2029 1346 2112 dog-

190 2143 266 2197 mata
288 2133 393 2196 tenuit.

275 2234 439 2320 Epicurus,
463 2233 587 2299 Neoclis
605 2235 699 2312 lilius,
724 2235 850 2298 Athenis
867 2236 1009 2298 educatus
1022 2235 1236 2320 voluptuariam
1254 2233 1344 2296 vitam

190 2339 343 2423 amplexus
368 2349 426 2401 est.
483 2335 584 2422 ltaque
613 2358 677 2400 cum
702 2338 905 2401 meretricibus
931 2337 1044 2422 publice
1068 2338 1133 2399 sine
1154 2336 1213 2400 ullo
1237 2335 1346 2398 rubore

190 2441 432 2504 consuetudinem
459 2441 576 2519 babuit,
609 2451 729 2526 praeter
753 2461 787 2504 ea
813 2461 887 2524 quae
911 2441 946 2503 de
970 2439 1019 2503 illo
1042 2440 1140 2524 operis
1159 2437 1244 2502 buius
1262 2437 1345 2499 initio

189 2543 372 2628 scripsimus.
419 2542 503 2607 Deos
528 2564 597 2607 esse
616 2543 711 2606 nullos
730 2543 844 2621 aiebat,
877 2543 928 2606 sed
947 2544 1083 2606 fortunae
1102 2540 1223 2604 arbitrio
1241 2549 1346 2602 cuncta

190 2646 361 2729 gubernari.
416 2645 498 2709 Nihil
524 2646 552 2708 in
578 2647 686 2710 mundo
710 2647 906 2709 voluntarium
934 2667 968 2708 ae
993 2644 1114 2708 liberum
1136 2644 1254 2721 inesse,
1287 2663 1345 2704 non

190 2747 390 2831 disciplinam,
423 2770 480 2811 ooo
512 2748 706 2833 imperitiam,
741 2769 798 2810 oon
821 2749 898 2812 aliud
924 2749 1096 2833 quicquam,
1128 2746 1179 2810 sed
1211 2744 1346 2807 omuibus

190 2850 288 2912 omnia
315 2860 434 2933 praeter
457 2850 639 2914 voluntatem
665 2851 811 2914 accidere.
863 2848 1021 2913 Neminem
1043 2851 1154 2912 idcirco
1176 2849 1346 2932 vituperan-

191 2953 275 3026 dum,
309 2962 360 3015 aut
381 2951 602 3016 collaudandum
629 2973 713 3031 esse,
745 2974 781 3016 eo
807 2953 882 3036 quod
905 2952 975 3015 nihil
1000 2952 1164 3015 istiusmodi
1189 2971 1228 3015 ex
1252 2949 1346 3013 libero

191 3053 279 3116 animi
306 3055 426 3119 decreto
449 3055 599 3140 suscipiat.
654 3054 783 3119 Mortem
808 3054 934 3139 negabat
960 3076 1084 3139 unquam
1113 3074 1180 3118 esse
1209 3052 1346 3139 pertime-

190 3157 339 3221 scendam.
387 3154 484 3236 ldem,
517 3167 548 3222 ut
570 3171 655 3222 antea
678 3159 756 3237 dixi,
793 3179 833 3221 ex
851 3159 956 3222 atomis
979 3170 1070 3221 totum
1097 3156 1151 3219 hoc
1174 3157 1344 3220 universnm

191 3269 346 3336 constare,
370 3269 400 3321 et
421 3260 450 3322 in
473 3260 586 3325 infinito
608 3262 702 3347 spatio
724 3261 861 3323 muudum
886 3281 953 3325 esse
976 3260 1178 3346 profitebatur.

276 3359 314 3423 lli
337 3373 405 3423 suut
429 3373 574 3425 sectarum
600 3365 672 3449 apud
700 3360 834 3426 Graecos
858 3363 1042 3441 conditores,
1079 3384 1152 3447 quos
1178 3361 1341 3446 comperire
1365 3379 1425 3448 esp.
1443 3380 1479 3430 x.

191 3463 349 3547 potuimus.
396 3460 481 3545 Quod
498 3464 532 3526 ad
547 3465 620 3526 alios
638 3476 769 3549 spectat,
795 3467 843 3548 qui
859 3467 936 3529 inter
951 3466 1112 3543 barbaros,
1137 3475 1188 3527 aut
1204 3463 1233 3527 in
1250 3463 1345 3529 Grae·

191 3565 236 3626 cia
253 3585 288 3626 ac
306 3564 507 3628 Romanorum
526 3566 647 3649 regione
669 3567 772 3629 aliisve
797 3569 895 3631 muudi
921 3569 1061 3632 tractibus
1082 3578 1284 3643 emerserunt,
1316 3567 1347 3630 in

191 3663 329 3730 lndorum
356 3667 476 3729 natione
498 3665 623 3731 LXXll
647 3668 874 3732 absurdissimae
897 3670 1098 3756 philosophiae
1121 3680 1220 3732 sectae
1245 3689 1346 3731 nume·

190 3779 308 3848 rantur,
334 3770 414 3833 velut
431 3768 746 3855 Gymnosophistarum
766 3782 795 3832 et
815 3767 1083 3850 Brachmanorum,
1115 3791 1190 3855 quae
1208 3771 1289 3834 solae
1307 3791 1346 3834 cx

191 3872 325 3935 omnibus
346 3871 509 3936 laudandae
533 3882 613 3935 sunt.
667 3869 743 3933 Tum
769 3869 1153 3951 Pseudobrachmanorum‚
1188 3884 1342 3937 eteorum

190 3976 238 4059 qui
255 3987 434 4038 mortuorum
454 3974 646 4038 cadaveribus
662 3985 839 4052 vescuntur,
872 3986 901 4038 et
918 3975 965 4060 qui
985 3976 1183 4039 foedissimam
1201 3996 1262 4038 rem
1278 3996 1345 4061 per·

190 4181 244 4229 edit.
260 4184 335 4242 price
370 4175 461 4246 ἀγήρω
476 4181 608 4230 emendarit
623 4182 694 4229 etium
707 4180 751 4229 tos.
819 4176 860 4230 24.
878 4176 1028 4240 accredas<
1046 4183 1114 4230 ecdd.
1130 4195 1186 4231 mss.
1200 4185 1308 4244 unone,
1325 4187 1346 4232 et

190 4249 303 4311 Scnttper.
346 4252 474 4300 Carnarius
496 4252 563 4298 uertit
586 4245 752 4298 immortalem
785 4251 838 4299 edit.
854 4252 929 4310 princ

190 4322 217 4362 et
240 4314 434 4378 immutabilem,
460 4322 486 4366 ut
506 4311 625 4382 ἄτρεπτον
643 4318 752 4367 uidentur
819 4318 860 4367 25.
879 4313 923 4368 τὸν
939 4320 1006 4367 codd.
1025 4333 1078 4367 mss.

190 4386 322 4445 suspicatus
339 4399 393 4434 esse.
818 4385 859 4435 ¹26.
877 4383 993 4446 νεοκλεῢς
1010 4388 1078 4436 codd.
1095 4401 1149 4437 mar.
1168 4391 1189 4437 et
1203 4389 1257 4437 edit.
1270 4390 1345 4449 princ.

223 4451 263 4502 23.
283 4449 341 4504 beda
358 4455 409 4503 cod.
426 4454 523 4516 lthrdr'p.
818 4453 859 4504 ¹27.
880 4451 924 4505 acl
948 4459 1060 4505 emicem
1079 4457 1100 4504 h
1118 4458 1132 4503 t.
1149 4459 1174 4504 a'n
1189 4458 1243 4505 edit.
1262 4457 1344 4506 Petne.

787 4524 864 4574 caton.
881 4529 953 4586 repet.
970 4528 1059 4588 etpost
1075 4517 1177 4592 ἀτόμων
1199 4524 1343 4576 mucetum.
