3096 5070
302 271 364 336 532
726 282 1035 334 εινστιεειιιιιιιιι

301 401 420 475 έαυτοῖς
445 397 661 481 ἐπινοήσαντες,
690 401 742 463 ’ίνα
757 395 798 480 μή
816 396 908 483 ἀργδν
930 401 997 480 βίον
1014 402 1177 479 διατελῶσι,
1208 398 1282 480 μηδὲ
1298 395 1351 462 τῶν
1367 394 1466 481 ἀρτων

302 502 504 587 βεβαρημένοι
516 502 664 567 ἐσθίωσιν.
705 497 756 564 Ἐν
768 504 956 589 ψαλμςοδίαις
968 500 999 566 δέ
1012 503 1045 565 οί
1053 504 1171 576 πλείους
1184 503 1235 565 καλ
1250 496 1347 582 εύχαῖς
1361 500 1465 582 διηνε·

300 606 397 682 τιέσιν,
420 601 599 690 ἀνἀγνοίσεσί
612 628 642 669 τε
663 609 789 689 γραφῶν
809 599 903 689 ἀγίων
920 604 971 669 καί
988 601 1224 686 ἀποστηθισμοῖς
1244 599 1415 669 ἀσκοῦνται.

172 832 241 900 Kto-
254 829 305 942 ξγ,
391 810 468 893 Περλ
485 809 516 873 δὲ
534 811 699 891 ξενοδοχίας
716 812 769 873 καί
789 813 1032 893 φιλανθρωπίας,
1062 808 1257 891 ίλεημοσύνης
1278 832 1308 874 τε
1324 809 1366 883 είς
1383 805 1464 871 ποίν-

167 909 220 957 1³⁸¹·
231 898 255 945 ¹¹
281 929 369 989 ’τας,
397 917 488 975 πᾶσιν
506 907 592 994 ύτής
605 909 690 998 ἀγίας
713 909 821 994 ταύτης
842 918 1005 993 καθολικῆς
1021 913 1072 976 καλ
1093 906 1287 994 ἀποστολικῆς
1303 913 1464 992 ἐκκλησίας

301 1011 417 1098 καρπός
431 1013 618 1098 κεκήρυκται.
667 1012 707 1080 To*
724 1015 756 1080 δέ
772 1012 895 1099 λουτρῶν
912 1016 967 1097 ἔχει
985 1011 1051 1078 ἀντί
1069 1021 1122 1096 τῆς
1137 1017 1356 1094 παλαιωθείσης
1374 1037 1463 1095 περι-

300 1122 394 1198 τομῆς
417 1118 450 1181 ἐν
475 1122 602 1205 Χριστῷ.
655 1116 876 1182 Διαναπαύεται
898 1119 931 1182 έν
949 1123 990 1205 τῷ
1013 1115 1127 1204 μεγάλφ
1152 1117 1291 1205 σαββάτῳ
1313 1113 1379 1181 ἀντί
1401 1122 1464 1180 τοῦ
1529 1156 1534 1162 -

301 1224 410 1302 μικροῦ
428 1217 590 1301 σαββάτου.
634 1217 783 1303 Ἀπέχεται
801 1224 957 1296 κοινωνίας
979 1216 1120 1284 ἀπάντων
1139 1221 1287 1304 αἱρέσεων.
1324 1218 1464 1301 Ἀποκη-

301 1318 398 1406 ρύττει
410 1325 567 1405 πορνείαν,
589 1323 640 1387 καλ
654 1327 795 1405 μοιχείαν,
816 1324 868 1388 καί
883 1319 1043 1408 ἀσέλγειαν,
1065 1323 1117 1386 καί
1135 1324 1382 1406 είδωλολατρείαν,
1404 1321 1462 1386 καί

301 1421 412 1506 φόνον,
434 1425 485 1488 καλ
500 1431 600 1488 πᾶσαν
615 1429 816 1511 παρανομίαν,
837 1426 888 1490 καί
906 1429 1038 1510 μαγείαν,
1060 1425 1110 1489 καλ
1127 1428 1329 1511 φαρμακείαν,
1351 1421 1464 1507 ἀστρο-

299 1531 421 1609 νομίαν,
443 1524 672 1609 κληδονισμούς,
703 1534 826 1610 παλμῶν
840 1526 1069 1613 παρατηρήσεις,
1098 1529 1267 1605 έπαοιδίας,
1299 1529 1463 1611 περίαπτα,

300 1626 337 1694 τά
359 1627 398 1711 δή
420 1628 587 1710 καλούμενα
608 1629 802 1714 φυλακτήρια.
841 1628 1058 1715 ’Λποκηρύσσει
1081 1628 1211 1715 θεάτρα,
1232 1630 1284 1694 καλ
1302 1626 1463 1712 ἱππικούς,

299 1733 351 1797 καί
364 1730 497 1817 κυνήγια,
521 1730 681 1814 μουσικούς
696 1758 727 1797 τε
748 1734 799 1797 καί
821 1737 921 1798 πᾶσαν
937 1737 1111 1818 κακολογίαν
1124 1734 1175 1798 καλ
1188 1728 1383 1810 καταλαλιάν,
1404 1733 1466 1796 καλ

299 1840 399 1898 πᾶσαν
424 1837 519 1918 μίχην
543 1836 594 1899 καλ
616 1839 819 1919 βλασφημίαν,
848 1834 968 1902 ἀδικίαν
981 1860 1012 1900 τε
1027 1837 1078 1900 καί
1100 1838 1280 1913 πλεονεξίαν,
1302 1835 1355 1899 καί
1371 1859 1465 1901 τοκο-

299 1940 420 2018 ληηίαν.
467 1936 699 2022 Πραγματευτάς
715 1935 771 2003 ούκ
787 1935 975 2021 ἀποδέχεται,
998 1935 1069 2003 ἀλλά
1086 1935 1316 2022 ὑποδεεστέρους
1332 1936 1464 2003 πάντων

188 2082 195 2092 ·
299 2034 421 2123 ήγεῑται
466 2032 649 2125 Προςφοράς
672 2038 813 2122 λαμβάνει
839 2039 920 2127 παρά
936 2049 995 2106 τῶν
1010 2038 1065 2106 ούκ
1080 2037 1281 2118 ἀδικούντων,
1313 2037 1385 2106 οάδέ
1401 2066 1461 2104 πα-

300 2138 523 2226 ρανομούντων,
556 2141 628 2206 ἀλλά
643 2146 765 2218 δικαίως
782 2141 934 2224 βιούντων.
978 2140 1080 2225 Εύχάς
1095 2143 1127 2207 δὲ
1140 2144 1294 2225 ἐνδελεχῶς
1312 2141 1460 2227 προςτάσ-

300 2265 395 2323 σεται,
424 2242 496 2326 μετά
514 2243 612 2326 πάσης
627 2242 812 2328 πυκνότητος
827 2247 878 2312 καί
905 2248 1053 2321 1έκτενίας
1075 2247 1125 2311 καλ
1139 2248 1325 2330 γονυιιλισίας
1342 2247 1375 2311 έν
1392 2252 1459 2320 ταῖς

299 2348 487 2433 τεταγμέναις
507 2343 631 2430 ἡμέραις
651 2345 768 2432 νύκτωρ
791 2350 841 2413 καὶ
865 2345 931 2431 μεθ’
950 2344 1062 2434 ἡμέραν
1084 2347 1270 2430 ἀναπέμπειν
1291 2353 1362 2434 θεῷ.
1397 2343 1454 2408 Ἐν

298 2470 355 2514 τισι
370 2450 402 2514 δέ
416 2450 520 2525 τόποις
534 2450 585 2513 καλ
603 2452 636 2514 έν
653 2459 714 2526 τοῖς
733 2449 860 2533 σάββασι
880 2450 1014 2528 συνύξεις
1031 2453 1223 2516 ἐπιτελοῦσιν·
1246 2447 1284 2515 ού
1299 2445 1389 2528 παντη
1404 2445 1446 2524 δέ,

299 2549 371 2616 ἀλλά
388 2551 470 2636 παρῶ
487 2561 551 2628 τοῖς
565 2552 709 2638 ἀκρέμοσι
724 2552 902 2634 φυλάσσεται
920 2552 953 2619 οδ
970 2552 1011 2637 μή
1026 2551 1153 2636 ἀμνῦναι
1170 2552 1255 2636 ὅλως,
1272 2550 1341 2636 μηδὲ
1355 2550 1446 2614 λοιδο·

299 2654 463 2740 ρήσασθαι,
493 2656 567 2736 μηδὲ
588 2663 791 2741 καταρᾶσθαι,
821 2658 852 2722 έκ
875 2655 1097 2742 προςτάγματος
1119 2651 1212 2721 αύτοῦ
1233 2661 1288 2721 τοῦ
1309 2658 1450 2737 σωτῆρος,

299 2756 371 2839 μήτε
383 2754 442 2841 μήν
455 2757 629 2838 ψεύσασθαι
644 2756 717 2824 ὅσον
729 2757 806 2824 κατά
817 2757 851 2824 to*
865 2758 999 2824 δυνατόν.
1030 2761 1069 2824 Οἱ
1079 2764 1197 2835 πλείους
1210 2757 1243 2824 δὲ
1253 2754 1457 2840 πιπράσκουσι

297 2858 335 2925 τά
356 2856 541 2947 ύπάρχοντα,
564 2862 614 2926 καλ
637 2861 754 2927 διδόασι
775 2870 909 2945 πτωχοῖς.

162 3208 289 3280 &W-
390 3157 486 3242 Ούτος
503 3164 522 3233 o‘
539 3166 685 3252 χαρακτήρ
706 3165 815 3251 ταύτης
837 3175 891 3251 τῆς
916 3165 1016 3253 ἀγίας,
1044 3165 1115 3249 μετά
1141 3174 1193 3250 τῆς
1210 3166 1456 3249 προδηλωθείσης

298 3274 438 3349 πίστεως,
460 3271 512 3334 καί
529 3263 613 3335 οὗτοι
632 3273 664 3335 οί
679 3272 786 3353 θεσμοὶ
802 3272 834 3336 έν
848 3270 925 3360 αὐτή
940 3269 1147 3357 ἀναφέρονται.
1194 3260 1291 3343 Ούτος
1304 3265 1361 3351 γάρ
1374 3268 1455 3331 έστιν

292 3370 318 3446 ,ὅ
337 3370 485 3459 χαρακτήρ
508 3379 561 3455 τῆς
589 3374 756 3456 ἐκκλησίας,
788 3370 847 3439 ἀπδ
871 3371 968 3457 νόμου
992 3376 1043 3440 καλ
1065 3379 1229 3456 προφητῶν
1252 3371 1303 3436 καλ
1323 3366 1455 3434 ἀποστό-

297 3483 358 3541 λων
372 3477 424 3541 καλ
440 3473 648 3560 εύαγγελιστῶν
661 3477 859 3561 συνηγμένος,
883 3476 978 3562 ῶςπερ
997 3478 1028 3541 έκ
1044 3481 1160 3540 πολλῶν
1175 3477 1289 3559 μυρίων
1302 3471 1457 3547 ἀντίδοτος

299 3576 401 3663 ἀγαθή
423 3586 485 3652 τοῖς
507 3580 667 3661 χρωμένοις
690 3563 731 3654 είς
756 3583 903 3664 σωτηρίαν
928 3579 1195 3660 κατεσκευασμίνη,
1228 3578 1263 3641 έκ
1287 3572 1457 3655 θελήματος

298 3678 411 3765 πατρίς
433 3683 484 3745 καλ
497 3683 568 3745 υίοῦ
590 3683 640 3746 καλ
659 3678 746 3766 ἀγίου
770 3680 944 3764 πνεύματος.
991 3674 1084 3746 Οὗτοι
1098 3683 1129 3745 οί
1144 3685 1325 3764 χαρακτῆρες
1338 3682 1393 3758 τής
1408 3697 1456 3740 σε-

297 3789 374 3865 μνῆς
392 3780 500 3866 ταύτης
517 3783 638 3865 νύμφης
657 3789 796 3868 Χριστοῦ.
840 3783 926 3866 Αὕτη
941 3781 962 3867 ή
975 3785 1063 3867 προίξ
1087 3784 1138 3848 καί
1157 3780 1289 3863 διαθήκη
1313 3785 1457 3863 κληρονο-

298 3888 377 3967 μίας,
399 3887 450 3950 καί
459 3885 595 3968 βούλημα
607 3894 661 3952 τοῦ
673 3885 764 3969 αύτής
778 3891 921 3969 νυμφίου,
941 3884 994 3951 ’καί
1010 3887 1191 3971 ἐπουρανίου
1204 3882 1303 3966 Ἰησοῦ
1321 3887 1458 3967 Χριστοῦ

164 4019 215 4065 τις.
226 4007 284 4055 lm
296 3993 352 4052 τού
364 3992 470 4074 κυρίου
485 3985 585 4071 ήμῶν,
614 3986 654 4055 δι’
670 3981 708 4055 ού
724 3991 774 4055 καί
794 3987 861 4072 μεθ’
878 3981 917 4056 ού
929 3996 970 4077 τῷ
991 3991 1081 4073 πατρὶ
1103 3987 1193 4067 δόξα,
1221 3982 1306 4069 τιμή,
1333 3982 1458 4070 κράτος,

298 4087 354 4154 σύν
375 4085 449 4180 ἀγίφ
471 4090 616 4174 πνεύματι
638 4095 680 4168 είς
700 4095 812 4169 αἰῶνας
832 4092 965 4171 αίοίνων,
987 4087 1086 4175 Ἀμήν.

385 4294 501 4373 Παίντες
512 4300 545 4362 οί
555 4295 624 4383 παρ’
634 4294 706 4381 ήμῖν
716 4297 841 4378 ἀδελφοί
851 4296 1121 4384 προςαγορεύουσιν
1131 4293 1217 4379 ύμῶν
1226 4291 1280 4377 τήν
1290 4293 1457 4376 τιμιότητα,

297 4396 420 4479 μάλιστα
435 4399 620 4481 ’Λνατόλιος,
653 4399 671 4468 ύ
690 4399 740 4466 διαί
763 4424 794 4465 τε
818 4405 946 4482 σημείων
968 4402 1020 4466 καὶ
1037 4403 1199 4485 οχεδαρίων
1214 4404 1272 4463 τῶν
1294 4395 1370 4462 ιιατά
1391 4403 1458 4464 τῶν

332 4536 537 4590 c19.xx¹11.-
562 4537 704 4598 λέκττνίας
718 4539 785 4590 codd.
794 4553 848 4590 οισι.
864 4543 968 4604 uterque,
984 4547 1004 4591 ιλ
1021 4541 1158 4603 eamne.
1183 4535 1309 4596 έκτενείοις
1326 4538 1456 4590 ιδ.Ριίου.
