3096 5070
213 265 275 330 290
641 274 763 326 ειαοτι
782 272 951 327 mmm
1058 294 1062 305 ·

213 386 289 460 οῦσα
308 389 459 479 ἀναλόγως
476 390 589 478 ἓκόστῳ
612 388 735 472 όνόματι
748 396 802 457 τοῦ
817 390 912 474 αὐτῆς
927 388 1112 475 ἀξιόματος,
1141 391 1178 458 δι’
1193 395 1287 478 αὐτῆς
1302 393 1370 481 γάγ,

212 498 263 563 καί
286 493 343 562 οῦκ
368 493 468 573 ἐκτός,
496 490 533 559 τά
548 492 690 580 γεγονότα
705 491 859 579 γεγόνασιν
874 490 931 575 oia
945 491 1030 560 ῦντα..
1071 493 1185 580 Διόπερ
1207 495 1277 563 οάόὲ
1298 495 1370 563 καθ’

212 594 351 665 ἕαυτόνό
368 595 464 681 πατῆμ
481 599 574 673 αἴτιος
587 603 647 661 τῦν
663 594 825 682 γεγονότων
841 597 934 676 ίστίν,
966 595 1037 662 ἀλλά
1053 596 1149 683 πατῆρ
1167 601 1216 664 καί
1236 599 1302 675 οἷός
1317 602 1371 667 καί

211 700 298 789 ἀγιον
313 707 428 782 πνεῦμα
446 701 564 781 ἐποίησε
579 697 615 765 τά
632 697 737 763 πόντα.
784 701 827 763 Et
840 699 872 765 όί
888 691 928 781 ῆν
946 695 1095 784 ἀλλότριος
1109 697 1128 765 ό
1144 699 1226 783 υἱός,
1250 699 1290 778 οίς
1304 700 1371 769 ἀπό

211 807 308 870 αἰτίου
331 802 389 868 οὐκ
406 799 462 882 ἀν,
493 799 650 886 προελθάν
670 799 707 866 ἀν
732 798 803 883 μετά
826 799 946 869 πιίντυν
969 803 1019 866 καί
1044 800 1134 877 αάτός
1162 806 1225 880 ίσος
1247 806 1371 889 ἐγένετο.

212 908 273 971 Καὶ
297 896 446 986 αίτιοςῆν
469 901 487 970 ό
510 901 583 980 θεός
604 901 701 970 οάκέτι
725 909 902 990 γεννητικοῦς
913 898 1076 986 ἀχθέντος,
1108 901 1181 970 ἀλλά
1201 913 1371 984 κτιστικῦς·

210 1013 262 1076 καί
279 1007 379 1074 οάκίτι
400 1008 543 1090 ἐνεδέχετο
562 1005 616 1071 τόν
632 1008 684 1072 ἕνα
699 1007 836 1091 λέγεσθαι
853 1007 997 1092 γέννημα,
1025 1005 1063 1072 τά
1085 1004 1110 1071 δ’
1127 1005 1199 1072 ἀλλα
1215 1013 1367 1091 κτίσματι,

209 1109 269 1177 ἀλλ’
286 1108 307 1195 ῆ
323 1107 359 1175 τά
376 1106 474 1175 πόντα
492 1106 546 1173 σῦν
564 1107 646 1196 αὐτῷ
669 1110 836 1194 γεννήματα
862 1110 1014 1194 λέγεσθαι,
1044 1107 1172 1192 ῆαῦτόν
1191 1108 1272 1175 6σῦν
1295 1116 1368 1177 πῦσε

209 1218 315 1295 κτίσμα
332 1208 443 1294 όμοίοος
463 1219 633 1277 καλεῖσθαι·
664 1212 716 1276 καί
738 1211 827 1277 οῦόίν
850 1203 888 1293 ῆν
910 1213 1072 1295 ἐξαίρετον,
1102 1214 1290 1295 ἒξισοομίνου
1314 1219 1370 1280 τοῦ

209 1314 275 1392 λνός
288 1323 351 1390 τοῖς
368 1322 440 1380 πᾶσι
458 1312 533 1379 κατά
548 1311 581 1379 τό
598 1315 688 1397 μέρος
701 1311 734 1379 τό
751 1315 781 1390 ἐξ
796 1311 852 1378 οῦκ
868 1311 973 1392 όντων,
995 1313 1033 1379 οῦ
1050 1312 1143 1395 μόνον
1158 1318 1269 1399 ελποιμι
1285 1312 1372 1402 ἀγγί-

207 1426 279 1495 λους
293 1425 335 1507 τῷ
351 1414 451 1481 αὐτῶν
468 1417 500 1481 δὲ
515 1423 624 1504 ποιητῆ
640 1417 692 1481 καί
713 1423 815 1505 κτιστῆ
835 1424 1000 1500 μονογενεῑ,
1022 1413 1093 1482 ἀλλά
1109 1419 1160 1482 καί
1175 1415 1369 1501 ἀνθρώπους,

209 1523 261 1586 καί
282 1519 392 1603 κτῆνη,
419 1521 470 1584 καί
492 1519 547 1585 ὅσα
571 1515 812 1604 ἀπειρομεγίθιος
838 1515 958 1583 ἀποόίει
979 1525 1033 1601 τῆς
1051 1521 1166 1586 ἐκείνου
1181 1518 1303 1599 φῦσεως
1316 1523 1370 1587 καί

209 1623 384 1706 ἀξιοίματος.
420 1616 555 1688 Ἕστινό
572 1618 613 1689 νῦν
625 1618 681 1686 σόν
700 1628 740 1710 τῷ
758 1618 821 1686 όντι
844 1623 874 1697 ἐξ
889 1619 983 1686 αάτοῦ
1001 1618 1134 1706 ἀχρόνους
1159 1620 1252 1699 ὄντας
1272 1647 1369 1708 γεγεν·

208 1728 348 1809 νημένος,
378 1721 433 1790 οῦκ
448 1726 478 1801 ἐξ
495 1720 551 1788 οῦκ
570 1721 678 1803 όντων,
709 1719 768 1788 ἀλλ’
787 1725 817 1800 ἐξ
831 1722 943 1801 αὐτοῦ,
975 1725 1023 1788 καί
1044 1726 1104 1788 ἔστι
1119 1721 1153 1790 τό
1171 1723 1257 1809 ἀγιον
1273 1723 1369 1792 αὐτοῦ

209 1835 344 1910 πνεῦμα,
373 1826 406 1892 τό
431 1824 488 1892 οῦκ
507 1823 658 1911 ἀλλότριον
676 1833 728 1908 τῆς
751 1824 844 1892 αῦτοῦ
861 1823 978 1903 οάσίας,
1008 1825 1079 1892 οῦδὲ
1099 1822 1140 1902 οός
1161 1828 1211 1892 ἐπί
1226 1831 1367 1918 βοηθείγ,

215 1929 291 1998 κατά
307 1928 359 1995 τόν
379 1926 491 1996 Ἀετίου
506 1927 608 2014 λόγον,
630 1934 694 2017 θεῷ
711 1931 1011 2015 προςπεπορισμίνυν.

288 2337 401 2406 Ἀετίου
420 2335 524 2419 κεφάλ.
542 2337 595 2403 κδ’.
648 2340 691 2403 Et
710 2335 744 2405 τό
767 2336 928 2421 ἀγέννητον
951 2339 1098 2423 στίγησις,
1131 2335 1153 2422 ῆ
1173 2339 1206 2407 δὲ
1227 2338 1355 2420 odom

206 2445 293 2521 ἕξεως
310 2442 447 2524 ἀποβολῆ
465 2442 559 2519 ἔστιν,
580 2435 648 2521 ῆόέ
663 2438 800 2522 ἀποβολῆ
817 2447 964 2516 παντελῶς
981 2438 1158 2520 ἀπόλλυται,
1185 2437 1356 2522 ῆμεθίστα·

205 2571 254 2610 ται
268 2541 314 2625 ἐφ’
332 2545 448 2629 ἕτερον,
470 2549 535 2618 πῶς
552 2538 617 2607 οίόν
637 2566 667 2607 τε
681 2543 737 2618 ἕξει
755 2543 972 2631 μεθισταμένη,
999 2541 1041 2624 ’ῆ
1057 2539 1249 2631 ἀπολλνμίνγ,
1270 2566 1358 2610 ιντο·

206 2645 384 2730 νομίζεσθαι
405 2644 460 2727 τῆν
481 2642 587 2710 οάσίαν
609 2650 662 2710 τοῦ
683 2650 758 2709 θεοῦ
779 2642 928 2733 ἀγεννῆτῳ
951 2651 1147 2735 προςηγομίγς

203 2960 263 3019 τῶν
279 2960 340 3017 σῦν
365 2958 564 3038 συλλογισμῶν
579 2954 620 3028 είς
636 2950 727 3028 δόξαν
741 2958 803 3038 θεῷ
820 2950 1012 3034 πεπόρισται,
1044 2951 1118 3018 κατά
1134 2950 1206 3028 τοῦς
1220 2947 1364 3019 ἀνιοτότω

205 3052 264 3122 ῦπό
280 3061 337 3135 σοῦ
348 3057 504 3138 λεχθέντας
519 3054 640 3141 λόγους,
669 3055 718 3118 καί
734 3050 824 3128 αῦτός
839 3052 915 3137 πρός
930 3054 961 3118 σὲ
976 3053 1220 3136 ἀποτεινόμενος,
1251 3074 1367 3139 συγγεε·

205 3164 329 3243 γοῦντος
344 3165 398 3224 τοῦ
412 3164 505 3237 θεοῦ,
526 3156 563 3222 τά
579 3160 628 3221 ίσα
643 3177 688 3222 σοι
707 3156 756 3220 καί
775 3150 866 3230 αῦτός
883 3158 1144 3242 προςφθίγξομαι,
1173 3156 1220 3222 ότι
1236 3153 1368 3238 μηδενός

203 3268 264 3326 τῶν
280 3267 414 3327 παλαιῶν
429 3262 461 3325 ίν
477 3284 507 3325 τε
521 3267 557 3349 τῆ
571 3265 683 3345 παλαιᾷ
699 3255 832 3345 διαθήκη
851 3259 903 3322 καί
917 3260 949 3323 ἐν
964 3265 999 3346 τῆ
1019 3265 1108 3348 καινῇ
1126 3256 1218 3344 όγίοον
1235 3255 1367 3328 ἀποστό-

203 3370 277 3440 λοον,
308 3361 521 3448 ῆπροφητῶν,
552 3368 638 3427 τοῦτο
661 3358 931 3442 είπεφηονηκότοιν,
962 3360 1103 3443 ἀμείνονά
1124 3383 1155 3425 σε
1173 3359 1266 3426 αῦτόν
1283 3367 1365 3427 *m-

204 3463 311 3541 θιστάς
336 3468 387 3531 καί
408 3462 502 3532 αὐτοῦ
522 3471 576 3531 τοῦ
597 3470 689 3542 θεοῦ,
720 3464 770 3527 καί
793 3460 920 3544 ἀσφαλῆ.
962 3460 1034 3527 ’And
1054 3462 1110 3548 γάρ
1128 3471 1183 3529 σοῦ
1200 3465 1249 3529 καί
1271 3466 1364 3550 δεῦρο

205 3570 367 3653 προςέλαβε
389 3566 422 3632 τό
443 3577 547 3647 θεῖον,
578 3562 619 3642 σός
641 3563 716 3631 κατά
732 3562 784 3630 τόν
807 3562 861 3630 σόν
884 3564 987 3650 λόγον,
1017 3567 1059 3641 είς
1080 3564 1133 3648 τῆν
1155 3563 1248 3632 αάτοῦ
1263 3571 1367 3633 πίστιν

202 3669 258 3753 τῆν
283 3669 528 3756 6συλλογιστικῆν
543 3668 653 3751 ταύτην
675 3689 730 3733 σου
746 3665 801 3749 τῆν
822 3672 1020 3752 τεγυολογίαν,
1050 3667 1082 3733 τό
1105 3671 1173 3753 περὶ
1195 3666 1365 3755 ἀγεννῆτου

203 3775 295 3859 λέγειν
315 3772 493 3860 στεμῆσεος,
514 3773 566 3837 καλ
581 3770 614 3838 τό
630 3777 786 3856 γεννητοῦ,
814 3771 865 3835 καί
882 3777 1029 3846 παντελοῦς
1043 3768 1195 3854 ἀποβολῆς
1208 3773 1294 3847 ἕξεως
1308 3773 1368 3838 καί

204 3879 380 3958 μεταβολῆς,
411 3876 463 3940 καλ
477 3876 545 3958 περὶ
562 3872 637 3939 θεόν
653 3877 868 3956 κατονομασίας
881 3874 913 3938 ἐν
926 3880 963 3962 τῆ
983 3871 1059 3938 κατά
1082 3870 1134 3939 τόν
1156 3872 1231 3940 θεόν
1255 3869 1368 3952 οῦσίας

204 3982 397 4066 προςηγοοίμ.
444 3974 521 4042 Οῦτε
545 3974 600 4063 γάο
621 3973 672 4045 όιά
686 3973 719 4041 τό
736 3973 788 4041 τόν
802 3973 879 4041 θεόν
892 3971 967 4043 είναι
987 3974 1108 4042 πόντων
1136 3978 1277 4055 6κτίστην
1299 3982 1367 4042 τῶν

203 4079 275 4161 μετά
288 4076 340 4147 τόν
354 4085 500 4164 μονογενῆ
524 4076 633 4156 αῦτοῦ,
663 4079 714 4144 καί
732 4073 764 4142 τό
786 4077 870 4162 ἀγιον
891 4076 983 4143 αάτοῦ
1004 4086 1136 4162 πνεῦμα,
1164 4074 1213 4142 ῦιά
1230 4082 1283 4158 τῆς
1299 4085 1368 4145 τοῦν

204 4184 401 4266 κεκασμένον
421 4182 585 4259 σοστάσεοις
605 4178 637 4247 τό
660 4176 829 4264 στερητικόν
856 4181 1005 4265 ἐφευρέθη
1032 4189 1091 4247 τῶν
1119 4176 1157 4247 οῦ
1186 4176 1367 4262 προςόντονν

238 4391 261 4440 5.
280 4389 393 4456 συμπᾶσι
409 4391 461 4440 cod.
476 4390 573 4453 Ηλιάίς.
827 4384 851 4438 2
869 4385 929 4441 θεὸν
944 4389 996 4440 ασελ.
1014 4390 1112 4452 θλεσις.

202 4457 261 4576 mli
281 4460 355 4508 Verba
367 4450 386 4524 ῆ
400 4452 558 4525 ἀπολλυμίιῃ
573 4470 647 4520 supra
657 4469 706 4507 που
722 4467 763 4505 ια·
829 4453 854 4505 3.
873 4458 1040 4520 corrigendum
1053 4459 1146 4511 οἰοιλια
1162 4455 1364 4524 πεφρονηκότες.
