3096 5070
186 291 227 355 20
563 316 565 321 ·
612 301 736 353 ειαοτι
755 303 922 355 emmanu

185 426 239 484 τοῦ
259 418 457 505 1ἐνούρανῷ.
493 416 583 483 'And
601 416 719 495 πόντως
737 421 799 502 ἐρει”
817 445 860 494 τις
876 419 1024 500 εἰρηκέναι
1048 418 1101 502 τήν
1117 423 1206 485 θείαν
1230 421 1349 507 γραφήν

184 519 256 596 τούς
283 520 440 602 προφήτας
463 522 620 603 ἐωρακέναι
645 519 697 586 τόν
722 520 796 585 θεόν
820 523 909 608 ἐντῷ
927 527 986 607 νῷ,
1017 519 1077 586 ἆπό
1101 528 1154 586 τοῦ
1176 525 1268 605 βητοῦ
1284 530 1348 602 τοῦ,

186 626 248 687 Καί
267 626 299 688 οί
314 622 429 708 όγγελοι
445 623 557 689 τούτων
575 619 669 704 όρῷσι
686 620 717 686 τό
732 621 894 705 πρόςωπον
909 630 963 687 τού
979 626 1091 706 πατρός
1106 650 1166 704 μον
1178 630 1231 689 τοῦ
1249 627 1281 689 ἐν
1297 624 1348 689 ού·

185 731 283 812 ρανῷ,
305 728 355 790 καί
374 723 463 791 πόλιν
485 723 546 788 αἰπό
564 733 630 803 τοῦ,
661 724 820 810 Μακόριοι
835 728 867 789 οἱ
880 726 1012 807 καθαροί
1027 732 1063 814 τῷ
1079 728 1203 812 καρδίᾳ,
1234 725 1281 797 ὅτι
1295 725 1349 791 αύ-

185 829 229 893 τοί
247 826 299 892 τόν
319 826 393 893 θεόν
405 825 548 906 ὄψονται·
584 827 685 909 φήσας
700 828 731 892 δέ
750 834 837 893 τοῦτο
859 828 909 891 καί
930 826 1113 909 παραζεύξας
1134 827 1210 894 κατοί
1225 827 1278 910 τήν
1294 828 1348 893 αύ-

185 936 238 994 τοῦ
253 932 369 995 ἔννοιαν
386 928 438 1006 τός
451 931 540 1006 λέξεις
555 932 631 994 εἴποι
646 926 672 993 δ’
690 927 737 1006 δν,
761 927 806 995 ότι
822 931 854 995 ἐν
870 935 910 1017 τῷ
925 936 966 1016 νῷ
981 932 1102 1006 ἕκαστος
1117 925 1175 1018 όρᾳ
1192 928 1245 994 τόν
1259 928 1347 995 θεόν·

185 1030 222 1096 ού
240 1030 296 1117 γόρ
312 1031 491 1112 ὀφθαλμοῖς.
536 1030 714 1095 Ἀντιπίπτει
737 1032 769 1096 δέ
784 1030 879 1119 τούτῳ
894 1028 912 1097 ό
930 1041 1013 1107 θεῖος
1029 1031 1131 1116 λόγος,
1153 1030 1281 1111 φόσκων
1297 1029 1348 1099 διαί

182 1130 307 1200 Ἡσαΐου
321 1142 375 1199 τοῦ
391 1133 566 1217 προφήτου,
600 1133 696 1209 Τόλας
712 1130 785 1217 ἐγοδ,
807 1131 853 1198 ὅτι
870 1137 1101 1220 κατανένυγμαι,
1123 1132 1169 1201 ότι
1184 1132 1349 1219 ι’ίνθρωπος

184 1236 345 1320 τἰκοίθαρτα
359 1245 434 1320 χείλη
453 1239 526 1319 ἔχων
544 1238 575 1301 ἐν
593 1242 653 1323 λαῷ
670 1234 829 1320 ίικόθαρτα
841 1242 919 1318 χείλη
934 1238 1028 1319 ἔχοντι
1047 1236 1104 1321 ἐγολ
1122 1245 1267 1317 κατοικῶ,
1296 1239 1348 1314 καί

184 1338 237 1404 τόν
253 1338 360 1420 κόριον
374 1337 511 1420 Σοβαοίθ
526 1333 606 1402 είδον
621 1346 684 1413 τοῖς
699 1336 872 1419 ὀφθαλμοῖς
886 1365 954 1421 μου.
1000 1342 1061 1403 Καί
1077 1338 1133 1404 οὐκ
1149 1335 1213 1404 είπε
1231 1347 1278 1428 Τῷ
1294 1346 1348 1428 νῷ,

185 1438 316 1507 ούδέἘν
332 1447 368 1528 τῷ
385 1443 501 1528 ἐννοίᾳ,
532 1436 604 1504 οίλλιί
626 1448 695 1515 Τοῖς
713 1437 902 1521 ὀφθαλμοῖς,
934 1438 969 1505 τό
986 1440 1088 1523 ἆληθῆ
1103 1442 1153 1505 καί
1174 1440 1276 1524 στερεοί
1296 1448 1348 1524 τῆς

185 1551 310 1618 πίστεως
330 1542 552 1627 βεβαιούμενος.
611 1549 645 1606 Τί
667 1536 722 1606 οὖν
746 1546 916 1623 λείπωμεν,
948 1550 1001 1608 τοῦ
1024 1541 1193 1628 εὐαγγελίου
1214 1546 1348 1628 λέγοντος

184 1643 260 1711 θεόν
282 1644 323 1725 μή
349 1645 510 1730 ἑωρακέναι
532 1641 599 1708 τινύ
617 1643 753 1718 πόποτε,
784 1651 844 1709 τῷν
863 1646 894 1710 δέ
912 1651 1075 1728 προφητῶν
1101 1648 1152 1710 καί
1174 1642 1347 1713 ἀποστόλων

184 1746 380 1827 φασκόντων,
411 1749 462 1812 καί
477 1743 570 1811 αὐτοῦ
585 1753 639 1812 τοῦ
658 1753 782 1832 κυρίους
809 1737 901 1830 3Ἀρα
916 1745 1072 1812 οίντίθετον
1091 1750 1123 1813 ἐν
1139 1755 1175 1836 τῷ
1190 1753 1262 1836 θείᾳ
1277 1773 1346 1833 γρα-

185 1857 229 1939 φή
247 1847 321 1933 πρός
337 1848 444 1930 ἑαυτήν
459 1876 500 1928 τις
524 1846 566 1931 μή
583 1850 706 1933 γένοιτο.
749 1847 833 1913 Ἀλλό
849 1845 930 1915 είδον
943 1856 1097 1932 προφῆται
1108 1850 1159 1914 καί
1175 1846 1343 1927 οίπόστολοι,

184 1954 236 2018 καί
254 1949 364 2034 όληθὲς
389 1948 533 2034 ύπύρχον’
563 1946 644 2016 είδον
662 1952 693 2015 δέ
712 1949 793 2015 καθό
811 1949 959 2033 ἠδύναντο
982 1949 1081 2030 αύτοί,
1111 1953 1162 2016 καί
1184 1948 1265 2017 καθό
1287 1953 1346 2016 ἐνι-

183 2053 287 2138 γιόρει,
320 2055 371 2119 καί
387 2050 481 2135 όφθη
498 2052 601 2129 αὐτοῖς
618 2050 722 2129 όθεδς
738 2050 779 2129 οός
796 2051 949 2136 ήθέλησεν.
997 2054 1102 2120 Πόντα
1120 2052 1175 2139 γόρ
1191 2053 1273 2142 αύτῷ
1294 2056 1345 2119 δυ-

184 2153 268 2222 νατοί.
316 2158 376 2220 Καί
394 2155 439 2221 ότι
457 2156 509 2237 μέν
528 2152 572 2220 ⁴o‘
588 2154 717 2238 δόρατος
733 2153 806 2231 θεός
828 2157 878 2220 καλ
900 2155 1120 2238 ἆκατόληπτος,
1152 2163 1238 2222 τοῦτο
1256 2153 1347 2238 δῆλόν

187 2261 249 2324 ἐστι
273 2260 323 2323 καλ
347 2255 539 2343 ούμολόγηται.
591 2254 676 2321 'And
699 2257 788 2322 πόλιν
811 2257 940 2335 δυνατός
963 2262 1021 2325 ἐστι
1045 2268 1142 2325 ποιεῖν
1164 2256 1182 2324 δ
1202 2258 1345 2340 βούλεται.

188 2359 233 2426 Ού
251 2360 307 2446 γόρ
328 2387 374 2436 τις
391 2359 577 2441 όντιτίθησιν
601 2359 696 2423 αὐτοῦ
714 2367 755 2446 τῷ
771 2358 943 2441 βουλήματι.
987 2358 1128 2445 Ἀόρατος
1145 2352 1199 2426 οὖν
1214 2361 1275 2425 ἐστι
1291 2357 1346 2441 τήν

184 2461 278 2542 φύσιν
298 2464 349 2528 καί
371 2461 579 2543 όκατοίληπτος
595 2459 650 2543 τήν
668 2458 773 2540 δόξαν,
804 2464 989 2544 βουλομένου
1010 2464 1042 2528 δέ
1058 2470 1098 2551 τῷ
1116 2459 1167 2527 ύπ’
1191 2458 1283 2528 αύτοῦ
1300 2486 1346 2547 γε·

184 2563 283 2651 γονότι
298 2563 453 2652 ίινθρεόπᾳ
471 2560 669 2639 όπτύνεσθαι,
703 2563 791 2629 οὐδέν
808 2566 991 2630 ἐναντιοῦται
1008 2571 1049 2652 τῷ
1063 2562 1156 2631 ούτου
1143 2564 1345 2646 βουλήματι.

187 2666 233 2732 Ού
258 2664 314 2752 γδρ
340 2665 460 2730 οπόθει
483 2663 679 2747 συνέχεται
647 2691 681 2730 το
695 2675 797 2745 θεῖον,
825 2669 876 2731 ἵνα
892 2666 908 2732 ὁ
904 2665 1061 2750 βούλεται
1079 2665 1122 2749 μή
1142 2665 1295 2755 οπροίττη,
1325 2663 1347 2749 ἢ

182 2767 299 2856 πράττη
323 2766 341 2832 δ’
366 2796 408 2851 μη
399 2766 569 2850 βούλεται
595 2767 733 2844 (δυνατός
756 2767 813 2854 γόρ
834 2771 895 2834 ἐστι
919 2795 1015 2833 ποιων
1038 2768 1055 2833 ίι
1050 2768 1242 2851 βούλεται),
1275 2766 1346 2835 όλλό

183 2872 305 2954 πριίττει
320 2866 429 2952 όίπερί
440 2867 533 2936 αότον
520 2872 702 2954 πρέπει
668 2897 703 2959 τη
720 2869 854 2951 θεότητι
878 2871 969 2952 μηδέν
983 2869 1059 2946 όλως
1077 2897 1117 2959 τᾳ
1105 2871 1275 2953 θεληματι
1292 2871 1345 2936 αύ·

184 2979 239 3036 τοῦ
259 2971 503 3050 ιἰντιπίπτον,“
478 2997 550 3048 ωςτε
575 2999 616 3053 μη
608 2970 784 3037 δύνασθαι
807 2970 943 3058 πρόττειν
959 2970 976 3038 δ
971 2970 1144 3055 βούλεται,
1174 2972 1346 3058 πρεπόντως

185 3081 222 3162 τῇ
240 3070 334 3138 αὐτοῦ
348 3072 478 3154 θεότητι.
524 3075 585 3138 Καί
599 3071 748 3138 ύδύνατόν
761 3076 839 3140 ἐστιν
854 3078 928 3140 ίδεῖν
943 3074 1031 3154 θεόν,
1054 3076 1177 3160 μάλιστα
1192 3076 1345 3158 όνθρωπί

185 3201 240 3256 νην
255 3175 362 3255 φύσιν,
394 3179 446 3239 καί
461 3173 517 3239 ούκ
535 3179 655 3260 ἐγχωρεῖ
674 3175 707 3241 τό
732 3173 840 3262 όρατόν
857 3174 932 3259 όρᾶν
948 3177 982 3242 τό
1000 3177 1135 3262 όόρατον.
1182 3173 1279 3241 ι’Ἀλλ’
1294 3172 1346 3240 α’ό-

59 3312 104 3361 μς
123 3299 169 3343 ειν.
185 3302 274 3361 ρατος
289 3275 363 3352 θεός
379 3279 410 3342 ἐν
428 3283 642 3366 φιλανθρωπίᾳ
662 3281 712 3343 καί
730 3279 855 3361 δυνόμει
872 3278 1026 3361 ἐνισχύσας
1041 3278 1073 3345 τό
1091 3277 1242 3345 ἀδύνατον
1257 3300 1346 3357 κατη-

183 3385 269 3458 ξίωσε
285 3386 322 3469 τῇ
340 3381 448 3445 ἐαυτοῦ
467 3379 589 3462 δυνάμει
595 3431 604 3459 ,
633 3380 717 3455 ὅπως
737 3384 786 3470 ίδᾳ
803 3380 835 3446 τό
852 3380 997 3464 αἰόρατον,
1025 3382 1077 3444 καί
1092 3379 1111 3444 ίί
1127 3378 1185 3444 ελδε
1204 3375 1237 3443 τό
1255 3375 1346 3461 οίόρα·

181 3482 235 3549 τόν
263 3490 317 3546 9τε
334 3484 384 3547 καί
402 3480 541 3567 όίπειρον,
571 3479 608 3548 ού
630 3480 736 3557 καθείς
760 3487 823 3564 ίσγε
844 3481 877 3548 τό
901 3479 1038 3565 ἔπειρον,
1068 3478 1128 3545 ἀλλ’
1150 3477 1192 3556 ιός
1213 3478 1344 3562 ήδύνατο

180 3593 286 3667 χωρεῖν
308 3581 434 3666 ήφύσις
453 3588 698 3665 ἐνδυναμωθεῐσα
720 3591 774 3648 τοῦ
790 3581 945 3657 όδυνότως
967 3584 1081 3663 έχοντος
1098 3581 1175 3666 πρός
1190 3585 1345 3648 ἐπέκτασιν

181 3693 237 3750 τοῦ
254 3689 393 3751 δυνατοῦ.
440 3690 499 3751 Καὶ
524 3686 614 3749 οὐδὲν
638 3689 739 3749 διοίσει
755 3687 787 3750 ἐν
803 3691 840 3772 τῇ
862 3691 931 3771 θείᾳ
956 3691 1073 3773 γραφή,
1102 3683 1169 3751 ούτε
1191 3680 1346 3762 όντίθετος

181 3789 258 3864 λέξις
278 3786 356 3873 πρός
375 3790 451 3865 λέξιν
473 3774 675 3871 εὑρεθήσεται.

217 4030 275 4081 θεν,
294 4031 348 4080 VH.
370 4057 397 4067 -
430 4033 450 4080 ¹.
470 4025 549 4096 ἐντῷ
568 4019 665 4097 ούρανῷ
683 4029 747 4078 editi.
815 4025 840 4079 6.
856 4023 976 4095 πράττει,
1000 4022 1143 4098 ἦπράττιι
1165 4032 1234 4081 mad.
1251 4042 1307 4083 m,
1323 4035 1345 4080 et

214 4115 238 4167 2.
256 4118 323 4166 λλδτλ
338 4117 422 4166 habent
440 4114 550 4180 εἴπομεν.
783 4098 869 4146 (ἀί-λ
853 4102 933 4179 vrfssc

815 4164 839 4215 λ.
856 4160 933 4217 αύτοῡ
949 4174 1097 4217 commum
1115 4120 1347 4221 Μυήσιοι

214 4195 389 4336 {m
468 4286 593 4336 mm
609 4287 682 4336 M„
866 4247 955 4299 ψ...
981 4240 1003 4284 τ
1027 4228 1244 4287 ...ηπ

214 4371 239 4419 5.
256 4365 328 4435 πάθη
352 4371 435 4418 vitium
451 4375 485 4418 εει
506 4372 544 4420 ed.
561 4371 644 4422 Ρτλαυ.
666 4372 745 4422 Calon.
814 4375 838 4418 σ
806 4299 922 4420 ’a'nd
940 4372 990 4419 οοιλ
1009 4371 1105 4433 θλιιλίρ.

178 4441 250 4499 τιρτι.
812 4435 838 4489 9
853 4434 913 4489 τότε
930 4436 975 4490 καὶ
990 4441 1042 4489 cod.
1060 4437 1159 4499 θλαλλς.
