3096 5070
196 271 255 335 130
620 282 744 336 ειωοτι
761 281 934 335 εεινιιιιιιι

43 399 112 471 Κεφ·
125 396 175 458 λα’·
274 397 395 482 Ἐπειδῆ
412 400 445 465 ll
458 406 519 465 τῶν
532 402 563 466 ίν
575 409 641 477 ταῖς
660 409 790 486 γραφαῖς
807 400 952 481 κειμένων
973 400 1081 476 λίξεων
1096 396 1150 465 τάν
1166 405 1240 464 νοῦν
1256 422 1354 484 παρω-

191 503 347 587 τρίποντίς
367 528 459 581 τινες,
493 505 545 568 καί
561 501 704 586 ἕτίρωςῆ
721 509 869 587 προςῆκεν
884 499 1108 585 ἑρμηνεύοντες,
1137 502 1187 566 καί
1206 500 1278 584 μήτε
1293 506 1357 567 τῶν

191 603 332 691 ῥημάτων
346 602 402 688 τῆν
416 604 559 687 δύναμιν,
593 603 664 687 μήτε
679 612 740 670 τῶν
757 602 938 689 πραγμάτων
952 601 1007 687 τῆν
1021 602 1114 684 φύσιν
1127 610 1358 683 κατανοοῦντες,

190 715 337 791 τολμῶσιν
353 707 473 773 άθετεῖν
487 705 542 790 τῆν
564 705 692 788 θεάτητα
713 714 767 772 τοῦ
792 710 878 787 uici,
912 705 1281 796 προςκάπτοντεςτῆλίξει
1301 712 1360 791 τῆς

190 815 313 887 κτίσεως
327 817 365 899 τῆ
381 811 568 899 ίμφερομίνη
585 818 650 885 ταῖς
666 813 862 892 Παροιμίαις,
893 808 1008 892 Κύριος
1023 807 1079 895 γάρ
1096 811 1190 875 λκτισί
1208 832 1246 891 με
1259 804 1362 893 άρηῆν

190 909 272 978 άδῶν
292 909 387 977 αύτοῦ
405 914 447 988 είς
465 914 537 996 ίργα
562 908 672 990 αὐτοῦ,
703 910 758 987 οῦς
778 912 847 976 δίον
868 917 910 999 τῶ
931 909 1073 993 πνεύματι
1096 919 1138 1000 κρῖ
1158 917 1363 990 ζωοποιοῦντι

190 1015 382 1089 άκολουδεῖν,
406 1016 457 1078 καί
473 1012 515 1096 μῆ
529 1019 570 1102 τῷ
585 1010 734 1098 γράμματι
746 1018 788 1100 τῷ
805 1010 1009 1078 άποκτείνοντι
1024 1012 1069 1089 (τά
1083 1011 1140 1100 γάρ
1152 1019 1269 1095 πνεῦμα
1282 1018 1362 1092 ζωο-

190 1120 301 1201 ποιεῖ),
332 1118 404 1201 φέρε
419 1113 457 1199 δῆ
474 1118 665 1199 τολμῆσωμεν
680 1118 732 1181 καί
753 1112 839 1197 ῆμεῖς
860 1113 951 1198 μικρά
972 1116 1041 1198 περί
1057 1114 1172 1182 τούτων
1194 1118 1362 1199 διαλαβεῖν,

196 1219 274 1303 ιούχ
291 1217 337 1285 άτι
353 1220 473 1296 ἐντελῶς
495 1222 609 1305 είρηται
624 1228 687 1296 τοῖς
704 1215 763 1304 πρά
780 1213 865 1300 ῆμῶν
885 1217 1035 1302 είρηκάσιν
1049 1216 1082 1300 (ῆ
1095 1217 1151 1304 γάρ
1166 1216 1204 1284 ῶν
1218 1216 1362 1301 μωίνοετύ

190 1348 250 1401 τις,
283 1324 311 1386 εί
328 1327 416 1387 τοῦτο
437 1323 544 1408 λίγοι),
576 1318 647 1387 olli
668 1320 714 1387 άτι
733 1319 849 1409 χρῄζετε
871 1319 1065 1397 διδάσκοντος
1082 1320 1181 1396 (αῦτολ
1195 1319 1252 1407 γάρ
1269 1317 1362 1404 ύμεῖς

191 1427 382 1490 θεοδίδακτοί
398 1426 490 1503 ίστε),
521 1421 581 1489 ἄλλ’
598 1427 650 1488 iva
664 1430 891 1510 φανερωθῶμεν
907 1425 940 1488 iv
956 1432 1022 1499 ταῖς
1037 1421 1237 1506 συνειδήσεσιν
1255 1418 1361 1506 ῆριῶν,

190 1524 238 1594 δτι
253 1533 314 1593 τῶν
330 1525 561 1610 ἐπιθυμούντων
575 1526 663 1608 ίσμλν
675 1530 854 1612 χαρίσματος
865 1522 938 1609 ύμῖν
950 1528 1128 1609 μεταδοῦναι
1143 1532 1361 1608 πνευματικοῦ.

278 1734 443 1797 Πίστευσον
463 1726 520 1796 σάν
536 1730 584 1797 ὅτι
605 1728 675 1797 ούτε
696 1731 822 1814 άλλαηοῦ
838 1738 891 1815 τῆς
909 1739 1043 1817 γραφῆς,
1073 1728 1141 1797 ούτε
1158 1732 1209 1797 lai
1224 1736 1281 1797 τοῦ
1297 1756 1362 1797 νεω-

191 1833 296 1919 ράντος
311 1839 421 1921 χωρίου
440 1836 557 1899 ίναντία
574 1830 609 1898 τά
627 1831 745 1919 δῆματα
765 1840 819 1916 τῆς
834 1841 951 1920 γραφῆς
967 1833 1102 1917 άλλῆλσις
1117 1836 1195 1913 boul,
1222 1830 1282 1899 κάν
1296 1831 1362 1916 μά-

191 1947 298 2019 χεσθαι
313 1942 390 2027 δοκῆ
405 1934 486 2021 παρά
508 1945 570 2011 τοῖς
585 1942 622 2024 τῆ
638 1940 733 2001 πίστει
752 1934 794 2018 μῆ
812 1932 1012 2022 ύγιαίνουσιν,
1042 1934 1109 2019 ῆτοι
1131 1936 1295 2001 locucio
1316 1942 1360 2027 τῆ

191 2037 312 2129 γνάμη·
343 2041 395 2104 καί
416 2035 459 2115 ῶς
482 2035 570 2103 ούδὲν
586 2044 647 2103 τῶν
670 2036 748 2103 κατά
768 2036 819 2104 τάν
842 2039 955 2122 κάσμον
977 2037 1225 2124 παραδειγμάτων
1240 2033 1310 2103 σίάν
1325 2038 1360 2105 εί

191 2144 271 2208 ἔστιν
286 2138 447 2226 εύρεδῆναι
462 2140 535 2224 ὅπερ
553 2142 669 2224 ἐξαρκεῖ
681 2137 754 2206 καθ’
767 2138 855 2206 ίαυτδ
871 2149 977 2222 σοφοῖς
993 2148 1180 2224 παραστῆσαι
1198 2146 1255 2207 τοῦ
1266 2164 1355 2224 μονο-

56 2278 65 2293 ·
190 2251 298 2331 γενοῦς
313 2243 368 2327 τῆν
382 2242 481 2325 φύσιν.
527 2245 588 2308 Καὶ
605 2241 655 2308 διά
668 2250 755 2308 τοῦτο
773 2240 907 2330 ῆγραφῆ
922 2252 1043 2320 πολλοῖς
1058 2245 1203 2320 ἐπινοίαις
1217 2242 1286 2328 περί
1297 2246 1353 2307 τοῦ

191 2353 368 2434 μονογενοῦς
391 2348 443 2411 καλ
467 2349 652 2428 ἐπωνυμίαις
672 2346 823 2429 κέχρηται,
856 2349 884 2411 εί
907 2372 972 2423 πως
998 2350 1199 2428 δυνηθείημεν
1221 2342 1272 2411 διά
1289 2346 1348 2409 εἰν

189 2446 263 2514 καθ’
282 2445 361 2532 ῆμάς
375 2447 407 2513 τά
423 2446 498 2534 ύπέρ
512 2445 592 2531 ύμάς
607 2450 799 2530 καταλαβεῖν,
830 2450 882 2512 καί
896 2446 947 2514 διά
963 2455 1023 2513 τῶν
1036 2449 1264 2534 γινωσκομένων
1279 2468 1353 2527 φυ-

189 2557 337 2634 τασῦῆναι
359 2548 396 2615 τά
415 2549 617 2635 ἀγνοούμενα,
648 2548 745 2632 ῆρέμα
763 2551 814 2614 καί
838 2548 913 2615 κατά
935 2548 1042 2635 μικράν
1060 2548 1122 2616 άπδ
1138 2557 1200 2615 τῶν
1214 2552 1356 2633 miv

189 2652 267 2736 πράς
287 2651 325 2717 τά
348 2654 534 2737 κεκρυμμένα
561 2650 818 2737 προβιβαζάμενοι
862 2649 943 2716 Ἐπεί
970 2657 1071 2718 τοίνυν
1103 2649 1277 2719 ’πιστεύειν
1294 2652 1358 2717 Ru

74 2807 81 2820 ,
189 2753 262 2831 τούς
285 2753 479 2830 πιστεύοντας
499 2757 540 2830 είς
560 2752 691 2839 Χριστάν
708 2750 750 2829 άς
767 2751 870 2835 ὅμοιός
896 2756 974 2820 ίστιν
994 2751 1093 2832 άυίδς
1109 2763 1150 2843 τῶ
1164 2755 1272 2840 πατρί,
1302 2750 1357 2819 άτε

62 2864 172 2922 ΜΝ·
191 2854 333 2939 δῆείκοδν
356 2852 498 2940 ύπάρχων
512 2863 565 2922 τοῦ
589 2858 638 2922 ίπλ
655 2856 793 2934 πάντων,
825 2853 912 2921 άδιά
928 2856 1064 2936 πάντων,
1095 2855 1133 2923 δι’
1150 2849 1188 2923 ού
1204 2855 1242 2922 τά
1256 2854 1358 2923 κάνεα

191 2955 452 3044 δεδημιούργηται,
474 2958 510 3022 τά
526 2984 557 3024 τε
572 2961 604 3024 ίν
618 2966 681 3035 τοῖς
698 2955 837 3042 ούρανσῖς
853 2960 904 3023 καί
922 2956 959 3024 τά
975 2961 1026 3025 lul
1043 2967 1113 3044 γῆς,
1136 2958 1225 3025 είκῶν
1245 2960 1280 3025 δδ
1297 2956 1357 3045 νὴ

193 3056 234 3138 ῶς
251 3057 371 3145 άψυγον
386 3058 542 3143 ίμφύησυ,
573 3058 638 3126 οὐδ’
655 3057 697 3137 ῶς
711 3062 840 3145 ίνίργεια
864 3062 980 3144 τίχνης,
1013 3058 1079 3126 οὐδ’
1102 3058 1145 3138 ῶς
1168 3060 1356 3145 άποτίλεεμε

192 3164 351 3250 ἐνεργείας,
374 3161 446 3228 άλλά
462 3165 590 3248 γέννημα
601 3169 656 3228 τοῦ
671 3159 882 3247 γεννήσαντος,
904 3166 956 3229 καί
970 3162 1017 3229 ὅτι
1032 3163 1070 3229 ού
1090 3165 1179 3246 θίμις
1195 3164 1257 3229 ίστλ
1274 3170 1358 3247 ’τῆς

192 3272 361 3349 σωματικῆς
382 3266 578 3350 άνθρωπίνης
599 3263 759 3350 γεννῆσεως
781 3261 836 3346 τῆν
858 3273 912 3330 τοῦ
935 3274 1115 3352 μονογενοῦς
1142 3268 1279 3352 γίννησιν
1301 3262 1359 3350 τῆν

191 3365 252 3454 πρά
275 3374 336 3433 τῶν
359 3367 479 3434 αίιάνων
499 3372 774 3452 ηαρακτηρίζεσδαι,
805 3368 856 3432 καί
877 3364 919 3445 οἷς
939 3367 1016 3434 κατά
1039 3367 1072 3435 τά
1095 3367 1284 3454 παράδειγμα
1303 3374 1360 3453 τῆς

191 3475 302 3552 σοφίας
316 3478 369 3554 τῆς
383 3476 569 3555 περιεκτικῆς
588 3477 647 3535 τῶν
663 3467 864 3553 άνδρωπίνωυ
879 3470 1100 3554 ἐνθυμημάτων
1115 3478 1170 3537 τοῦ
1182 3467 1298 3557 πατρδς
1317 3466 1359 3539 ού

192 3571 252 3656 μῆν
266 3571 472 3650 άνυττάστωτάς
488 3596 519 3638 τε
535 3573 586 3638 καλ
600 3569 803 3656 άνύπαρκτος,
834 3574 986 3658 ἑκατέραις
1003 3583 1068 3651 ταῖς
1082 3574 1192 3651 λέξεσιν
1212 3572 1360 3656 ‘xvcim

192 3672 350 3762 ῆγραφῆ,
378 3683 432 3759 τῆς
455 3701 487 3740 τε
512 3679 634 3750 κτίσεως
654 3676 704 3740 καλ
726 3680 832 3762 τῆτῆς
853 3675 1030 3760 γεννήσεως,
1062 3682 1099 3765 τῆ
1119 3700 1149 3741 τε
1164 3682 1219 3740 τοῦ
1234 3671 1360 3742 ”Euam

192 3779 243 3843 καλ
260 3786 314 3845 τοῦ
327 3775 512 3863 Ἐγὲννησεν,
543 3773 596 3859 ούχ
618 3779 668 3840 ἵνα
689 3775 726 3841 τά
747 3778 863 3842 ἐναντία
888 3781 965 3868 δοκῆ
979 3781 1031 3844 καλ
1047 3775 1122 3843 κατά
1143 3776 1178 3843 τά
1195 3774 1267 3842 αύτδ
1285 3778 1359 3865 περλ

192 3887 252 3945 τῶν
274 3880 374 3945 αὐτῶν
388 3881 542 3965 λέγεσθαι,
572 3875 632 3943 άλλ’
648 3882 698 3943 ’ίνα
714 3875 764 3943 διά
781 3879 834 3962 μλν
853 3888 908 3945 τοῦ
921 3877 1039 3946 Ἔκτισε
1058 3878 1090 3946 τά
1107 3877 1312 3946 ίνυπάστατύν
1324 3904 1361 3949 τε

192 3985 245 4047 καλ
265 3980 394 4065 μόνιμον
401 4032 410 4062 ,
442 3978 492 4047 διά
515 3981 548 4045 δὲ
564 3988 618 4047 τοῦ
635 3979 785 4067 Ἐγένιησε
806 3981 840 4047 τά
862 3985 1007 4067 ἐξαίρετον
1027 3989 1081 4048 τοῦ
1104 3987 1285 4069 μονογενοῦς
1302 3984 1361 4051 καλ

194 4080 306 4162 ίδιάῑον
328 4089 468 4173 παριστᾷ.
508 4081 603 4169 Ἐγῶ,
633 4088 723 4167 φησί,
755 4085 790 4149 ἐκ
811 4091 866 4150 τοῦ
892 4083 1004 4171 πατρδς
1027 4088 1172 4168 ἐξῆλθον,
1203 4084 1302 4149 κάλ’
1278 4110 1359 4169 ηπ..

229 4205 287 4254 (λιν.
304 4206 456 4257 XXXL-
493 4208 514 4258 ί.
540 4208 692 4257 δοτὶδιιιδιιοι
709 4201 756 4273 ούχ
789 4205 938 4273 δεωίρίειιι
908 4224 1015 4274 ιιιοιορ
987 4204 1360 4261 οιιιεείιεσιτδεοεεείιιῦλεεί·

194 4266 234 4326 δτι
254 4267 301 4326 ούκ
323 4273 442 4337 ἐντελῶς,
466 4278 503 4325 ucl
513 4268 571 4357 σύχ
588 4267 629 4328 δτι
648 4269 754 4333 άτελῶς.
787 4283 854 4323 ctum
868 4275 1015 4343 crederequ
1001 4275 1075 4326 ιιιοδ
1075 4272 1148 4324 ἰιιιίίὶι
1161 4272 1359 4345 ειεδλίιωριειῖ

205 4342 250 4390 ¹2.
270 4344 411 4392 Vocabulum
431 4336 573 4406 πιστεύειν,
597 4343 660 4404 quod
673 4344 754 4390 abvoc-
787 4347 836 4391 coll.

190 4413 258 4470 plum
272 4416 331 4469 crab,
347 4414 470 4472 revocavi,
486 4411 707 4472 εεπεαροιίμίαιιεε,
723 4422 753 4457 εκ
819 4409 1022 4463 &Scribonium
1043 4408 1074 4464 icc
1095 4412 1146 4476 τῆς
1168 4412 1207 4461 voi
1228 4406 1360 4481 σιδεῆς.

192 4478 339 4537 αγλῖαδα.
298 4494 342 4530 ττι
355 4480 463 4528 vocabuli
477 4475 533 4530 ἐπεὶ
547 4482 568 4525 cl
581 4478 689 4526 vocabuli
702 4475 752 4527 τοί·
784 4478 935 4541 „acxl’rum
906 4479 1022 4546 ειεὶιιρδε
1024 4495 1036 4528 ι
1057 4426 1128 4529 Ιιίστη
1119 4477 1208 4529 λουτιῶ·
1228 4426 1360 4543 ίεςίίιίκ

192 4560 243 4595 νυν.
274 4547 327 4596 lam
350 4549 481 4597 comorius
500 4546 568 4594 vcclil
590 4545 644 4605 Qua
630 4542 752 4612 undaqui·
787 4559 864 4610 muca.
880 4549 935 4598 coil.
951 4550 1033 4599 Polou.
1061 4546 1242 4601 ῶωιίίλοειεεοῦ
1255 4542 1361 4617 κωτμδς
