3096 5070
191 272 231 335 44
615 283 739 336 merl
757 283 931 336 nummu

190 397 232 477 ῦς
246 419 335 482 φησι,
363 393 397 463 ’0
411 395 497 483 λόγος
512 397 585 483 σάρξ
602 397 773 486 γενόμενος,
802 399 857 484 οῦγ
875 397 916 478 ός
934 398 1025 478 αῦτός
1044 398 1183 482 όπονοεῖ,
1210 399 1301 489 λόγον
1313 404 1349 471 έπ

191 500 304 584 πατρός
329 499 514 586 προελθόντα
536 503 587 568 καλ
609 505 651 579 είς
673 502 769 586 σάρκα
792 505 1057 587 μεταβεβλημένον·
1089 502 1168 570 οὕτω
1194 503 1250 589 γάρ
1271 503 1349 572 κατά

189 602 245 688 κήν
259 602 451 687 ότιατημένην
465 603 559 672 αῦτοῦ
577 607 694 671 ἔννοιαν
713 605 872 691 διηγήσατο
889 609 963 692 περί.
972 613 1028 672 τοῦ
1043 605 1128 689 όρον.
1162 609 1205 673 Εί
1221 608 1253 675 δέ
1269 610 1349 675 έστιε

188 703 282 790 ’Λῦάμ
297 705 356 793 πρό
375 713 429 773 τοῦ
445 703 520 772 εἶναι
536 705 589 774 τόν
601 706 709 793 λόγον,
743 707 826 792 ’ἄρα
840 707 890 773 ῦιά
904 714 984 786 τίνος
1001 706 1019 775 ό
1036 706 1128 786 αῦτός
1143 706 1236 792 Ἀῦάμ
1253 712 1348 778 κέκτι-

189 831 271 889 σται,
300 810 352 875 καλ
377 807 475 875 πάντα
501 807 538 875 τά
562 811 621 896 πρό
639 808 732 877 σῦτοῦ
756 816 898 894 κείσμαεα
919 818 974 878 τοῦ
989 818 1083 890 θεοῦ,
1114 810 1230 898 ἦπρός
1246 810 1349 880 τέναό

189 911 286 996 πατὴρ
310 915 424 996 ελρηιιε,
455 916 635 996 Ποιήσωμεν
655 911 836 999 άνθρωπονς
883 913 929 979 Οῦ
945 914 1001 1001 γάρ
1019 919 1063 991 τίς
1086 922 1179 981 Ικοτε
1201 914 1277 999 πρός
1293 913 1346 982 τόν

189 1014 363 1082 ίνόιάθετον
386 1011 481 1081 αῦτοῦ
504 1013 608 1100 λόγον,
638 1013 728 1098 ἢτόν
749 1015 937 1101 προφορικόν
952 1020 1123 1085 ἐπιτείνεται
1142 1017 1197 1101 τήν
1216 1022 1348 1102 συμβου·

187 1122 267 1196 λίαν,
296 1113 367 1183 όλλά
389 1115 467 1204 πρός
490 1114 542 1183 τόν
563 1120 698 1199 ἐμφυτον
715 1120 768 1183 κοιλ
792 1117 879 1204 ἅγιον
899 1118 993 1185 αῦτοῦ
1012 1118 1100 1206 λόγον
1115 1127 1168 1204 τῆς
1187 1121 1349 1205 μελλούσης

188 1229 241 1287 τοῦ
257 1218 429 1306 άνθροέπου
441 1223 635 1305 δημιουργίας
651 1229 779 1299 ποιεῖται
796 1219 850 1304 τόν
866 1219 937 1303 μετά
960 1221 1057 1306 πάσης
1072 1229 1181 1304 σοφίας
1200 1224 1347 1310 ίξόγησιν,

188 1326 239 1389 ἰ’να
254 1321 400 1406 μάθωμεν
422 1324 452 1400 ἐξ
471 1320 563 1408 άρχῆς
588 1319 664 1389 εἶναι
687 1322 738 1389 τόν
761 1327 854 1389 παῖδα
869 1322 945 1408 πρός
961 1323 1014 1392 τόν
1035 1324 1131 1392 αῦτοῦ
1147 1328 1275 1413 πατέρα,
1296 1330 1349 1395 ἵνα

189 1424 231 1509 μῦ
253 1423 306 1491 τόν
329 1422 470 1510 ἡμέτερον
491 1431 611 1507 κτίστην
625 1429 802 1511 πρόσφατον
818 1433 1001 1510 νομίοωμεν,
1028 1427 1101 1494 ἄλλά
1124 1427 1178 1494 σῦν
1194 1431 1283 1513 πατρί
1300 1426 1348 1497 ότλ

189 1524 359 1613 ὖπάρχοντιι
383 1526 441 1611 πρό
461 1535 521 1594 τοῖν
545 1528 679 1595 αίοόνων·
709 1528 751 1606 νίς
772 1531 822 1595 ιιαλ
839 1526 978 1612 Ἰωάννης
996 1540 1141 1618 μαρτυρεῖ
1160 1533 1267 1617 λέγων,
1293 1531 1349 1599 Ἐν

189 1627 263 1721 άρχῇ
283 1623 321 1713 ἦν
342 1626 361 1695 ό
381 1628 484 1716 λόγος,
505 1634 557 1697 καλ
579 1629 598 1697 ό
617 1630 705 1717 λόγος
726 1625 766 1715 ἦν
786 1630 863 1714 πρός
885 1630 963 1699 4τόν
983 1632 1067 1699 θεόν.

52 1754 119 1824 Κςφ,
134 1750 167 1811 η,
282 1732 356 1810 1Ὦς
369 1757 462 1817 φησιν
478 1731 625 1811 ἀῦτόςό
641 1733 779 1821 άγόρτης.
826 1738 884 1800 Καί
902 1734 992 1812 αῦτός
1010 1762 1088 1818 φημι
1104 1733 1179 1801 εἶναι
1191 1734 1243 1802 τόν
1259 1735 1348 1823 λόγον

187 1833 239 1902 εἶπ’
252 1833 358 1921 άρχῆς,
390 1833 449 1902 άλλ’
468 1837 523 1921 οῦγ
544 1836 611 1903 υἱόν
632 1846 709 1905 θεοῦ
730 1839 948 1924 γεγεννημένον.
994 1841 1054 1903 Καλ
1079 1841 1107 1904 εί
1126 1837 1166 1921 μὴ
1188 1841 1267 1904 ἐστιν
1280 1838 1344 1915 υέός

187 1946 279 2018 θεοῦ,
301 1940 426 2021 μάταιος
441 1937 535 2005 αῦτοῦ
549 1936 567 2006 ό
582 1938 690 2019 πόνος,
722 1945 853 2023 1ματαία
867 1937 961 2006 αότοῦ
975 1942 1025 2005 κοιλ
1040 1938 1061 2024 ἡ
1078 1946 1264 2025 προαίρεσις,
1294 1941 1343 2007 καί

188 2038 326 2126 ἧίλτελς,
354 2044 406 2107 ιιαλ
425 2038 447 2124 ἦ
469 2041 593 2110 διάνοια.
640 2042 721 2109 Οῦῦλ
743 2041 800 2129 γάρ
822 2042 1030 2129 περισσότερον
1051 2050 1110 2109 τῶν
1135 2042 1348 2127 άρνησαμένιεε

189 2143 281 2212 αῦτόν
296 2143 448 2211 Ἰουδαίων
464 2138 552 2222 οὗτος
566 2148 649 2231 λέγει.
698 2145 743 2211 Οῦ
760 2144 817 2231 γάρ
838 2148 913 2231 λέγει
928 2148 996 2230 περί
1018 2143 1112 2212 αῦτοῦ
1126 2145 1160 2212 τό
1181 2144 1348 2233 εῦαγγέλιον

188 2246 251 2329 ότι,
277 2240 620 2338 Ἐνάρχῇῆνόλόγος,
643 2250 695 2314 καλ
712 2241 930 2335 όλόγοςόγνέν
947 2255 988 2337 τῷ
1002 2255 1081 2336 θεῷ,
1105 2246 1181 2328 ἄλλ’,
1210 2245 1244 2314 ‘0
1259 2250 1349 2335 λόγος

103 2385 107 2393 ·
186 2344 321 2438 ἦνπρός
334 2350 386 2417 τόν
400 2352 482 2418 θεόν.
527 2353 588 2417 Kal
604 2349 642 2417 οῦ
658 2353 734 2436 λέγει
752 2349 799 2417 ότι
818 2353 851 2417 ἐν
872 2358 914 2439 τῷ
928 2359 993 2440 θεῷ
1010 2344 1048 2434 ἦν
1066 2350 1171 2434 μόνον,
1189 2349 1261 2416 άλλά
1272 2349 1349 2428 θεός

187 2446 226 2537 ἦν
242 2450 261 2520 ό
275 2453 369 2540 λόγος.
408 2451 483 2519 Ἀλλ’
498 2457 531 2521 ἐν
545 2461 587 2543 τῷ
605 2451 760 2543 άνθράκρτ
777 2454 831 2536 μέν
851 2453 939 2540 λόγος
955 2455 1127 2529 ἐνδιάθετος
1142 2451 1188 2520 όελ
1205 2457 1255 2519 καλ
1274 2480 1349 2537 προ·

186 2555 314 2638 φοραιός
333 2554 477 2641 όπάργων
505 2557 543 2623 οῦ
564 2555 689 2622 δόναται
711 2558 849 2644 λέγεσθαι
869 2554 1048 2640 ἄνθρωπος,
1078 2555 1152 2621 ἄλλό
1176 2556 1348 2643 ἅνθρόπον

185 2657 280 2744 λόγος.
319 2662 389 2724 *Εἰ
405 2657 461 2725 οῦκ
475 2651 514 2742 ἦν
532 2656 619 2726 οῦττω
628 2657 662 2726 τό
676 2662 819 2746 γέννημα,
835 2656 876 2735 άς
894 2656 985 2734 αῦτός
998 2660 1082 2744 λέγει,
1098 2661 1147 2724 καί
1163 2662 1191 2723 εί
1204 2657 1290 2725 οῦπω
1309 2651 1350 2742 ἦν

187 2759 253 2840 υἱός
275 2768 360 2827 ῡτοῦ
375 2768 454 2828 θεοῦ
473 2760 547 2838 θεός
560 2760 662 2848 λόγος,
695 2760 745 2828 ῦιό
765 2765 844 2838 τίνος
864 2758 899 2826 τό
925 2758 1022 2826 πάντα
1045 2763 1214 2847 γεγένηταις
1244 2760 1348 2847 ίπειόή

187 2886 261 2947 φησι
276 2863 309 2929 τό
328 2864 513 2951 εῦαγγέλιον,
545 2862 651 2930 Πάντα
675 2862 713 2930 δι’
729 2863 824 2930 αῦτοῦ
839 2865 969 2950 ἐγένετο,
999 2865 1051 2929 καλ
1065 2866 1155 2947 χωρίς
1170 2864 1265 2930 αὐτοῦ
1285 2865 1349 2950 ἐγέ-

187 2992 254 3033 νετο
277 2963 348 3034 οόόέ
369 2970 409 3033 ἐν.
451 2965 535 3032 Ἀλλά
553 2989 643 3050 φησι,
662 2965 778 3050 Ὥςττερ
800 2963 851 3032 διά
871 2965 961 3052 λόγου
978 2963 997 3031 ό
1014 2964 1177 3052 άνθρωπος
1195 2965 1349 3047 πράττειῦ

188 3069 340 3153 βοόλεται,
369 3067 465 3146 οῦτως
480 3067 530 3136 ῦιό
549 3077 604 3136 τοῦ
622 3072 701 3136 ίῦίου
721 3069 811 3156 λόγου
826 3066 844 3135 ό
863 3066 960 3153 πατὴρ
978 3069 1028 3134 διά
1045 3076 1100 3135 τοῦ
1115 3067 1201 3146 όντος
1219 3072 1252 3136 ἐν
1265 3068 1349 3157 αὐτῷ

187 3171 266 3261 λόγῳ
286 3174 405 3254 ἐποίησε
419 3171 455 3237 τά
468 3172 573 3238 πάντα.
620 3179 693 3249 Ποῦς
714 3164 769 3239 οὖν
784 3169 803 3238 ό
821 3169 925 3252 πόριος
946 3169 997 3237 ῦιά
1011 3179 1065 3238 τοῦ
1083 3171 1254 3257 εὐαγγελίου
1272 3173 1348 3257 λέγει

187 3272 250 3354 ότι,
263 3273 345 3351 Ἕως
360 3272 426 3360 άρει
448 3271 580 3357 όπατήρ
598 3271 761 3361 ἐργάζεται,
790 3271 874 3361 κάγαό
893 3273 1065 3359 ἐργάζομαις
1113 3274 1153 3339 Τό
1169 3275 1216 3354 ῦέ,
1242 3272 1277 3339 Ὁ
1291 3300 1348 3340 πα·

187 3376 242 3464 τήρ
260 3377 422 3462 ἐργάζεται,
453 3376 537 3464 κάγοό
555 3376 727 3463 ἐργάζομαι,
757 3377 796 3444 οῦ
818 3383 872 3441 τοῦ
895 3374 1008 3459 πατρός
1027 3376 1070 3458 μὴ
1096 3378 1289 3462 ἐργαζομένου
1315 3379 1348 3443 ἐν

186 3487 223 3570 τῇ
246 3487 300 3546 τοῦ
322 3484 391 3546 υέοῦ
407 3483 544 3570 ἐργασίᾳ,
573 3477 643 3547 οῦῦέ
659 3486 713 3546 τοῦ
728 3482 797 3545 υέοῦ
818 3475 995 3564 οάλλοτρίου
1013 3476 1114 3557 όντος,
1135 3482 1185 3544 καί
1205 3477 1247 3563 με)
1263 3483 1348 3566 ἐργα-

188 3585 317 3667 σομένου
344 3585 376 3648 ἐν
401 3591 438 3674 τῇ
458 3590 513 3649 τοῦ
537 3580 651 3668 πατρός
678 3586 865 3670 δημιουργίᾳ.
911 3580 1016 3646 Πάντα
1039 3580 1095 3667 γάρ
1116 3577 1153 3646 τά
1173 3584 1259 3667 έργα,
1290 3581 1347 3649 όσα

188 3689 280 3766 ἔστιν,
308 3685 372 3769 ἅμα
394 3688 427 3753 ἐκ
442 3684 555 3772 πατρός
576 3688 629 3750 καί
651 3688 721 3751 υἱοῦ
741 3686 792 3750 καλ
808 3682 895 3770 όγίου
912 3682 1080 3767 πνεύματος
1095 3686 1252 3771 γεγένηται.
1299 3683 1347 3752 Δι’

189 3788 282 3856 αὐτοῦ
295 3787 352 3874 γόρ
369 3786 406 3855 τά
423 3788 521 3855 πάντα
536 3791 655 3874 γέγονεν
672 3784 733 3852 άπό
756 3785 883 3871 πατρός,
911 3788 963 3851 κοιλ
980 3784 1071 3864 αῦτός
1086 3786 1122 3851 τά
1136 3786 1233 3854 πάντα
1249 3786 1345 3875 είργά·

189 3911 258 3957 σατο
277 3889 334 3956 σῦν
355 3894 460 3975 πατρλ,
491 3893 544 3956 ιιαλ
565 3889 621 3955 σῦν
642 3887 717 3978 άγέω
738 3890 890 3974 πνεύματι.
939 3897 987 3979 Τῷ
1008 3888 1066 3976 γάρ
1087 3889 1164 3977 λόγῳ
1186 3897 1294 3976 κυρίου
1315 3895 1349 3958 οί

189 3990 309 4077 οῦρανολ
332 3992 567 4078 ἐστερεώθησαν,
598 3994 649 4058 καί
670 3999 712 4082 τῷ
733 3992 881 4076 πνεύματι
901 4000 955 4060 τοῦ
977 3992 1122 4076 στόματος
1141 3991 1236 4061 αῦτοῦ
1263 4001 1346 4059 πᾶσα

189 4092 353 4179 ἡῦόναμις
374 4097 478 4162 αὑτοῦ.
522 4093 580 4161 Διό
603 4097 653 4161 καλ
674 4095 746 4178 μετά
767 4096 928 4178 ἀσφαλείας
946 4093 964 4163 ό
985 4095 1090 4181 κύριος
1111 4099 1204 4185 ἐντῷ
1226 4096 1345 4182 εῦαγγε-

188 4205 241 4291 λίηο
263 4202 355 4286 έλεγε,
382 4197 536 4285 γινώσκων
561 4195 615 4275 τός
636 4195 780 4276 όπονοίας
801 4206 860 4265 τῶν
881 4200 1126 4281 πεπλανημένων,
1154 4197 1346 4285 προγνοίσεης

222 4410 246 4460 ν.
264 4411 330 4459 τινα
346 4410 416 4471 ωηο
432 4395 491 4469 ἄρα.
814 4405 977 4455 cn.1v.-
1016 4408 1035 4458 1.
1054 4402 1132 4460 ’,ιιιε
1148 4421 1192 4470 pro
1209 4401 1246 4468 σς
1260 4410 1344 4460 ιιιιι-

103 4500 106 4506 ·
223 4477 247 4528 3.
263 4474 366 4528 πώποτε
383 4478 433 4526 τοῦ.
447 4476 543 4538 λίνοις.
781 4477 892 4525 tuendum
909 4479 996 4525 οειτιαλε
1013 4478 1132 4526 Ρεεαυίιω.

223 4541 247 4598 ί.
265 4541 308 4600 τόν
323 4547 404 4596 omn
418 4545 471 4596 ιιλιλ
481 4545 661 4596 Ρεεονίλῦοίοιι
676 4548 746 4608 repet
814 4544 838 4594 ‘l-
857 4536 934 4604 αὖτίς
950 4558 996 4594 om.
1014 4547 1039 4595 λιι
1055 4545 1110 4594 αλλ.
1126 4545 1226 4596 Ριλονλί.
