3096 5070
276 272 338 339 518
699 281 821 335 οιυοτι
838 282 1009 333 mmm

277 400 297 469 ό
314 400 417 488 άρτος,
447 399 468 483 ή
483 401 515 465 δέ
532 399 659 482 δάναμις
672 401 704 465 έν
720 396 799 488 αὐτῷ
817 401 858 474 είς
874 396 1066 482 ζωογόνησιν,
1096 402 1147 463 καί
1165 397 1219 483 οόχ
1234 403 1285 466 ’ίνα
1301 397 1334 465 τό
1351 398 1439 485 ὕδωρ

276 502 356 588 ήμάς
373 503 496 593 ταθάρη
512 502 620 585 μόνον,
643 498 703 566 ἀλλ’
719 505 770 566 ἵνα
786 503 818 566 έν
833 527 868 590 τή
888 498 966 583 ίσχόί
981 509 1035 566 τοῦ
1056 500 1165 577 ὕδατος
1180 501 1230 568 διά
1244 510 1297 585 τῆς
1311 506 1441 579 πίστεως

278 609 328 672 ναί
346 610 491 692 ἐνεργείας
514 608 564 670 καί
585 607 703 680 ἐλπίδος
725 605 777 668 καλ
795 607 962 687 μυστηρίων
984 600 1171 683 τελειῶσιως,
1202 608 1252 670 καί
1272 606 1441 688 ὀνομασίας

278 715 331 791 τῆς
354 706 522 793 άγιαστείας
546 710 663 793 γένηται
685 703 758 788 ήμῑν
781 708 824 782 είς
846 710 990 771 τελείωσιν
1011 711 1164 790 σωτηρίας.
1206 705 1351 774 Ἀνελθῶν
1372 708 1440 775 άπδ

277 818 333 877 τοῦ
349 809 517 894 Ἰορδάνου,
546 808 669 875 άκοάων
691 807 797 891 φωνήν
818 806 948 893 πατρός,
978 811 1019 884 είς
1041 806 1137 892 άιοήν
1160 808 1318 895 παρόντων
1336 820 1439 894 μαθη-

278 921 353 993 τῶν,
377 916 419 989 είς
433 913 466 978 τό
486 910 640 989 όποδεῑξαι
655 916 699 988 τίς
719 909 738 977 ό
757 908 1014 995 μαρτυρούμενος,
1035 913 1086 976 καλ
1102 919 1185 978 4τοῦ
1201 911 1368 995 πνεύματος
1380 920 1441 979 τοῶ

280 1012 365 1102 άγίου
380 1017 411 1081 ἐν
426 1019 499 1079 είδει
514 1020 684 1096 περιστερᾶς
700 1014 928 1096 κατερχομένου,
950 1010 1090 1098 καθάπερ
1107 1015 1139 1079 έν
1154 1022 1275 1091 πολλοῖς
1289 1016 1441 1099 αίρέσεσιν

281 1117 452 1202 είρήκαμεν,
474 1115 579 1198 ἵναμή
601 1113 770 1198 οσυναλιφή
785 1113 805 1197 ή
818 1114 902 1202 τριάς
918 1119 1091 1197 νομισθείη,
1122 1118 1442 1200 σχηματοποιουμένου

281 1227 334 1285 τοῦ
357 1219 522 1300 πνεύματος
539 1222 571 1283 έν
586 1221 647 1306 ίδίρι
663 1215 837 1296 ὑποστάσει,
868 1219 1119 1299 έπικαθεζομίνου
1136 1219 1169 1283 δέ
1181 1227 1236 1284 τοῦ
1256 1219 1441 1301 πνεύματος,

280 1323 332 1386 παλ
348 1322 505 1406 ἐρχομένου
521 1316 565 1386 ἔπ’
581 1318 682 1399 ατίτόν,
705 1324 755 1385 ’ίνα
772 1318 860 1409 όφθή
875 1316 892 1385 ό
908 1318 1157 1404 μαρτυρούμενος,
1179 1324 1229 1385 ’ίνα
1245 1320 1315 1407 σάρξ
1329 1319 1350 1404 ή
1366 1319 1443 1409 άγία

282 1429 352 1505 φίλη
371 1416 447 1489 οὖσα
465 1424 515 1487 καλ
532 1421 729 1505 εόδοκουμένη
753 1419 813 1488 όπδ
831 1429 886 1487 τοῦ
912 1421 1025 1507 πατρός
1041 1424 1092 1486 καλ
1108 1431 1162 1488 τοῦ
1178 1422 1347 1506 πνεόματος
1363 1453 1442 1512 μαρ-

281 1531 442 1612 τυρηθείη,
473 1527 523 1589 ἵνα
544 1521 561 1590 ό
579 1521 676 1609 πατήρ
697 1521 860 1606 εόδοιιητής
881 1528 1044 1608 ιηρυχθείη
1061 1533 1114 1607 τῆς
1135 1533 1188 1591 τοῦ
1205 1529 1275 1592 υἱοῦ
1290 1526 1444 1609 ένσάριιου

283 1634 463 1714 παρουσίας,
485 1631 535 1691 ’ίνα
554 1625 573 1692 ό
590 1625 655 1701 υίός
672 1624 816 1708 άληθινδς
834 1624 961 1710 ὀφθείη,
992 1629 1043 1691 ναί
1059 1626 1200 1717 πληρῶση
1218 1627 1252 1694 τδ
1269 1631 1442 1716 εἰρημένον,

285 1733 346 1796 Kal
361 1727 433 1813 μεταλ
448 1737 540 1794 ταῦτα
559 1732 609 1794 έπί
626 1736 678 1810 τῆς
694 1736 749 1813 γῆς
765 1726 875 1811 ῶφθη,
897 1731 949 1793 καί
965 1726 1037 1811 μετά
1055 1736 1114 1795 τῶν
1130 1726 1302 1815 άνθρεόπων
1317 1725 1443 1798 συνανεο

283 1831 413 1919 στράφη·
446 1829 579 1896 άνελθῶν
595 1828 656 1896 άπδ
672 1837 726 1895 τοῦ
741 1827 910 1912 Ἰορδάνου,
942 1832 993 1895 καλ
1012 1839 1116 1911 σαφῶς
1134 1833 1182 1897 καλ
1201 1832 1356 1914 άληθινῶς
1377 1832 1441 1902 άπδ

283 1942 338 2002 τοῦ
357 1932 499 2020 διαβόλου
521 1934 694 2018 πειρασθελς
713 1932 794 2021 ἐν’τή
811 1931 928 2021 έρήμρο,
957 1934 1007 1997 ιιαλ
1024 1932 1166 2010 πεινάσας
1182 1933 1307 2020 ὕστερον
1320 1935 1371 2002 διά
1385 1937 1442 2020 τήν

284 2037 484 2115 σἰνολουθίαν,
514 2038 565 2102 καλ
581 2034 725 2119 άλήθειαν
741 2043 794 2116 τής
815 2032 961 2117 ένσάρκου
979 2039 1153 2119 παρουσίας.
1198 2041 1260 2101 Καί
1275 2038 1439 2122 έπιλεξάμε·

284 2166 337 2217 νος
355 2136 508 2223 μαθητάς,
537 2139 737 2223 καίκηρόξας
761 2135 919 2219 ἀλήθειαν,
950 2139 1002 2201 καί
1025 2138 1179 2220 ἰασάμενος
1197 2139 1233 2203 τά
1252 2138 1355 2223 πάθη,
1384 2168 1437 2206 να-

284 2245 453 2326 θευδήσας,
476 2241 632 2317 πεινάσας,
656 2237 871 2324 ὁδοιπορήσας,
894 2244 1072 2321 θεοσημείας
1088 2239 1293 2325 ἐργασάμενος,
1313 2241 1434 2326 νενροδς

286 2347 411 2431 λγείρας,
432 2353 555 2426 τυφλοῖς
575 2342 608 2408 τό
625 2344 742 2427 βλέπειν
759 2339 998 2428 παρασχόμενος,
1020 2341 1133 2424 χωλοός
1148 2345 1199 2408 παλ
1216 2340 1430 2427 παραλυτινοάς

149 2484 201 2532 μγ.
214 2472 272 2518 lm.
287 2446 528 2531 ίσχυροποιήσας·
560 2444 601 2522 ῶς
624 2445 744 2530 ἐκήρυξε
767 2443 800 2508 τό
819 2442 987 2529 εὐαγγέλιον
1014 2451 1091 2525 οτῆς
1114 2444 1255 2528 άληθείσς
1273 2442 1326 2526 τήν
1348 2447 1430 2526 βασι-

286 2555 365 2616 λείαν
388 2558 448 2616 τῶν
470 2546 607 2634 οὐρανῶν
629 2546 683 2630 τήν
702 2543 818 2612 Ὶαάτοῶ
836 2549 1082 2629 φιλανθρωπίαν,
1111 2549 1163 2613 ιιαλ
1179 2551 1233 2611 τοῦ
1251 2544 1363 2630 πατρός
1381 2548 1435 2610 ιιαλ

285 2660 340 2718 τοῦ
360 2650 447 2738 άγίου
469 2649 670 2732 8πνεύματος·
701 2647 718 2715 ό
741 2647 816 2734 όπέρ
838 2646 924 2731 ήμῶν
941 2646 980 2715 τό
1005 2648 1107 2725 πάθος
1126 2646 1285 2731 όπομιίνας
1310 2644 1439 2737 άληθείφ

288 2757 320 2822 ίν
336 2756 422 2840 σαριλ
438 2756 488 2819 καλ
504 2756 536 2818 ἐν
552 2760 588 2841 τῇ
608 2757 699 2840 τελείᾳ
721 2751 960 2837 ίνανθρωπήσει,
992 2750 1101 2816 παθῶν
1118 2754 1151 2817 ίν
1167 2750 1293 2839 άληθείγ
1314 2752 1363 2816 έπλ
1384 2757 1440 2817 τοῦ

286 2863 430 2942 σταυροῦ,
453 2855 600 2936 συνοόσης
618 2855 698 2942 αὐτῷ
715 2861 769 2937 τῆς
783 2851 945 2935 θεότητος,
974 2851 1033 2918 ἀλλ’
1049 2853 1086 2918 οὐ
1105 2859 1264 2939 τραπείσης
1278 2856 1319 2930 είς
1332 2852 1365 2919 τδ
1384 2852 1442 2918 πά-

288 2980 381 3043 σχειν,
411 2956 502 3039 οόσης
523 2958 556 3022 δέ
580 2957 736 3036 άπαθοῶς,
771 2959 821 3021 καί
838 2953 1002 3042 άτρέπτου·
1032 2963 1092 3021 τῶν
1110 2956 1165 3022 δύο
1184 2953 1376 3023 όπολονθιῶν
1389 2978 1442 3021 σα·

287 3067 355 3144 φῶς
369 3061 629 3142 ιιατανοουμένων,
654 3065 788 3145 Χριστοῦ
803 3057 967 3141 πάσχοντος
981 3054 1056 3142 όπέρ
1070 3055 1157 3141 ήμῶν
1174 3061 1276 3144 σαρκί,
1298 3058 1442 3133 άπαθοῶς

288 3164 320 3228 δλ
337 3164 477 3246 μένοντος
493 3164 525 3228 έν
541 3161 675 3245 θεότητι·
698 3162 735 3228 οδ
752 3168 805 3226 τοῦ
821 3159 988 3245 άνθρῶπου
1006 3158 1068 3226 κατ’
1086 3163 1164 3226 ίδίαν
1183 3158 1286 3240 ὄντος,
1319 3162 1369 3227 καλ
1387 3167 1442 3241 τῆς

287 3263 432 3348 θεότητος
448 3261 510 3328 κατ’
529 3267 622 3342 ἰδίαν,
644 3260 716 3329 άλλά
731 3260 878 3346 συνοόσης
892 3270 946 3344 τῆς
962 3261 1118 3345 θεότητος,
1150 3262 1192 3346 μή
1208 3262 1379 3346 πασχούσης
1397 3263 1441 3340 δὲ,

288 3365 338 3434 διά
356 3366 389 3433 τδ
407 3367 567 3451 αἰκραιφνές
584 3368 635 3431 παλ
654 3364 830 3452 άσόγτριτον
847 3372 899 3448 τῆς
917 3365 1036 3441 οὐσίας·
1065 3363 1229 3448 πάσχοντος
1245 3367 1278 3431 δέ
1295 3368 1327 3430 έν
1342 3366 1440 3447 σαριλ,

287 3470 339 3536 ιιαλ
357 3470 585 3552 θανατουμένου
609 3471 641 3533 έν
656 3470 760 3553 σαρκί,
789 3474 897 3546 ζῶντος
915 3468 947 3532 δέ
964 3465 1010 3532 άελ
1028 3470 1060 3534 έν
1077 3466 1217 3549 θεότητι,
1247 3471 1299 3532 καί
1316 3469 1441 3551 ἐγείρον-

287 3598 339 3649 τος
360 3571 430 3650 τοδς
452 3571 591 3657 νεκρούς·
623 3576 677 3635 τοῦ
700 3567 835 3652 σῶματος
858 3571 1003 3651 ταφέντος
1025 3572 1056 3634 έν
1080 3570 1222 3658 άληθείγ,
1251 3571 1303 3634 καί
1320 3566 1443 3651 άψόχου

290 3679 443 3758 μείναντος
455 3673 488 3739 τό
503 3671 674 3761 τριήμερον,
706 3670 803 3738 άπνου
823 3697 853 3738 τε
867 3674 918 3737 καλ
935 3670 1097 3754 ἀκινήτου,
1127 3672 1327 3753 ἐνειληθέντος
1345 3671 1376 3735 δέ
1392 3668 1444 3735 διά

288 3784 341 3862 τῆς
357 3777 509 3856 σινδόνος,
539 3777 753 3851 πατατεθέντος
777 3777 867 3862 έντῶ
888 3773 1033 3858 μνήματι,
1063 3775 1304 3860 συγκλεισθέντος
1320 3769 1370 3836 διά
1389 3780 1446 3838 τοῶ

288 3883 393 3960 λίθου,
423 3882 474 3944 παλ
489 3882 662 3964 σφραγίδων
677 3878 889 3944 έπιτεθέντων·
921 3874 987 3960 οόχλ
1007 3883 1061 3960 τῆς
1076 3877 1448 3960 θεότητοςσυγνλεισθεί-

289 4004 359 4066 σης,
390 3979 427 4048 οό
439 3990 491 4066 τῆς
504 3981 648 4065 θεότητος
661 3984 816 4063 ταφείσης,
846 3977 1102 4065 συγκατελθοόσης
1118 3979 1151 4043 δέ
1166 3985 1202 4068 τῇ
1218 3985 1302 4065 ψυχή
1318 3984 1354 4065 τῇ
1371 3973 1449 4066 άγίρι

289 4088 332 4162 είς
346 4084 383 4150 τά
399 4084 592 4167 ιιαταχθόνια,
615 4081 736 4166 έλοόσης
752 4085 868 4149 έιεῖθεν
881 4079 936 4165 τήν
951 4090 1009 4147 τῶν
1022 4088 1131 4164 ψυχῶν
1146 4083 1352 4164 αἰχμαλωσίαν,
1375 4086 1448 4143 κλα-

322 4325 347 4380 4.
376 4327 421 4380 τοῦ
447 4324 586 4394 πνεύματος
614 4327 659 4379 τοῦ
683 4321 754 4391 οἱχίου
778 4326 847 4376 codd.
884 4321 1020 4391 συναλοιφή
1039 4326 1102 4375 editi.

289 4410 344 4449 ποτε.
385 4397 430 4449 τοῦ
453 4397 509 4463 (τοῦ
533 4396 575 4448 τοῦ
600 4397 635 4445 αλ
662 4394 749 4457 μνίου.)
775 4387 848 4459 άχίου
915 4393 939 4445 6.
956 4395 1004 4458 τῆς
1020 4389 1144 4458 ἀληθείας
1159 4392 1294 4442 νοσῶ-σιντ.
1318 4384 1365 4454 τήν
1381 4383 1451 4456 άλή-

290 4464 429 4532 πνεύματος
445 4467 508 4515 edili,
883 4462 952 4514 θειαν
969 4463 1026 4510 editi
1042 4464 1109 4521 libri,
1126 4464 1214 4510 vitiose.

324 4534 348 4585 5.
372 4529 494 4599 σνναλεφή
519 4532 586 4582 codd.
611 4545 684 4594 πω,
711 4535 847 4581 constanter.
917 4528 939 4580 7.
959 4523 1041 4581 αι’τῶν
1059 4531 1127 4579 codd.
1144 4544 1198 4579 mss.
1218 4532 1319 4591 υλατφυι.
