3096 5070
282 236 346 304 200
711 250 1017 304 ειυςεικνινεικειιι

282 363 391 450 τριάδα
416 365 532 437 8πόθει
554 363 752 450 ἀποκείμενα,
785 370 813 434 ελ
834 366 876 451 μή
897 395 925 432 τι
944 365 981 433 ἀν
996 371 1122 452 όοροῖτυ
1142 363 1299 450 όάπαθῆς
1315 367 1347 434 τό
1365 365 1443 441 ἀπα-

283 469 340 544 θές
354 465 404 534 ῦιά
419 474 471 551 τῆς
486 466 678 551 ἀφθαροίας,
709 466 756 545 οἷς
769 469 904 552 βούλεται
919 467 994 536 κατά
1011 466 1127 554 θυρεόν
1144 473 1323 555 χαρίσασθαι
1340 467 1443 551 ἀφθό·

284 596 350 646 νιος.
384 571 449 636 Οὐκ
463 572 562 654 έχουσι
576 571 608 636 δέ
625 569 657 638 τό
673 570 833 656 ἀφθαρτον
848 575 877 650 έξ
892 569 1054 653 ἀσωμάτου
1069 571 1197 653 φόσεονς,
1220 568 1279 639 ἀλλ’
1295 575 1325 651 έξ
1339 571 1443 654 ἀφθο-

282 678 348 749 νίας
364 680 417 739 τοῦ
438 670 567 758 ἀγαθοῦ
580 676 632 740 καί
655 674 797 751 ἀπαθοῦς
818 682 903 742 θεοῦ.
949 676 1010 738 Καί
1031 672 1087 759 γάρ
1112 674 1181 741 οῦτε
1204 673 1237 740 τό
1255 684 1368 743 παθεῖν
1389 670 1446 749 τόν
1472 684 1488 711 ““’

281 783 426 861 μονογενῆ
452 778 484 843 έν
499 778 587 860 σαρκί
604 774 708 854 πόθος
727 786 922 862 περιποιεῖται
940 784 975 866 τῇ
994 774 1088 842 αάτοῦ
1110 775 1247 859 θεότητι,
1279 782 1330 844 καί
1345 783 1392 845 τοί
1408 801 1445 869 γε

283 880 313 957 ίξ
329 876 476 961 ἀληθινῆς
497 876 654 965 ὁμολογίας
674 879 883 962 πιστευόμενον
905 874 968 946 ἀπό
987 886 1039 963 τῆς
1060 874 1208 962 ἀληθινῆς
1226 885 1365 961 πίστεως,
1396 876 1445 948 ότι

282 981 434 1046 πέπονθεν
456 978 474 1046 ό
491 978 615 1064 ἀπαθής
634 981 708 1048 θεόν
733 980 775 1047 ἀν
798 980 894 1067 λόγος.
930 980 1049 1065 Ἔμεινε
1066 982 1097 1048 ῦέ
1117 985 1148 1048 έν
1162 979 1297 1072 ἀπαθείᾳ
1319 979 1445 1061 όαότός
1480 1025 1483 1030 ·

282 1080 325 1165 μή
339 1085 460 1167 τραπείς
474 1081 527 1166 τὴν
542 1083 652 1165 φῦσιν,
686 1083 757 1167 μήτε
772 1082 977 1167 ἠλλοιωμένος.
1022 1083 1078 1150 Διό
1102 1091 1193 1164 σοφία
1210 1083 1267 1163 όν,
1296 1086 1347 1151 καί
1367 1084 1444 1162 θεός

283 1183 408 1268 ἀπαθής
424 1183 483 1266 τόν,
514 1189 564 1251 καί
584 1184 671 1261 είόοίς
696 1185 742 1253 ὅτι
763 1185 814 1252 διά
830 1186 954 1263 πάθους
974 1187 1056 1265 σοίζει
1076 1184 1147 1265 τοῦς
1162 1185 1197 1253 τά
1212 1185 1299 1270 πάθη
1322 1189 1444 1270 έχοντας

283 1295 337 1355 τοῦ
358 1286 512 1368 θανότου,
544 1289 580 1354 οῦ
599 1291 731 1374 πρέσβυν
754 1287 936 1367 ἀπέστειλεν,
967 1289 1025 1356 οὐκ
1049 1285 1187 1375 ἀγγελον,
1219 1287 1287 1355 οῦεε
1313 1292 1377 1356 9έτι
1400 1287 1443 1366 οίς

283 1388 353 1466 τοός
367 1390 426 1476 πρό
442 1389 538 1456 αὐτοῦ
556 1391 728 1476 προφήτας,
760 1389 820 1457 ἀλλ’
838 1389 928 1468 αότός
941 1391 1045 1478 κῦριος
1058 1385 1152 1475 ἦλθε,
1182 1395 1232 1458 καλ
1249 1390 1282 1458 τό
1302 1390 1443 1475 παθητόν

282 1491 381 1576 λαβοίν
396 1497 428 1560 έν
443 1495 538 1582 έαυτῷ
558 1495 709 1575 ἀληθινῶς
725 1495 874 1573 πέπονθε,
896 1500 949 1577 τῆς
965 1494 1109 1578 θεότητος
1126 1495 1221 1562 αῦτοῦ
1234 1491 1378 1572 ἀπαθοῦς
1390 1520 1442 1579 με·

283 1595 403 1679 κοῦσης.
450 1593 495 1660 Οό
512 1594 568 1682 γάρ
585 1593 606 1680 ἡ
622 1598 764 1680 ένσαρκος
780 1601 931 1681 παρουσία
953 1594 1084 1680 ἤμβλυνε
1101 1596 1155 1680 τὴν
1171 1597 1301 1680 δύναμιν
1320 1605 1373 1681 τῆς
1387 1597 1442 1664 οῦ·

283 1706 338 1785 τοῦ
354 1698 505 1783 θεότητος.
550 1695 727 1786 Εάρίσκεται
741 1697 799 1785 γάρ
813 1701 845 1764 έν
859 1706 894 1788 τῇ
912 1697 1006 1766 αὐτοῦ
1022 1698 1189 1782 θεότητιτά
1205 1707 1259 1765 τοῦ
1271 1707 1347 1766 θεοῦ
1363 1703 1439 1785 ένερ-

283 1807 360 1889 γοῦν,
391 1805 443 1868 καί
466 1800 508 1886 μή
530 1798 589 1869 ἀπό
612 1799 722 1882 σαρκός
746 1797 989 1884 ἀποκλειόμενος,
1020 1800 1119 1891 ἀνέμῳ
1134 1804 1187 1884 μέν
1201 1805 1359 1887 έπιτιμῦν,
1389 1804 1442 1869 καλ

287 1905 431 1983 κλόθωνι,
460 1906 512 1970 καί
526 1903 678 1994 θαλόσσγ,
709 1903 847 1988 Λάζαρον
864 1904 897 1969 δέ
913 1902 1056 1993 αόθεντίιγ
1076 1908 1136 1993 ίόίεγ
1153 1912 1265 1984 καλοῦν,
1295 1906 1346 1971 καί
1368 1902 1440 1970 ἀλλα

247 2011 249 2015 ’
284 2011 376 2092 μυρία
397 2009 447 2072 καί
465 2009 598 2074 ἐπέκεινα
621 2009 733 2074 τοῦτον
756 2013 866 2079 ποιεῖν·
895 2005 931 2082 ῦς
950 2009 1001 2072 καλ
1017 2006 1171 2092 συνεχόρει
1191 2008 1246 2090 μίν
1262 2003 1299 2073 τά
1316 2004 1391 2073 κατά
1405 2005 1438 2073 τό

284 2107 405 2196 εῦλογου
422 2117 457 2198 τῇ
473 2113 575 2193 σαρκί,
607 2106 647 2186 οἷς
662 2112 713 2176 καί
730 2108 860 2198 διαβόλῳ
875 2108 1033 2195 πεεράζειν,
1066 2112 1116 2175 καί
1137 2108 1312 2195 ἀνθρώποις
1326 2114 1435 2191 παίειν,

285 2214 337 2280 καί
352 2220 415 2288 τοῖς
428 2210 664 2295 συλλαμβάνουσι
677 2210 710 2278 τό
725 2208 868 2291 ἀλίσκειν,
898 2214 948 2277 ίνα
963 2213 994 2281 έν
1009 2217 1051 2300 τῷ
1064 2218 1192 2300 παθητῷ
1207 2208 1226 2280 ό
1240 2206 1368 2294 ἀπαθὴς
1384 2211 1439 2279 πό-

285 2324 347 2406 θη,
376 2311 501 2397 ἀπαθής
524 2317 613 2398 μένον
634 2317 667 2380 έν
684 2322 721 2404 τῇ
743 2317 804 2403 ίῦίρι
823 2312 945 2397 θεότητι
967 2311 1024 2393 ἀν,
1055 2313 1112 2381 οὐκ
1130 2312 1279 2398 ἀλλότριος
1295 2321 1349 2383 τοῦ
1358 2311 1436 2386 ,ἀπσ-

286 2425 364 2495 θοῦς
379 2424 466 2497 θεοῦ,
481 2419 625 2494 ἑκουσίας
640 2418 672 2484 δέ
688 2423 782 2483 ποιοῦν
797 2414 832 2480 τά
846 2416 943 2482 πάντα
957 2414 1033 2482 κατά
1048 2415 1080 2482 τό
1096 2419 1260 2500 ἔκπληκτον
1274 2413 1364 2483 αῦεοῦ
1378 2440 1433 2496 μυ-

285 2519 421 2606 στήριον·
453 2516 494 2596 ός
514 2521 564 2585 καλ
582 2517 711 2605 όπαεήρ
735 2517 810 2593 θεός
826 2516 881 2584 σόν
902 2515 983 2608 αὐτῷ
1007 2527 1050 2607 τῷ
1065 2528 1219 2605 μονογενεῖ
1230 2519 1282 2584 καλ
1295 2523 1335 2606 τῷ
1349 2513 1436 2582 πνεῦ-

284 2649 352 2707 ματι
368 2622 464 2689 αὐτοῦ
479 2629 520 2711 τῷ
536 2619 625 2712 ἀγίφ,
656 2621 739 2707 τριάς
753 2613 828 2688 οῦσα
843 2620 889 2687 ἀελ
904 2623 995 2687 τέλεια
1010 2623 1062 2689 καί
1077 2620 1214 2705 ἀπαθὴς,
1246 2625 1300 2704 μία
1322 2617 1439 2702 θεόεης,

176 2731 180 2742 ’
285 2727 410 2810 περιέχει
426 2722 461 2791 τό
473 2723 586 2805 πόντοι,
608 2721 651 2801 τίς
664 2721 753 2805 θεός,
776 2728 829 2806 μία
842 2721 999 2809 κυριότης,
1021 2732 1073 2791 τοῦ
1090 2724 1185 2791 αὐτοῦ
1199 2730 1278 2790 θεοῦ
1292 2724 1439 2811 περιέχον-

284 2853 335 2905 τος
355 2824 392 2894 τό
414 2825 476 2895 όλα.

371 3485 433 3551 Καί
449 3479 485 3552 οό
502 3479 551 3551 όιά
567 3480 600 3551 τό
616 3479 758 3569 περιέχειν
770 3474 806 3547 τά
823 3473 921 3547 πάντα
936 3475 1029 3546 πάθει
1043 3471 1219 3555 ἀποπίπτει,
1248 3484 1309 3544 τῦν
1324 3475 1442 3561 έμπερε·

285 3590 431 3672 εχομένων
446 3585 506 3654 όπό
524 3587 625 3663 πόθος
640 3583 817 3651 πιπτόντων.
857 3582 961 3659 Ἐντός
976 3581 1031 3669 γάρ
1046 3582 1167 3648 πάντονν
1185 3583 1260 3660 έστί,
1292 3582 1342 3644 καλ
1358 3575 1443 3653 έκτός

284 3699 345 3757 τοῖν
362 3689 438 3757 όλοτν
461 3687 582 3757 πόντων
596 3686 685 3768 θεός,
714 3686 824 3772 ἀμιγὴς
846 3685 921 3774 πρός
938 3685 974 3752 τά
997 3685 1102 3750 πάντα.
1136 3683 1234 3748 ’Ὁθεν
1249 3681 1320 3747 οὐδὲ
1341 3679 1391 3746 θιά
1406 3677 1443 3745 τό

285 3791 361 3860 είναι
377 3791 488 3876 πόντη,
511 3790 582 3857 οῦῦέ
595 3788 646 3857 διό
660 3788 693 3856 τό
709 3788 794 3866 ίκτός
807 3785 881 3854 είναι
895 3786 1025 3866 πόντων,
1047 3786 1118 3852 οῦθί
1134 3785 1183 3852 όιά
1199 3785 1232 3852 τό
1252 3784 1392 3869 περιέχειν
1405 3778 1443 3846 τό

163 3923 216 3972 μς.
228 3913 275 3960 u.
290 3895 403 3974 πάντα,
432 3896 504 3962 οῦόέ
521 3895 571 3962 ῦιά
588 3892 621 3961 τό
639 3895 670 3958 έν
686 3889 767 3981 αὐτῷ
780 3889 817 3957 τό
836 3888 935 3957 πόνεα
951 3898 1117 3969 κινεῖσθαι,
1148 3887 1253 3964 πάθος
1270 3889 1385 3962 είςοίσει
1401 3889 1444 3972 τῷ

286 3995 403 4063 ἀπαθεῖ
415 4002 488 4087 θεῷ.
520 3997 636 4080 Ὦςπερ
654 3992 724 4062 οῦόέ
741 3994 790 4060 διό
808 3992 841 4060 τό
858 3994 1062 4080 γεγεννηκέναι
1078 3990 1130 4057 τόν
1145 3996 1302 4077 μονογενῆ,
1328 3984 1446 4051 10οίνόέ

285 4099 339 4167 τόν
352 4107 497 4187 μονογενῆ
514 4106 739 4186 11γεγενῆσθαι,
762 4095 833 4162 οόὸέ
847 4093 898 4160 θιά
913 4092 945 4161 τό
961 4094 1047 4180 ἀγιον
1063 4092 1156 4159 αὐτοῦ
1172 4100 1288 4173 πνεῦμα
1303 4091 1332 4166 ἐξ
1349 4087 1445 4153 αὐτοῦ

287 4199 487 4283 ἀπεστάλθαι,
518 4200 622 4278 πόθος
645 4203 758 4278 εῆοίοει
778 4206 814 4288 τῇ
837 4194 907 4284 ἀγίγ
931 4195 1037 4280 τρτάθι.
1084 4195 1159 4262 Οῦιε
1176 4193 1231 4281 γάρ
1251 4188 1390 4274 παθητόν
1408 4187 1443 4256 τό

321 4375 345 4430 8.
361 4375 433 4444 πάθη
451 4378 519 4426 οοσελ
536 4390 591 4426 ουτ.
609 4380 630 4426 ιε
647 4376 683 4425 ed.
700 4375 777 4438 princ.
919 4368 957 4420 10.
976 4371 1129 4421 scribendum
1147 4363 1206 4423 οῦδὲ
1222 4363 1265 4420 διὰ
1281 4363 1309 4418 τί
1329 4383 1382 4431 μοι.

320 4443 345 4496 9.
372 4443 410 4498 ἔτι
432 4446 501 4495 com
517 4457 589 4505 τετε,
613 4440 759 4508 etamplius
782 4441 850 4490 υττείί
919 4436 1136 4504 11.γεγεινῆοθαι
1147 4439 1183 4487 αλ.
1195 4438 1276 4488 Ρτλου.
1287 4436 1365 4484 Coum.
1373 4439 1446 4498 repet.

288 4515 529 4576 eorumquoque.
562 4511 626 4561 mu
642 4511 726 4562 λαοαιλ
742 4506 802 4561 ἔστι.
