3096 5070
383 257 521 311 niutau
538 257 602 310 cm.
614 259 659 310 ιιι.
672 258 758 310 noos.
775 261 806 309 n.
824 258 941 310 oxeos.
958 259 1022 311 cm.
1042 259 1185 312 cunnos.
1297 249 1355 314 sot

205 400 308 464 equam
325 386 469 444 stutirem
488 389 614 464 quintuor
637 399 705 442 esse
729 378 819 463 pn'ma
846 378 920 442 dixit
941 377 1102 456 elementa,
1133 391 1220 463 etque
1236 379 1361 445 iuimici-

203 482 271 546 tiam
294 483 448 546 elementis
474 481 609 551 omnibns
635 480 775 565 priorem.
821 477 973 565 Siquidem
997 479 1080 543 initio
1102 492 1237 566 separatu
1262 503 1297 545 uc
1317 484 1360 546 di-

202 595 311 648 strectu
330 597 432 664 erant,
458 584 569 668 inquit,
600 583 714 662 omnia,
748 584 873 646 nuncio
893 605 981 647 unum
1000 582 1257 662 coniunctasunt,
1289 606 1360 648 ccu-

201 687 297 750 ciliata
314 687 439 751 invicem
457 696 486 747 et
503 685 597 749 amica
627 685 751 748 reddita.
798 682 947 767 Quocirca
966 686 1023 749 duo
1039 695 1108 748 suut
1125 685 1203 749 illius
1220 686 1359 772 opinione

200 789 360 876 principia,
385 791 488 873 visque
502 788 627 872 duplex,
662 787 811 850 inimicitia
829 798 859 850 et
875 787 1020 867 amicitia;
1054 809 1173 872 quarum
1195 789 1251 851 ista
1270 810 1360 875 copu-

201 892 298 971 landi,
323 892 371 954 illu
395 890 552 978 separandi
576 900 720 972 potestate
743 891 885 974 praedito.

286 992 471 1071 Heraclitus,
509 989 647 1055 blesouis
681 991 773 1071 lilius,
814 989 963 1076 Ephesius
993 991 1054 1076 igni
1085 992 1227 1077 originem
1260 1014 1357 1058 rerum

200 1095 328 1159 omnium
353 1094 555 1171 adscribebat,
579 1094 608 1156 in
632 1095 814 1179 etnirdemque
837 1094 946 1157 resolvi
969 1094 1090 1178 putabet
1111 1096 1221 1158 omnia.

285 1194 427 1260 Prodicus
447 1196 562 1280 quidam
589 1197 734 1260 elementa
759 1193 802 1259 lV
826 1197 898 1260 deos
921 1196 1093 1280 appellavit,
1129 1195 1197 1260 inde
1214 1197 1307 1261 solem
1330 1210 1360 1262 et

200 1301 310 1364 lunam.
356 1298 404 1362 Ab
426 1298 462 1361 iis
483 1299 560 1361 euim
583 1299 703 1362 vitalem
726 1297 755 1360 iu
779 1297 876 1362 omnio
900 1298 958 1361 vim
983 1298 1114 1366 diffundi.

285 1399 369 1464 Plato
386 1400 579 1464 Atheniensis
600 1402 685 1464 deum
711 1411 741 1463 et
767 1401 916 1464 materiam
941 1403 1118 1463 aetermam
1144 1401 1355 1488 constituebat.

199 1502 341 1568 Mundum
362 1503 454 1588 ipsum
478 1514 507 1567 et
523 1505 693 1588 productum
709 1513 740 1567 et
754 1504 934 1588 corruptioni
954 1504 1131 1584 obnoxium3
1162 1505 1288 1569 unimam
1306 1526 1357 1569 ue-

199 1607 460 1692 queproductem,
492 1617 519 1669 et
537 1606 749 1683 immortalem,
780 1606 912 1689 adeoque
934 1606 1062 1670 divinam
1083 1605 1240 1688 credebat3
1274 1608 1357 1672 cuius

198 1709 340 1794 triplicem
358 1727 426 1772 esse
443 1718 572 1792 partem,
597 1707 711 1771 ratiouc
730 1708 842 1771 scilicet
858 1708 1034 1791 praeditam,
1059 1710 1254 1787 irascentem,
1287 1731 1357 1772 eou-

198 1811 409 1897 oupiscentem.
453 1808 582 1893 Nuptias
599 1821 629 1873 et
643 1830 756 1873 uxores
772 1808 951 1893 promiscuas
969 1831 1036 1874 esse
1055 1811 1202 1889 omuibus,
1228 1832 1263 1875 ac
1278 1833 1357 1874 ccm-

199 1935 303 1978 muucs
322 1913 456 1991 volebat,
485 1932 571 1975 nemo
591 1922 622 1974 ut
638 1910 773 1995 priuatim
790 1911 944 1996 coniugem
962 1933 1043 1976 sunm
1062 1914 1201 1994 heberet,
1226 1916 1278 1988 sed
1293 1915 1357 1999 qui·

198 2015 269 2079 libet
291 2038 356 2079 cum
379 2014 546 2077 volentibus
568 2013 809 2077 cousuetudinem
835 2013 965 2078 haberet.

283 2117 451 2202 Aristippus
477 2113 652 2202 Cyrenaeus
677 2116 772 2179 ventri
801 2116 968 2200 gutturique
1002 2116 1116 2180 deditus
1147 2138 1180 2180 ec
1203 2119 1357 2203 uoluptua-

198 2219 260 2284 rius
283 2221 369 2283 linem
388 2220 501 2282 animae
520 2218 597 2282 dixit
616 2239 683 2282 esse
705 2218 900 2304 voluptatem3
931 2240 987 2302 qua
1006 2219 1054 2301 qui
1081 2219 1204 2297 lruitur,
1239 2220 1354 2300 beatus,

198 2322 246 2408 qui
269 2323 388 2385 omnino
411 2332 512 2399 caret,
537 2320 756 2384 infelicissimus
778 2322 817 2383 sit
834 2342 868 2383 ac
884 2320 1077 2384 miserrimus.
1124 2318 1169 2384 lts
1185 2322 1272 2406 vulgo
1295 2345 1356 2387 me-

198 2436 324 2490 morant.

282 2527 460 2591 'l'heodurus
484 2536 680 2611 cognomento
700 2523 814 2589 Atheus
840 2545 914 2608 quae
936 2524 1047 2588 dedeo
1071 2525 1241 2588 dicerentur
1262 2548 1356 2611 nugas

198 2649 266 2694 ecce
284 2652 381 2695 meras
400 2629 558 2693 arbitratus
576 2639 637 2708 est,
661 2629 765 2712 quippe
784 2627 869 2691 deum
889 2648 955 2690 esse
973 2627 1094 2690 nullum.
1141 2624 1188 2691 Ob
1205 2628 1233 2691 id
1251 2631 1353 2710 lururi,

198 2732 349 2818 peierare,
373 2752 478 2816 rapere
496 2731 636 2795 suadebat
654 2729 805 2809 omuibus,
838 2750 933 2814 neque
952 2752 1003 2816 pro
1020 2729 1112 2814 patrio
1128 2740 1251 2794 mortem
1267 2753 1355 2816 oppe-

198 2843 280 2911 tcrc3
306 2833 420 2897 unicam
437 2833 515 2896 euim
531 2834 651 2917 petriam
668 2853 736 2896 esse
752 2833 907 2910 mundum,
942 2853 1066 2916 eumque
1086 2834 1285 2896 tantummodo
1303 2835 1355 2898 bo-

198 2955 265 2997 num
286 2955 353 2997 esse
368 2936 416 3019 qui
436 2937 474 2998 sit
490 2934 611 3014 beatus3
647 2934 778 3019 quisquis
802 2944 898 2997 autem
922 2934 1026 2998 infelix
1043 2944 1140 3013 esset,
1173 2938 1288 3000 tametsi
1307 2958 1356 3001 sa-

197 3036 282 3121 piens
298 3038 389 3117 loret,
424 3059 492 3102 esse
511 3039 691 3123 fugiendum.
739 3035 875 3122 Denique
901 3037 948 3100 vel
971 3037 1158 3124 insipientem
1178 3048 1267 3121 atque
1284 3062 1355 3104 eon·

197 3149 338 3202 tumacem
363 3141 481 3203 divitem
504 3140 705 3204 asciscendum
729 3160 809 3203 csse.
1183 3134 1186 3138 '

282 3239 427 3325 Hegesias
453 3239 629 3329 Cyrenaeus
655 3242 810 3306 amicitiam
843 3264 877 3305 ac
907 3243 1030 3326 gretiam
1057 3243 1186 3308 funditus
1215 3245 1352 3323 tollebot3

197 3364 251 3408 uec
272 3343 345 3406 ullas
368 3365 434 3407 esse
459 3344 586 3408 dicebat.
632 3344 709 3409 Nam
733 3355 783 3408 aut
808 3355 943 3429 egentem
970 3344 1091 3408 alterius
1115 3367 1204 3429 opera
1228 3345 1303 3408 inire
1319 3346 1354 3408 ub

196 3467 233 3510 eo
250 3446 393 3530 gratiam3
418 3457 468 3507 aut
482 3445 593 3509 maiore
610 3447 744 3510 allectum
762 3447 905 3509 beneficio
922 3447 1051 3509 vicissim
1070 3449 1245 3533 rependere.
1291 3446 1354 3510 tto-

195 3548 266 3610 miui
289 3548 364 3610 malo
391 3547 480 3609 vitam
506 3547 668 3632 expedire3
699 3548 822 3633 sepienti
850 3560 972 3612 mortem
995 3550 1104 3614 aiebat.
1151 3548 1235 3615 Unde
1258 3550 1354 3635 aple-

194 3649 294 3733 risque
317 3644 542 3723 πεισιθάνατος,
565 3650 592 3712 id
617 3661 662 3711 est
685 3651 788 3712 mortis
811 3671 917 3713 suasor
939 3651 1101 3736 appellatus
1126 3663 1183 3716 est.

279 3752 473 3816 Antisthenes
491 3772 507 3814 e
522 3749 650 3814 'l'hraeia
669 3760 761 3813 matre
778 3751 904 3816 Athenis
922 3764 1008 3816 nctus
1026 3755 1147 3839 primurn
1164 3752 1350 3833 Socraticus,

194 3854 298 3918 deiude
315 3851 448 3940 Cynicus
472 3854 583 3916 extitit.
629 3850 687 3914 llic
704 3852 826 3915 alionum
846 3855 959 3918 scelera
985 3876 1018 3920 ac
1036 3856 1230 3941 turpitudines
1253 3878 1353 3921 semu·

191 3957 245 4021 leri
264 3957 409 4021 nemiuem
426 3966 564 4042 oportere
584 3955 696 4017 docuit.
741 3951 863 4018 Urbium
884 3957 998 4019 moenia
1018 3960 1161 4021 aduersus
1181 3959 1351 4022 intestinum

193 4060 371 4144 proditorem
393 4057 557 4136 imbecilla,
590 4057 706 4121 animae
723 4076 797 4120 vero
819 4057 900 4120 firma
924 4071 954 4121 et
973 4060 1148 4125 inconcussa
1171 4061 1285 4126 moenia
1308 4061 1351 4124 di·

192 4162 288 4225 cebet.

224 4359 251 4414 9.
269 4361 352 4430 ἕτερον
364 4382 411 4416 non
427 4368 496 4416 habet
507 4367 558 4418 cod.
574 4365 671 4428 uncum
695 4367 753 4416 For·
787 4369 840 4415 tulit
855 4365 914 4415 Nou
935 4365 1068 4416 convenire
1078 4367 1196 4419 semnlsri
1211 4368 1277 4420 mule
1290 4367 1353 4420 elio·

190 4435 252 4481 tasse
274 4436 422 4483 scribendum
444 4432 553 4497 tracon,
577 4435 640 4496 meod
664 4437 755 4484 Cerna-
789 4451 844 4484 mm
861 4443 904 4482 snt
921 4434 1013 4485 nlienss
1031 4434 1205 4502 turpitudines.

188 4502 240 4551 ctus
246 4514 335 4568 guoque
350 4504 463 4552 consume
476 4503 577 4568 videtin,
591 4507 616 4551 nt
629 4504 670 4566 put
680 4507 759 4553 nnus·
