3096 5070
300 254 362 318 ⁵42
731 268 854 320 ειιιιτι
871 268 1043 320 εειιιτιιιιι

301 385 533 462 Λουκιανισταλ,
562 388 760 469 Σευηριανοί,
797 389 943 451 Τατιανοί.
987 383 1073 467 Αὕτη
1097 381 1117 467 τί
1135 383 1390 468 ἀνακεφαλαίωσις
1405 395 1462 457 τοῦ

300 485 420 567 πρώτου
444 489 560 568 βιβλίου
580 493 640 552 τῶν
661 493 753 571 τριῶν
774 485 883 569 νόμων.
931 493 992 553 Τοῦ
1014 488 1046 552 δέ
1072 489 1209 573 δευτέρου
1234 494 1350 572 βιβλίου
1372 491 1461 575 τόμοι

299 588 363 654 δύο.
408 591 470 652 Καί
490 589 523 654 έν
545 587 653 677 μλντῳ
670 587 778 677 προίτῳ
798 597 851 654 τοῦ
870 591 1007 672 δευτέρου
1033 594 1164 672 βιβλίου,
1194 591 1321 680 τετάρτῳ
1343 594 1376 659 δέ
1392 593 1458 662 ἀντι

299 690 374 757 κατά
390 689 444 774 τήν
462 694 500 739 ¹⁰
510 687 560 754 ἀπ’
578 688 670 776 ἀρχῆς
691 698 744 756 τοῦ
766 687 900 776 ἀριθμοῦ
922 688 1122 772 ἀκολουθίαν,
1145 694 1270 777 αἱρέσεις
1288 694 1326 777 ιη’
1346 696 1460 784 οὕτως,

295 794 498 880 Ἐηκρατῑται,
520 790 595 858 κατά
615 791 754 878 Φρύγας,
784 796 815 859 οί
829 795 879 858 καλ
899 796 1106 859 Μοντανισταλ
1123 797 1174 861 καὶ
1193 801 1457 885 Τασκοδρουμίται,

187 939 188 943 ,
302 898 516 974 Πεπουζιανολ,
537 898 587 960 καλ
608 902 644 941 ²²
656 897 856 974 Κυντιλιανοὶ,
879 893 926 972 οίς
941 895 1140 962 συνάπτονται
1150 898 1360 983 Ἀρτοτυρῖται,
1387 909 1459 968 Τεσ-

300 1002 603 1083 σαρεςκαιδεκατῖται,
636 1001 668 1063 οί
687 995 719 1063 τδ
747 994 852 1081 Πάσηα
875 1002 944 1079 μίαν
965 995 1078 1083 ἡμέραν
1102 1007 1156 1066 τοῦ
1182 1004 1267 1078 έτους
1289 1011 1457 1083 ποιοῦντες,

291 1100 426 1187 Ἅλογοι,
449 1104 480 1166 οί
495 1099 526 1166 τδ
544 1097 711 1186 εὐαγγέλιον
729 1101 779 1165 καί
794 1100 848 1182 τήν
864 1097 1069 1182 Ἀποκάλυψιν
1082 1099 1221 1169 Ἰωάννου
1234 1104 1275 1187 μὴ
1290 1105 1457 1188 δεχόμενοι·

297 1202 487 1285 Ἅδαμιανοὶ,
510 1210 683 1284 Σαμψαῖοι,
706 1199 930 1282 ’ὓἙλκεσαῑοη
955 1207 1161 1284 Θεοδοτιανολ,
1184 1211 1457 1289 Μελχισεδεκιανολ,

300 1307 562 1391 Βαρδησιανισταλ,
585 1306 767 1388 Νοητιανοὶ,
793 1304 972 1386 Οάαλήσιοι,
996 1309 1152 1388 Καθαροί,
1173 1305 1347 1394 Ἀγηελικολ,
1365 1309 1458 1377 Ἀπο-

298 1411 442 1486 στολικοὶ,
471 1410 503 1473 οί
514 1409 564 1471 καλ
578 1405 798 1487 Ἀποτακτῖται,
829 1410 1036 1490 Σαβελλιανοί,
1068 1406 1238 1494 Ὠριγένειοι
1257 1414 1457 1496 αίσχροποιολ,

298 1494 469 1596 ’ίδριγὲνειοι
483 1513 514 1574 οί
528 1518 583 1576 τοῦ
601 1507 834 1593 ΜἈδάμαντος.
874 1509 927 1574 Ἐν
944 1510 976 1574 δέ
991 1517 1033 1598 τῳ
1047 1513 1172 1599 δευτέρῳ
1189 1510 1270 1602 νόμῳ
1288 1520 1343 1578 τοῦ
1360 1511 1457 1580 αάτοῦ

299 1614 436 1697 δευτέρου
451 1616 578 1695 βιβλίου,
600 1614 723 1700 πέμπτῳ
739 1613 770 1677 δέ
785 1612 848 1678 ὄντι
863 1611 936 1677 κατά
948 1611 1001 1677 τδν
1015 1612 1146 1696 ἀριθμόν
1159 1613 1213 1679 τδν
1226 1618 1456 1700 προειρημένον,

172 1748 225 1799 μς.
239 1733 284 1780 lu.
299 1716 424 1800 αίρέσεις
437 1713 458 1778 ε’
473 1713 582 1791 οὕτως·
607 1714 731 1780 Παύλου
748 1721 801 1780 τοῦ
817 1717 1023 1797 Σαμοσατέως,
1040 1723 1212 1798 Μανιχαῑοι,
1235 1720 1267 1782 οί
1282 1719 1334 1783 καλ
1348 1717 1456 1784 Ἀκου·

299 1827 412 1894 ανίται,
440 1814 610 1902 Ἰεραιιῑται,
640 1818 837 1899 Μελητιανολ,
866 1820 897 1882 οί
918 1820 948 1882 έν
971 1825 1007 1906 τῇ
1031 1817 1175 1906 Αἰγύπτῳ
1199 1818 1395 1902 πεποιηκότες
1421 1820 1455 1887 τδ

300 1925 422 2004 σχίσμα,
447 1919 605 2004 ’Λρειανοί
648 1917 734 2000 Αὕτη
758 1917 778 2001 ἦ
800 1925 856 1984 τοῦ
879 1923 1016 2003 δευτέρου
1038 1926 1155 2004 βιβλίον
1178 1927 1237 1986 τιδν
1260 1920 1360 2005 τόμων
1383 1922 1454 1989 ἀνα·

300 2027 503 2104 κεφαλαίωσις.
545 2019 671 2104 Ὁμοίως
683 2024 734 2086 καλ
747 2023 779 2086 έν
792 2028 833 2108 τῷ
848 2025 934 2108 τρίτῳ
950 2025 1053 2109 βιβλίῳ
1069 2025 1123 2088 είολ
1139 2022 1225 2106 τόμοι
1241 2021 1312 2090 διίσὲ
1345 2024 1399 2090 Ἐν
1412 2032 1454 2114 τρῖ

299 2125 353 2209 μέν
367 2124 474 2212 πραίτῳ
489 2123 570 2214 τόμῳ
584 2131 637 2190 τοῦ
652 2128 750 2210 τρίτου
768 2128 902 2207 βιβλίου,
932 2125 1006 2211 ἕκτῳ
1022 2125 1054 2189 δέ
1071 2123 1134 2191 ίίντι
1146 2124 1223 2190 κατά
1239 2124 1293 2192 τδν
1310 2124 1450 2212 ἀριθμδν,

299 2227 336 2295 δν
349 2232 541 2311 προείπομεν,
563 2227 687 2313 αίρέσεις
704 2225 727 2306 ξ
743 2224 851 2301 οὕτως·
882 2226 1047 2305 Αὐδιανολ,
1081 2231 1332 2309 30(ίλωτεινιανολ,
1361 2235 1447 2310 Μαρ-

298 2332 458 2409 κελλιανολ,
487 2327 663 2414 Ἡμιάρειοι,
697 2326 961 2411 Πνευματομάχοι,
993 2332 1025 2393 οί
1046 2326 1078 2394 τδ
1102 2337 1220 2413 πνεῦμα
1242 2339 1295 2398 τοῦ
1318 2336 1390 2395 θεοῦ
1410 2324 1443 2392 τδ

299 2429 386 2519 ἀγιον
402 2438 656 2516 βλασφημοῦντες·
675 2421 834 2518 Ἀεριανοὶ,
855 2428 969 2510 Ἀέτιοι,
992 2434 1023 2496 οί
1033 2434 1083 2496 καί
1096 2432 1255 2516 Ἀνόμοιοι
1292 2432 1343 2495 Ἐν
1359 2430 1390 2494 δέ
1403 2435 1443 2517 τῷ

299 2536 426 2623 δευτέρῳ
439 2535 520 2623 νόμῳ
535 2541 588 2600 τοῦ
604 2531 696 2599 αὐτοῦ
710 2538 810 2619 τρίτου
825 2536 951 2616 βιβλίου,
973 2533 1093 2622 έβδόμῳ
1109 2535 1141 2599 δὲ
1159 2532 1221 2600 ἀντι
1233 2530 1303 2599 καθ’
1316 2531 1353 2615 ἣν
1366 2535 1447 2597 είπο·

297 2663 350 2721 μεν
366 2641 522 2722 διαίρεσιν,
545 2637 669 2721 αίρέσεις
684 2637 821 2720 τέσσαρες
836 2634 945 2711 οὕτως·
969 2645 1150 2720 Διμοιραῖοι,
1174 2639 1204 2703 οἱ
1217 2634 1256 2720 μὴ
1270 2639 1380 2700 τελείαν
1394 2631 1450 2716 τὴν

298 2746 352 2806 τοῦ
375 2746 506 2825 Χριστοῦ
529 2738 757 2823 ένανθροίπησιν
779 2734 1004 2823 ὁμολογοῦντες,
1035 2742 1066 2804 οί
1089 2741 1139 2804 καλ
1156 2738 1392 2823 Ἀπολιναρῖται,
1422 2739 1454 2802 οί

299 2845 350 2909 καί
365 2841 419 2926 την
437 2839 524 2926 ἀμίαν
539 2845 665 2925 Μαρίαν
685 2838 740 2922 τὴν
761 2839 960 2925 ἀειπάρθενον
982 2842 1113 2925 λέγοντες
1132 2840 1204 2925 μετά
1220 2839 1255 2907 τδ
1271 2838 1322 2907 τδν
1336 2847 1453 2926 σωτῆρα

299 2946 501 3032 γεγεννηκέναι
519 2949 561 3031 τῷ
578 2940 692 3025 Ἰωσὴφ
708 2950 881 3024 συνῆφθαι,
909 2941 963 3019 οὓς
983 2945 1157 3026 ἐκαλέσαμεν
1169 2942 1454 3029 Ἀντιδικομαριανί·

299 3074 365 3124 τας·
398 3049 500 3112 καλοί
522 3048 564 3120 είς
588 3042 682 3128 δνομα
704 3052 757 3127 τῆς
781 3040 872 3127 αὐτῆς
895 3050 1019 3130 Μαρίας
1035 3049 1207 3131 κολλυρίδας
1226 3048 1453 3132 προςφέροντες,

299 3153 406 3225 οἵτινες
420 3156 577 3213 καλοῦνται
596 3149 835 3233 Κολλυριδιανοί,
857 3150 1082 3230 Μασσαλιανολ,
1104 3144 1188 3231 καλή
1204 3149 1273 3232 περλ
1288 3155 1342 3231 τῆς
1356 3145 1453 3232 ὀρθῆς

299 3255 425 3327 πίστεως
440 3252 489 3316 καὶ
505 3249 648 3332 ἀληθείας
662 3246 805 3334 ἀπολογία
820 3247 878 3332 μετ’
895 3251 1046 3332 ἐπιτομῆς,
1068 3248 1133 3333 ἥτις
1148 3246 1259 3332 έστλμὴ
1274 3246 1344 3335 ἀμία
1357 3257 1451 3315 καθο-

299 3351 367 3437 λικὴ
388 3355 439 3418 καί
460 3350 640 3434 ἀποστολικοὶ
662 3355 808 3434 ἐκκλησία

387 3453 472 3537 Αὕτη
485 3451 505 3537 ἡ
518 3453 772 3536 ἀνακεφαλαίωσις
785 3455 836 3520 καλ
850 3452 1001 3539 έπιγραφὴ
1012 3462 1064 3537 τῆς
1075 3453 1173 3538 πάσης
1187 3450 1261 3519 κατά
1274 3460 1332 3518 τοῖν
1347 3449 1453 3538 ἀγδοή-

299 3585 390 3626 κοντα
407 3560 547 3643 αίρίσεων
564 3562 762 3642 πραγματείας
788 3559 838 3620 καλ
863 3563 933 3639 μιᾶς
955 3564 1008 3638 τῆς
1032 3554 1105 3642 δπλρ
1128 3558 1269 3641 ἀληθείας
1284 3553 1452 3640 ἀπολογίας,

300 3662 431 3727 τουτέστι
458 3667 510 3742 τῆς
530 3658 623 3742 μόνης
645 3666 809 3742 καθολικῆς
827 3661 992 3740 ἐκκλησίας,
1020 3662 1052 3726 έν
1068 3664 1143 3744 τρισὶ
1164 3663 1217 3745 μὲν
1237 3665 1363 3746 βιβλίοις
1377 3654 1453 3722 τίπο-

299 3764 417 3844 κειμένη
435 3763 685 3848 συντεταγμένως,
707 3761 781 3826 έπτά
800 3762 832 3826 δέ
847 3759 948 3844 τόμοις
970 3766 1161 3846 διαιρεθεῖσα.
1208 3761 1406 3846 Ποιησόμεθα
1421 3760 1455 3824 δέ

299 3863 390 3932 πάλιν
409 3863 663 3945 ἀνακεφαλαίωσιν
683 3865 784 3951 έτέραν
807 3870 861 3929 τοῦ
886 3863 1006 3949 πρώτου
1024 3863 1117 3947 τόμον
1132 3873 1186 3931 τοῦ
1200 3864 1319 3951 προίτου
1335 3865 1455 3945 βιβλίου

299 3974 353 4033 τοῦ
371 3966 444 4032 κατά
466 3973 526 4032 τοῖν
544 3970 653 4032 είκοσιν
674 3969 814 4050 αἱρέσεων
835 3963 1140 4050 ’ῑδιαλαμβάνοντος
1187 3974 1312 4053 Πρῶτον
1327 3964 1380 4045 μέν
1395 3961 1453 4050 γάρ

299 4073 334 4134 αί
354 4076 413 4135 τῶν
434 4071 573 4154 αἱρέσεων
594 4075 698 4134 πασῶν
722 4070 845 4153 μητέρες
868 4071 920 4135 καλ
944 4069 1131 4153 πρωτότυποι
1157 4070 1326 4153 ὀνομασίαι,
1356 4068 1387 4145 έξ
1411 4059 1455 4133 οἷν

299 4167 383 4237 ἀλλαι
405 4174 533 4253 ἔφυσαν,
556 4164 644 4236 αὗταί
665 4174 728 4236 είσι.

385 4272 607 4359 Βαρβαρισμδς,
628 4272 694 4357 ἥτις
710 4272 782 4340 καθ’
800 4272 908 4356 ἑαυτήν
922 4275 983 4340 έστι
999 4278 1178 4361 διαρκέσασα
1194 4271 1247 4355 ἀφ’
1264 4269 1381 4359 ἡμερῶν
1397 4279 1456 4338 τοῦ

332 4445 373 4498 26.
397 4450 470 4510 λἀλμο
486 4441 611 4528 ἀπαρχήν.
734 4414 737 4422 ’
927 4449 968 4500 28.
988 4452 1062 4514 λἰιλρο
1079 4452 1229 4512 κερκισαῖοι

332 4514 373 4567 27.
390 4516 497 4567 mese
511 4513 699 4569 Κυιντιλλιανολ.
926 4515 966 4568 ¹29.
983 4520 1075 4581 Ηιροιιι
1090 4511 1266 4584 ’λδαμαντίοα
