3096 5070
425 329 561 384 rxreanu
578 330 640 382 urs.
659 331 701 381 ru.
719 329 799 382 rom.
816 331 850 381 rr.
868 328 967 380 uana.
983 328 1110 379 xxm.
1288 317 1350 382 453

194 462 241 516 ter
256 451 410 515 admodum
432 471 471 515 ex
487 448 610 514 canonis
627 447 808 535 praescripto
824 459 869 513 est
885 470 919 512 ac
935 448 1037 531 regula
1052 448 1229 511 consultum.
1274 446 1349 512 Pru·
1379 482 1399 527 1.
1414 479 1467 526 car.

194 565 293 640 pterea
310 575 346 618 ne
365 558 445 636 loqui
456 558 564 636 quedem
582 558 611 614 r'u
628 555 746 614 ecclesia
761 555 891 625 mulsbn',
923 561 973 613 aut
995 549 1025 612 in
1049 550 1129 612 viros
1148 549 1351 614 anctoritatem
1397 533 1429 588 ¹⁴⁹
1440 533 1472 579 Ἀ

193 657 302 722 babere
319 677 423 721 sacrae
439 656 542 719 literae
560 653 743 740 permittunt.
790 650 849 717 Sed
866 653 902 716 de
915 653 970 716 bac
988 663 1047 715 tota
1065 671 1098 714 rc
1113 652 1195 737 plora
1209 653 1351 738 disputari

192 770 327 847 possunt.

277 859 353 926 lllud
376 880 449 925 vero
476 859 631 943 diligenter
654 857 870 921 observandum
897 868 960 935 est,
1000 856 1094 920 sulum
1117 856 1350 921 diaconissarum
1370 858 1488 930 captu.

192 965 316 1029 officium
343 963 379 1026 ad
404 961 635 1027 ecclesiasticum
660 958 792 1024 ordinem
820 960 1020 1023 necessarium
1046 961 1157 1039 luisse,
1192 982 1226 1023 ac
1249 961 1352 1024 viduas

193 1066 309 1149 quidem
326 1064 495 1128 nominatim
511 1083 683 1148 expressas,
708 1074 739 1126 et
754 1062 831 1126 iuter
846 1061 923 1140 illas,
948 1082 1021 1146 quae
1040 1083 1114 1126 arnus
1133 1071 1245 1140 essent,
1270 1082 1352 1148 pres-

193 1167 309 1252 bytidas
323 1177 455 1244 vocatas,
474 1187 620 1248 nunquam
635 1164 854 1251 presbyteridas
869 1174 920 1227 aut
935 1165 1148 1229 sacerdotissae
1162 1184 1228 1228 esse
1243 1166 1349 1228 lactas.

193 1265 270 1332 Nam
287 1289 381 1352 neque
396 1267 526 1332 diaconis
539 1267 654 1351 quidem
672 1267 743 1353 ipsis
759 1267 847 1331 ullum
867 1266 896 1328 in
914 1267 1117 1330 ecclesiastico
1135 1267 1238 1330 ordine
1251 1287 1352 1331 sacru·

194 1381 321 1433 mentum
339 1371 479 1456 perdidero
494 1370 682 1449 conceditur,
707 1370 758 1433 sed
776 1369 830 1432 hoc
846 1370 999 1447 dundaxat,
1026 1380 1057 1432 ut
1073 1390 1176 1434 eorum
1192 1390 1266 1454 quae
1284 1390 1351 1455 per·
1432 1451 1434 1455 Ι

193 1473 329 1536 ficiuntur
356 1472 480 1536 ministri
505 1472 576 1536 sint.
622 1469 774 1536 Uudenam
795 1471 884 1556 igitur
907 1492 1013 1535 recens
1029 1470 1079 1535 illa
1102 1471 1186 1535 nobis
1204 1483 1250 1535 est
1268 1472 1351 1535 exci-

193 1585 252 1639 tata
269 1575 385 1638 fabula?
426 1573 512 1640 Unde
526 1574 574 1638 hic
591 1575 744 1638 mulierum
762 1576 873 1652 iustus,
897 1575 945 1641 ved
963 1572 1114 1637 muliebris
1135 1574 1230 1659 potius
1248 1577 1351 1638 lurorl

192 1674 276 1744 Unde
301 1698 372 1740 seru
395 1677 523 1761 nequitia
540 1677 606 1755 illa,
638 1697 725 1760 qnam
748 1675 843 1739 denno
862 1676 969 1739 mulier
985 1676 1037 1740 alit
1055 1697 1089 1739 ac
1107 1679 1204 1754 luvet,
1238 1678 1350 1741 eldemi-

193 1790 290 1844 notum
316 1776 392 1844 isthd
417 1780 521 1863 dogma
546 1778 651 1842 animis
677 1777 825 1843 bominum
849 1777 1012 1855 instillans,
1045 1800 1079 1842 ac
1097 1779 1245 1843 libidinem
1266 1801 1349 1843 suam

193 1903 365 1966 exequens,
397 1881 506 1944 infelici
526 1881 645 1965 generis
663 1880 780 1944 hnmani
799 1891 920 1943 naturae
941 1880 998 1942 rim
1016 1881 1125 1944 interne
1145 1892 1285 1960 conatur,
1318 1892 1350 1945 ut

192 1983 380 2070 aprupositu
399 2003 489 2066 scopo
508 1982 670 2046 desciscut'.l
715 1980 854 2071 Sed'nus
873 1980 936 2045 lobi
963 1983 1084 2066 spiritns
1100 1983 1167 2046 illos
1186 1984 1284 2046 animo
1301 2005 1350 2047 ca·

192 2087 323 2174 piamus,
354 2097 385 2150 et
407 2086 534 2148 athletae
552 2085 703 2149 tortissimi
718 2085 826 2149 robore
842 2085 923 2149 velut
940 2085 1031 2148 armis
1048 2085 1219 2162 induamur,
1250 2107 1285 2148 ac
1301 2106 1349 2149 re-

191 2210 302 2274 sponso
323 2188 400 2252 illius
425 2199 557 2267 utamur,
592 2192 732 2270 Terpnum
755 2209 811 2249 cac
835 2211 851 2249 e
872 2190 983 2249 sualmis
1005 2189 1169 2249 mulcendae
1191 2191 1285 2249 locuta
1302 2211 1343 2250 es.
1359 2217 1407 2262 10„
1420 2216 1442 2275 ι,
1456 2218 1488 2264 10,

191 2289 310 2355 Etenim
334 2311 431 2354 nonne
456 2290 597 2355 furiosum
623 2290 691 2353 illud
716 2310 750 2352 ac
771 2291 928 2353 vecordiae
944 2289 1059 2375 plenum
1078 2289 1184 2372 dogma
1202 2290 1351 2354 videbitur

190 2393 227 2458 iis
246 2396 294 2479 qui
313 2393 452 2457 divinitus
474 2403 594 2477 accepta
618 2392 760 2477 sapientia
779 2393 901 2476 praediti
921 2393 1010 2455 suot?
1053 2391 1163 2456 Nonne
1184 2391 1348 2457 inmidorum

190 2496 259 2561 illud
276 2518 341 2560 cum
367 2494 529 2559 idololatria
547 2494 733 2558 coniunctum
752 2515 787 2557 au
809 2494 971 2558 diabolicus
993 2506 1116 2557 conatus
1136 2494 1348 2558 existimandus

190 2599 258 2662 ost?
301 2595 376 2660 Nam
392 2597 524 2661 diabolus
542 2597 596 2660 snb
611 2596 742 2660 institiae
761 2596 859 2682 specie
877 2607 1018 2682 perpetuu
1036 2596 1182 2660 bominum
1203 2595 1348 2660 mentibus

191 2698 353 2784 obrepens,
384 2720 417 2780 ac
444 2701 595 2764 mortalem
617 2709 751 2763 naturam
772 2698 878 2762 divinis
893 2699 1054 2762 honoribus
1071 2719 1269 2775 consecrans,
1295 2696 1348 2762 bu·

191 2821 291 2864 manas
313 2800 423 2884 effigies
447 2801 634 2865 artificiorum
653 2802 796 2866 varietate
817 2802 974 2888 perpolitae
991 2801 1140 2865 bominum
1156 2800 1249 2864 oculis
1266 2800 1348 2863 obie-

191 2901 243 2965 cit.
289 2901 389 2986 Quare
410 2925 473 2967 cnm
497 2902 538 2966 illi
564 2903 619 2988 ipsi
644 2905 691 2987 qui
714 2904 872 2966 adorantur
890 2905 996 2967 mortui
1016 2904 1093 2981 sint,
1125 2914 1347 2967 cerumtamen

191 3004 367 3084 simulacra,
399 3026 473 3089 quae
497 3006 577 3069 vitae
594 3006 663 3069 nibil
683 3027 808 3091 unquam
826 3005 990 3069 habuerunt
1012 3006 1214 3089 (nequeenim
1231 3017 1346 3070 mortua

191 3105 248 3169 dici
265 3117 387 3192 possunt
401 3108 450 3171 illa
465 3129 539 3193 quae
559 3130 705 3194 uunquam
724 3107 785 3173 vita
802 3108 932 3193 praedita
954 3109 1087 3190 inerint),
1112 3109 1261 3172 adoranda
1280 3130 1348 3192 pro·

190 3219 319 3295 mount,
352 3207 396 3272 sic
419 3221 452 3273 nt
474 3212 588 3276 animus
615 3212 762 3274 homiuum
787 3210 823 3274 ab
849 3232 907 3273 ono
924 3210 1045 3292 soloque
1064 3212 1119 3273 deo
1142 3212 1256 3274 nefario
1276 3232 1348 3294 qno·

191 3313 255 3375 dam
271 3311 415 3375 adulterio
431 3312 591 3391 desciscat3
616 3315 698 3376 velut
715 3313 868 3392 meretrix,
893 3334 967 3396 qnae
983 3334 1107 3397 corpore
1123 3335 1178 3376 suo
1194 3325 1347 3397 quaestum

191 3415 301 3477 iaciens
319 3413 522 3498 multiplicibus
541 3416 724 3498 promiscuae
742 3415 861 3478 veneris
878 3416 1003 3478 stimulis
1021 3416 1135 3500 agitur,
1160 3426 1189 3478 et
1208 3416 1294 3478 unios
1313 3435 1347 3478 ac

191 3516 311 3599 legitimi
328 3515 504 3578 matrimonii
525 3517 688 3579 castitatem
712 3517 856 3601 repudiat.
904 3514 1044 3581 Sanctum
1063 3528 1126 3581 erat
1145 3515 1260 3581 Mariae
1281 3537 1348 3580 cor·

191 3639 262 3704 pus,
288 3619 399 3696 fateor,
425 3628 594 3681 nontamen
611 3618 745 3681 densilla
763 3619 829 3682 fuit.
875 3617 985 3682 Eadem
1004 3631 1034 3683 et
1049 3621 1134 3704 virgo
1153 3621 1269 3697 extitit,
1293 3618 1347 3682 mi·

190 3721 268 3784 nime
285 3732 380 3783 tamen
397 3719 481 3783 nubis
499 3721 534 3782 ad
555 3719 733 3782 adorandum
752 3719 917 3805 proposita,
949 3722 1000 3784 sed
1020 3743 1086 3784 eum
1110 3723 1237 3786 adorans
1252 3723 1345 3806 ipsum

189 3823 238 3908 qni
255 3844 339 3887 esua
356 3843 444 3885 carne
460 3823 591 3906 genitus,
617 3842 633 3883 e
648 3822 731 3883 coelo
748 3842 782 3884 uc
796 3832 919 3906 paterno
931 3823 997 3886 sinn
1014 3825 1218 3888 descenderat.
1245 3822 1346 3907 Quare

189 3938 321 3990 sanctum
337 3945 452 4011 quoque
470 3945 524 3987 nos
541 3922 726 4006 evangelium
742 3925 926 4007 praemunire
942 3926 1052 4003 voluit,
1077 3927 1106 3989 in
1125 3948 1182 4010 quo
1200 3927 1239 3990 ita
1258 3923 1346 3990 Chri·

189 4041 253 4094 stus
279 4029 425 4112 loquitnr=
458 4031 533 4106 (lucii
553 4030 625 4088 mibi
645 4037 673 4087 et
697 4028 751 4087 tibi
771 4029 894 4087 mulier?
936 4031 1067 4090 Nondum
1090 4034 1166 4091 cem't
1179 4033 1250 4091 bura
1269 4051 1340 4091 meu.
1353 4044 1430 4090 ιοιιιιι.
1438 4044 1484 4099 aa

188 4128 371 4195 Ubiidcircu
390 4130 540 4194 mulierem
559 4128 732 4214 appellavit,
768 4132 843 4208 Quid
856 4132 942 4203 mebi,
976 4128 1087 4213 inquit,
1111 4134 1346 4195 ottr'br'urulr‘ert

190 4251 227 4294 ne
245 4233 310 4315 quis
336 4233 449 4296 beatam
472 4232 617 4318 virginem
637 4232 858 4295 excellentioris
876 4232 999 4296 alicuius
1017 4253 1084 4295 esse
1102 4244 1225 4297 naturae
1242 4236 1344 4297 crede·

190 4342 252 4411 ret,
283 4355 376 4418 eoque
401 4335 544 4398 vocabulo
569 4334 652 4418 quasi
669 4334 834 4398 vaticinans
857 4335 892 4397 ad
909 4356 945 4397 eo
969 4334 1125 4400 schismata
1149 4335 1344 4422 haeresesque

189 4436 359 4500 refutandas
378 4458 448 4501 usus
466 4448 511 4502 est
528 4459 602 4521 quas
616 4438 645 4504 iu
663 4438 734 4503 orbe
752 4448 897 4502 terrarum
915 4438 981 4501 olim
1001 4440 1174 4506 excitandos
1196 4461 1344 4524 coguove-
