3096 5070
433 261 571 316 raason
587 263 652 316 nra.
668 263 712 314 su.
729 261 812 314 ross.
828 261 860 315 u.
876 260 978 313 usna.
993 260 1126 314 nxxru.
1294 250 1357 316 359

198 380 235 457 iis
254 402 328 467 qoae
345 381 393 448 rel
410 381 521 447 abillis
540 382 589 448 vel
608 382 645 445 ab
665 380 730 445 aliis
748 379 931 458 audirimus,
963 390 995 444 ot
1012 380 1154 444 adversus
1170 400 1224 444 eos
1244 381 1357 446 scribe·

198 505 296 551 minus
313 485 423 549 inducti
438 485 548 563 simus,
572 485 670 548 sedet
687 482 804 547 aliunde
823 482 937 566 planum
955 482 1060 545 lactum
1079 482 1134 560 sit,
1167 481 1237 546 nibil
1256 505 1310 548 nos
1325 484 1355 549 in

197 587 277 674 ipsos
294 588 474 652 calumniose
499 587 677 665 contulisse,
708 585 846 671 deinceps
869 594 1036 669 susceptam
1054 584 1082 647 io
1097 584 1165 648 illos
1184 584 1355 670 disputatio-

196 711 263 757 nem
281 702 428 777 repetam,
451 711 487 753 nc
504 689 552 753 vel
567 687 769 753 tenuissimam
787 688 823 751 dc
841 687 926 750 nobis
947 686 1108 751 calumniae
1127 697 1231 751 contra
1248 689 1355 754 iratres

195 803 316 863 nostros
338 793 535 878 suspicionem
554 791 730 875 relinquam.
776 786 959 873 Quamquam
985 787 1118 873 equidem
1146 789 1201 853 boc
1226 789 1357 875 ipsorum

196 917 303 962 caussa
318 896 476 959 etiamnum
494 912 611 978 precor,
638 902 757 978 atquae
773 891 927 955 molestiae
942 890 1075 955 uounibil
1091 891 1176 956 nobis
1191 893 1353 974 attulerint,

194 999 353 1083 aliquando
378 995 546 1080 corrigant,
579 1014 616 1058 ne
640 1005 670 1057 et
686 994 726 1076 illi
744 994 837 1057 nostri
856 1004 886 1057 et
900 994 1015 1058 illorum
1035 1014 1089 1057 nos
1105 993 1245 1059 iacturam
1266 995 1356 1059 lacia-

196 1121 273 1165 mue.
320 1097 386 1161 Hoc
410 1100 487 1160 eninr
511 1117 726 1183 saepenumero
741 1117 795 1182 per
814 1096 927 1180 legatos
948 1096 985 1159 ab
1004 1095 1040 1158 iis
1056 1096 1268 1182 postulavimus
1287 1097 1355 1162 bor·

196 1201 307 1286 tutique
331 1222 449 1280 sumus,
481 1211 512 1264 et
536 1200 612 1263 idom
635 1199 793 1284 impetrare
821 1199 908 1261 modo
931 1198 1100 1279 studemus,
1133 1209 1165 1262 ut
1187 1200 1267 1265 omui
1284 1221 1355 1264 con·

195 1303 328 1366 tentione
343 1303 473 1380 sublata,
497 1302 695 1388 apostolorum
715 1301 961 1386 evangelistarnrn
980 1321 1015 1363 ac
1032 1311 1144 1386 patrum
1161 1302 1268 1366 divinis
1285 1323 1354 1366 san·

195 1403 341 1469 ctiouibus
357 1404 504 1483 insistant,
523 1426 556 1469 sc
572 1405 720 1482 sincerae,
744 1403 867 1482 solidae,
891 1404 1085 1468 inconcussae
1104 1414 1134 1467 et
1151 1405 1353 1490 undecumque

195 1505 373 1573 iustissimae
395 1507 461 1571 fidei
484 1506 697 1593 professionem
719 1516 909 1570 conservent.
1124 1591 1128 1598 .

281 1605 420 1674 Ceterum
439 1609 556 1674 memini
575 1609 631 1672 boo
646 1630 663 1672 a
681 1608 852 1694 quibusdam
869 1628 908 1671 ex
930 1609 1045 1673 illorum
1064 1631 1155 1694 grege
1173 1609 1268 1688 minus
1286 1631 1353 1676 esse

195 1723 355 1791 narratam,
374 1708 525 1776 Christum
541 1710 691 1775 dominnm
705 1731 763 1774 non
778 1709 852 1773 barac
867 1722 996 1775 nostram
1010 1713 1204 1797 assumpsisse
1220 1734 1351 1794 carnem,

194 1815 245 1880 scd
264 1814 373 1880 diversi
389 1815 509 1900 generis
525 1814 625 1878 aliam.
671 1810 758 1897 Quod
775 1813 885 1875 utinam
906 1834 945 1877 ex
969 1814 1075 1878 affectu
1100 1814 1235 1879 laudandi
1259 1816 1352 1880 hono·

193 1916 335 2001 nandique
360 1917 517 1981 instarent.
562 1913 640 1979 Nam
662 1926 692 1980 et
717 1937 770 1979 nos
792 1926 925 1978 sanctum
949 1916 1017 1979 illud
1038 1937 1106 1980 esse
1125 1939 1232 2005 corpus
1259 1918 1353 1983 illiba·

194 2029 313 2103 tumque
328 2017 468 2098 dicimus,
491 2017 595 2103 quippe
612 2017 690 2101 quod
705 2021 815 2080 nullum
832 2040 953 2099 anquam
966 2031 1112 2099 meantum
1129 2025 1276 2096 mmmrbr't,
1299 2029 1505 2090 aeetl’stm

194 2127 224 2184 ia
239 2128 301 2183 eries
316 2144 366 2183 ore
380 2125 461 2183 dolus
478 2126 606 2182 samatus
626 2131 685 2197 est,-
720 2121 795 2204 qnod
821 2121 936 2204 quidem
960 2141 1047 2184 neruo
1068 2143 1126 2185 non
1147 2121 1285 2207 intelligit
1302 2124 1352 2209 qui

193 2224 229 2287 de
245 2219 366 2288 Christo
391 2223 437 2307 pie
457 2222 628 2307 profiteatur
643 2242 677 2284 ac
693 2222 811 2285 sentiat.
859 2221 971 2286 Verum
991 2223 1046 2286 etsi
1065 2246 1167 2310 purum
1190 2226 1352 2310 integrum·

192 2345 249 2411 que
267 2347 373 2410 corpus
390 2324 485 2403 illius,
510 2326 586 2409 quod
607 2325 781 2410 assumpsit,
804 2326 882 2388 idem
900 2347 967 2388 esse
985 2348 1050 2388 cum
1072 2337 1173 2389 nostro
1194 2329 1349 2409 lateamus,

192 2439 239 2491 est
264 2427 318 2492 ltoc
335 2429 429 2512 ipsum
449 2427 594 2490 tamenin
614 2426 716 2505 nobis,
749 2428 797 2510 qni
813 2428 929 2512 quidem
946 2429 1149 2514 peccavimus,
1183 2430 1350 2495 conditione

191 2550 226 2594 ao
239 2530 381 2614 dignitate
400 2531 521 2594 multum
542 2529 682 2607 inlerius,
707 2551 765 2592 non
784 2532 858 2614 qnod
877 2531 1003 2595 alienum
1022 2531 1058 2594 ab
1076 2531 1126 2595 illo
1144 2532 1184 2595 sit
1200 2543 1230 2594 et
1244 2532 1350 2596 ablior-

190 2652 281 2711 reus,
315 2635 366 2696 sed
390 2633 465 2717 quod
491 2643 611 2718 peccata
638 2641 738 2695 sunta
755 2632 841 2697 uobis
863 2634 1028 2716 delictaque
1045 2635 1254 2719 quamplurima
1271 2657 1351 2699 oom-

179 2735 292 2801 ·missa.
335 2731 436 2816 Quare
459 2756 517 2799 uon
541 2735 617 2798 aliud
644 2755 680 2797 ac
699 2756 753 2799 nos
778 2733 919 2800 babemus
937 2758 953 2799 a
973 2732 1093 2801 Christo
1111 2758 1218 2822 corpus
1235 2759 1349 2802 assona-

191 2847 270 2922 ptum
284 2846 348 2914 est,
379 2838 432 2900 scd
454 2837 531 2900 idem
553 2837 673 2901 omniuo
698 2857 805 2922 corpus
824 2849 869 2902 est
892 2840 968 2925 quod
988 2840 1017 2902 in
1035 2840 1084 2903 illo
1099 2851 1249 2904 servatum
1267 2850 1299 2903 et
1313 2841 1349 2905 ab

192 2938 271 3002 omni
294 2939 469 3022 contagione
486 2939 664 3003 vindicatum
687 2948 745 3004 est.

275 3037 437 3104 Praeterea
463 3052 532 3105 sunt
556 3041 722 3107 interillos
746 3040 834 3126 aliqui
853 3043 888 3105 ad
912 3042 1078 3129 hocusque
1098 3056 1349 3131 tempusconteu-
1394 3059 1457 3125 cap.

192 3141 281 3207 tionis
298 3141 374 3206 avidi
392 3164 427 3207 ac
444 3145 630 3228 perubsnrdis
647 3145 834 3231 opinionibus
848 3145 967 3225 irretiti,
993 3169 1050 3209 uon
1068 3149 1218 3214 doctrinae
1234 3161 1348 3235 patrum
1392 3127 1450 3180 xv·

191 3243 400 3326 inhaerentes,
432 3251 606 3330 aequefidei
626 3261 711 3330 eaput
731 3252 901 3323 recinentes,
934 3273 971 3311 ex
992 3272 1046 3331 quo
1071 3274 1151 3314 omae
1169 3275 1272 3335 corpus
1291 3260 1418 3334 perflab-
1433 3263 1455 3321 4,
1469 3261 1502 3309 1*

190 3369 339 3428 compages
357 3360 386 3409 et
399 3353 511 3410 uincula
526 3356 731 3432 suppeditatum
746 3363 777 3412 et
789 3364 1012 3431 coagmentatum
1032 3367 1157 3434 nugetur
1177 3360 1347 3418 incrassato

191 3453 254 3523 der',
288 3460 319 3512 nt
343 3451 469 3534 apostoli
494 3452 592 3515 verbis
619 3463 701 3531 utar,
733 3453 785 3515 sed
812 3473 899 3517 aures
921 3475 991 3519 suas
1013 3456 1174 3521 alienorum
1199 3458 1348 3521 bominum

192 3551 410 3617 narrationibus
444 3553 607 3638 perturbari
640 3554 801 3638 patientes,
840 3576 897 3618 nou
930 3557 1065 3621 dissimili
1094 3580 1129 3622 ac
1158 3559 1346 3641 Valentinos,

189 3649 306 3719 Marcio
322 3650 575 3738 Manichaeusque
591 3656 724 3734 ratione,
756 3656 880 3720 conlicta
899 3662 1056 3744 quaedam,
1082 3663 1110 3725 iu
1129 3663 1270 3726 bonorem
1289 3663 1347 3726 sci·

189 3755 260 3820 licet
276 3751 400 3834 Christi,
425 3756 576 3820 mendacia
594 3777 647 3842 pro
665 3757 743 3820 veris
761 3756 943 3840 dogmatibus
961 3762 1130 3827 obtrudunt.
1178 3761 1253 3829 Cum
1268 3767 1346 3831 euim

188 3857 304 3923 anobis
330 3857 451 3922 audiunt
467 3855 616 3924 Cbristom
641 3868 742 3921 nostro
770 3859 862 3922 luisse
886 3884 1009 3948 corpore
1032 3867 1215 3951 praeditum,
1248 3869 1347 3934 statim

186 4102 309 4163 proposuit
330 4101 392 4149 bone
407 4093 502 4163 Ἡμεῖς
524 4095 555 4153 δὲ
577 4095 622 4151 καὶ
640 4093 704 4151 ao'sd
722 4095 752 4153 τὸ
787 4099 856 4167 qood
869 4100 924 4167 ipse
935 4105 1058 4170 suscepit,
1081 4115 1108 4156 at
1125 4124 1185 4175 pras
1208 4108 1252 4160 illo
1269 4109 1346 4177 ipsine

189 4167 266 4232 σῶμα
282 4166 394 4234 λέγομεν,
412 4161 474 4231 ὅπερ
488 4165 533 4218 καὶ
548 4162 609 4220 αὐτὸ
625 4167 662 4235 τῷ
674 4162 750 4232 siparia
785 4185 848 4234 poro
866 4187 985 4236 corpore,
1003 4173 1028 4222 io
1047 4174 1119 4224 nobis
1138 4176 1179 4243 qni
1199 4179 1346 4246 transgressi

188 4235 279 4317 θινῑληφε
296 4237 347 4319 (vel
360 4233 423 4321 qaisd
439 4235 476 4304 τῷ
494 4231 570 4303 aipaiu
586 4233 614 4318 qd
635 4236 748 4318 ςῶμα),
783 4254 875 4317 sumuq,
895 4254 944 4288 uon
964 4240 1031 4320 qnod
1048 4242 1160 4324 alienum.
1173 4257 1216 4296 aut
1233 4247 1294 4298 alins
1310 4247 1345 4298 sit

189 4318 251 4424 “ii
273 4301 679 4438 ‘'ibib‘sbb'li‘idila‘bbi
696 4301 749 4422 [id
783 4306 1189 4440 {ilidiii⁶⁰ii⁰⁸siisibiii'
1206 4333 1275 4436 ‘⁵'i'
1298 4316 1344 4368 ’ὠ

188 4385 281 4489 ieoasriip
291 4447 347 4492 esset
375 4441 427 4490 Nos
452 4409 535 4490 adiens
560 4439 657 4491 etiamsi
681 4409 748 4491 iilem
782 4444 957 4498 tantummodo
975 4459 1097 4518 respectu.
1201 4401 1247 4436 m
1260 4401 1344 4437 mmm

189 4523 244 4559 esse
261 4524 316 4560 cuna
333 4519 419 4560 nostro
445 4526 535 4581 corpus
559 4507 620 4562 illud
637 4508 747 4574 dicimus,
