3096 5070
417 279 556 332 raanan
574 278 638 330 cre.
651 280 695 330 ru.
711 280 794 332 rou.
808 281 840 330 u.
858 279 957 330 urna.
972 280 1114 331 cxxvnr.
1283 265 1346 329 too

189 401 307 479 diendo,
331 398 434 485 partim
449 420 517 462 sese
533 398 727 477 subiiciendo,
748 398 829 462 velrrt
842 399 953 462 bonore
970 398 1233 484 prosequebantur.
1266 396 1346 461 Ecce

190 503 241 567 tibi
262 501 360 566 ludaei
377 501 430 581 illi,
455 501 503 586 qui
520 512 552 564 et
568 500 678 563 domini
693 503 850 564 adventum
867 500 1073 586 expectabant,
1098 511 1127 564 et
1144 501 1178 563 ad
1196 499 1347 584 excipien-

189 606 256 670 dum
271 625 410 689 sponsum
424 624 492 667 sese
508 603 727 687 comparabant,
751 603 799 687 qui
816 604 972 688 prophetas
990 603 1090 666 videre
1108 604 1274 688 cupiebant,
1298 604 1346 687 qui

188 707 295 772 divinis
312 705 436 770 trucibus
449 706 704 790 obtemperaturos
717 725 750 767 se
765 726 832 769 esse
847 705 1068 790 profitebantur,
1090 705 1138 789 qui
1156 727 1220 769 cum
1238 703 1346 790 Moyse

188 811 353 896 pactionem
380 808 522 871 eiusmodi
547 809 694 885 fecerant,
725 811 797 869 Esto
822 809 902 870 nobis
919 813 948 869 in
969 812 1014 869 bis
1031 830 1102 889 quae
1123 821 1191 871 runt
1205 813 1283 890 opud
1296 813 1346 870 do-
1359 832 1456 888 umet,
1465 833 1499 877 ar,

188 918 310 985 manum,
341 912 431 986 item,
464 915 578 984 Omnia,
610 930 799 991 quaeeunque
822 914 930 972 de‘merit
954 913 1008 972 tidi
1028 915 1173 986 mrbus,
1203 915 1347 973 audiemus

189 1028 219 1077 et
236 1003 392 1097 ¹sarciamus,
417 1012 479 1090 illi,
512 1012 646 1096 iuquam,
677 1033 741 1074 cnm
766 1022 950 1097 praesentem
977 1012 1122 1076 dominum
1148 1015 1346 1090 intuerentur,

190 1116 325 1180 veritatis
344 1135 505 1199 expressas
524 1114 638 1199 species
655 1136 689 1177 ac
705 1125 791 1177 notas
809 1114 991 1197 ignorantes,
1016 1137 1087 1199 quas
1103 1115 1274 1201 prophetae,
1299 1115 1348 1198 qui

190 1218 269 1282 illum
286 1228 525 1295 antecesserunt,
558 1217 767 1295 describendo,
801 1217 994 1296 delineanda,
1025 1219 1203 1297 nuntiando,
1237 1217 1347 1301 signifi-

190 1322 341 1403 eandoque
362 1320 629 1404 praescripserant,
655 1318 776 1403 primum
799 1320 871 1382 baec
888 1320 916 1383 iu
935 1320 1014 1383 illum
1034 1322 1185 1399 iecerunt,
1218 1324 1287 1399 Quis
1303 1330 1491 1390 autuman.

190 1426 253 1500 bic,
286 1427 337 1505 qui
350 1427 475 1503 loquitur
491 1424 696 1503 blasphemiae?
729 1421 802 1485 alias
825 1443 917 1501 vero,
950 1428 1130 1486 Daemonium
1149 1425 1252 1485 lubere
1266 1423 1345 1486 illurn
1374 1433 1458 1480 marth

190 1526 374 1610 impudenter
390 1546 425 1588 ac
441 1526 604 1609 praefracta
625 1525 748 1608 quadam
771 1525 891 1588 audacia
912 1526 1068 1588 iactarunt.
1115 1523 1175 1589 Sed
1195 1545 1250 1589 nec
1267 1524 1348 1609 ipsos
1361 1488 1461 1590 Ippipp
1495 1568 1501 1582 .

190 1625 407 1692 Samaritarum
426 1629 550 1690 eundem
570 1627 717 1712 appellare
737 1628 848 1710 puduit.
894 1625 1051 1691 Postremo
1068 1640 1099 1691 ut
1117 1629 1197 1708 dixi,
1222 1629 1264 1691 sic
1284 1639 1348 1691 tan·
1393 1591 1463 1634 Μ’

191 1751 277 1815 quam
294 1730 384 1792 rabidi
404 1731 536 1792 canesio
554 1750 620 1792 eum
638 1729 821 1806 insilierunt,
855 1750 889 1792 ac
910 1751 1011 1793 manus
1029 1731 1201 1810 affixerunt,
1225 1731 1252 1793 id
1271 1731 1348 1814 quod

191 1831 294 1897 loriosi
309 1852 397 1894 canes
416 1832 549 1895 iactitare
565 1833 680 1908 solent,
704 1831 752 1915 qui
770 1831 951 1895 dominorum
970 1853 1088 1896 suorum
1109 1854 1212 1896 manus
1231 1855 1266 1896 ac
1284 1833 1348 1896 vnl-

190 1944 238 1997 tns
263 1934 448 1996 incurrentes
474 1933 583 1996 laniare
612 1933 682 1997 nihil
705 1944 863 2011 verentur,
898 1934 941 1996 sic
966 1935 1006 1999 illi
1030 1935 1177 1999 dominum
1195 1937 1231 1999 ad
1251 1935 1347 1999 crucia

191 2035 362 2121 supplicium
386 2033 585 2113 tradiderunt,
617 2035 772 2120 propbetas
791 2036 922 2099 eiusdem
942 2038 1118 2101 domesticos
1136 2039 1239 2123 partim
1263 2059 1347 2102 serra
1369 2064 1441 2110 neor.
1454 2063 1488 2109 n,

191 2148 427 2214 consecuerunt',
460 2136 562 2222 partim
583 2137 724 2222 lapidibus
742 2137 918 2219 obruerunt,
949 2139 1053 2224 partim
1076 2141 1174 2223 gladio
1190 2140 1349 2204 interiece-

190 2252 270 2304 runt.
316 2237 483 2304 Secundum
503 2239 569 2301 illos
592 2260 664 2302 vero
689 2240 808 2324 perinde
825 2251 856 2303 et
875 2241 959 2304 bodie
983 2242 1051 2304 novi
1067 2243 1108 2305 illi
1128 2240 1227 2306 ludaei
1244 2243 1347 2305 iisdem

189 2344 316 2407 invicem
340 2342 483 2405 institutis
497 2362 531 2405 ac
548 2339 699 2425 disciplina
719 2343 846 2420 lormati,
868 2344 908 2405 uti
926 2345 988 2407 veri
1005 2345 1044 2407 illi
1063 2342 1176 2422 ludaei,
1201 2346 1347 2408 dominnm

191 2467 255 2509 com
274 2466 364 2509 carne
389 2453 573 2529 praesentem
598 2444 797 2526 abnegarunt,
830 2445 871 2507 ita
895 2445 949 2530 ipsi
970 2445 1020 2509 lilii
1044 2448 1089 2510 dei
1107 2449 1264 2532 perlectam
1283 2468 1347 2510 cum

189 2560 272 2635 patre
297 2548 522 2632 germanitatem
550 2545 734 2623 inlicientes,
768 2559 932 2611 creaturam
956 2570 1022 2612 esse
1040 2549 1119 2612 illum
1141 2561 1171 2612 et
1189 2548 1347 2634 opificium,

191 2663 221 2715 et
236 2673 253 2714 a
271 2663 353 2737 patre
371 2649 487 2734 penitus
502 2647 628 2711 alienum
647 2648 752 2711 furiosi
766 2669 800 2710 ac
819 2651 962 2713 vecordes
981 2652 1137 2714 identidem
1154 2653 1308 2714 affirmant.

278 2753 338 2816 Alii
366 2775 453 2837 porro
480 2736 692 2815 contumeliosa
720 2751 770 2813 illa
795 2752 825 2813 in
853 2754 937 2815 deum
965 2754 1100 2838 dogmata
1134 2754 1346 2838 relinquentes,
1374 2767 1486 2837 capt.

192 2855 275 2941 quasi
292 2855 417 2918 divinam
433 2856 525 2941 ipsam
543 2855 572 2918 in
590 2854 673 2917 coelo
692 2864 842 2932 naturam,
868 2866 899 2917 ut
916 2856 955 2918 ita
970 2857 1081 2935 dicam,
1106 2857 1260 2941 aliqnando
1278 2878 1349 2919 con·

192 2958 321 3043 templati
338 2959 462 3035 luerint,
489 2970 519 3020 ct
534 2958 622 3021 altius
636 2957 665 3019 in
683 2977 792 3019 arcana
808 2956 856 3019 illa
879 2978 913 3019 ac
933 2960 1072 3023 coelestia
1092 2960 1289 3044 penetrarint,
1313 2980 1348 3022 ac

192 3061 347 3144 diligenter
361 3061 592 3146 introspexerint
610 3065 657 3138 (ut
674 3079 690 3121 e
709 3058 793 3121 coelo
812 3070 895 3143 putes
915 3081 980 3122 esse
999 3062 1147 3147 delapsos)
1173 3073 1349 3146 arroganter

190 3165 260 3228 illud
285 3162 473 3248 praedicant,
503 3185 536 3227 ac
553 3164 744 3226 vehementer
770 3161 933 3239 affirmant,
965 3164 1097 3246 spiritum
1123 3176 1256 3230 sanctum
1271 3186 1287 3229 a
1305 3165 1348 3227 di-

191 3266 321 3332 vinitatis
347 3267 550 3329 commuuione
573 3264 780 3351 separandum.
828 3261 886 3346 Qui
911 3288 976 3328 cum
1004 3287 1099 3352 neque
1127 3279 1238 3353 patrem
1260 3267 1349 3331 abne-

191 3380 280 3454 gent,
311 3388 366 3431 nec
382 3367 418 3430 ab
443 3388 582 3450 germana
604 3389 668 3429 cum
693 3366 744 3428 illo
764 3367 970 3430 coniunctione
991 3371 1078 3432 lilium
1096 3370 1281 3448 abiudicect,
1313 3371 1348 3435 ad

191 3472 268 3536 aliud
285 3471 350 3533 viae
369 3468 571 3532 diverticulum
588 3469 757 3544 deflectunt,
781 3479 813 3531 ut
830 3471 949 3534 omnino
967 3473 1073 3536 dictum
1094 3473 1163 3538 illud
1182 3475 1347 3558 impleatur,

191 3579 280 3635 Perri't
295 3576 374 3654 fider
399 3595 436 3633 eu
454 3594 504 3632 ore
521 3576 653 3651 ipsorum.
700 3567 778 3652 Quid
798 3573 874 3634 enim
892 3574 968 3636 aliud
989 3576 1116 3654 iaciunt,
1148 3576 1204 3641 uisi
1229 3576 1350 3661 perinde
1360 3593 1493 3649 attenuet·

192 3696 227 3739 ac
243 3676 267 3738 si
286 3674 315 3738 in
331 3675 463 3760 spiritum
481 3684 615 3736 sanctum
632 3673 676 3734 ius
698 3691 733 3733 ao
752 3682 927 3757 potestatem
948 3677 1088 3742 baberent
1112 3679 1176 3762 (qui
1197 3680 1311 3762 quidem
1332 3699 1348 3740 a

190 3919 248 3984 mm)
265 3919 324 3967 nibil
338 3917 460 3978 ambipu.“
494 3918 582 3977 Aliter,
609 3928 752 3977 quemquem
786 3928 904 3976 personas
928 3915 1089 3982 propriorum
1105 3922 1154 3966 cett.
1190 3920 1249 3967 lllibi
1269 3919 1349 3968 viden·

189 3992 268 4038 minus
290 3988 404 4047 feliciter,
429 3986 525 4046 corripit
548 3985 566 4034 l.
581 3985 608 4032 B.
628 3984 752 4032 cotelerius
785 3986 1012 4043 turtrnnsponendo
1029 3987 1150 4047 beccila,
1168 3992 1188 4036 et
1203 3989 1350 4049 corripendu,

190 4057 251 4106 Eeel.
277 4058 318 4104 Gr.
344 4055 446 4102 Monuni.
469 4058 524 4100 torn.
541 4053 592 4112 tlt,
615 4049 751 4113 pancos,
786 4046 951 4114 προςέπηξαν,
970 4044 1192 4117 α’νακρεμάσαντες
1209 4047 1296 4113 αὐτὸν,
1314 4050 1350 4114 ci<

189 4126 290 4175 sorbens
305 4117 393 4185 α’νακρ.
410 4115 497 4185 odric,
516 4114 562 4177 τὰς
578 4123 665 4187 χεῖρας
680 4116 751 4183 ἐπέρ·
786 4110 827 4168 ciel
842 4115 907 4169 κατὰ
922 4114 968 4185 τήν
985 4118 1073 4184 μανίαν
1089 4125 1137 4178 (vet
1156 4119 1220 4187 perol
1237 4122 1286 4186 τῆς
1301 4140 1348 4188 μα-

190 4207 276 4270 χετᾳι,
294 4197 315 4240 et
331 4196 433 4250 certem,
448 4187 513 4237 sicut
530 4204 626 4253 semper
643 4186 750 4236 fumosus
785 4183 847 4248 uine)
868 4181 881 4237 d
898 4182 966 4238 κύων
983 4184 1030 4245 τὰς
1046 4192 1133 4306 pcipe<
1148 4188 1288 4258 ἐπέρχεται,
1306 4189 1349 4243 καὶ

106 4310 110 4318 ,
192 4275 257 4307 cunm
272 4257 424 4323 suspendens
441 4273 481 4314 se,
509 4272 594 4304 manue
611 4254 705 4304 invadit
722 4272 751 4304 ac
785 4281 799 4290 -
818 4250 1004 4323 -αἰσχύνεται,
1023 4273 1056 4307 κα
1083 4257 1233 4323 παρέδωκαν
1250 4260 1301 4310 κτλ,

191 4323 273 4373 vultus
296 4332 345 4376 cett
392 4327 520 4375 Gmnorrur
542 4326 661 4374 transtulit
685 4323 753 4373 velot
823 4320 882 4373 Gur.
896 4324 967 4374 V.-
1001 4321 1213 4392 1.ἐπαγγίλλουσι
1227 4329 1276 4377 cod.
1289 4331 1347 4378 llbe-

191 4390 281 4441 rabiosi
304 4411 376 4443 cauea
399 4393 598 4450 insurrexerunt,
622 4400 648 4440 et
668 4408 753 4441 manus
788 4391 837 4453 dip.

191 4457 342 4520 iniecerunt,
361 4460 430 4511 velut
443 4478 543 4527 semper
558 4477 613 4509 cum
626 4460 694 4510 rabie
711 4477 750 4510 ca·
819 4464 844 4510 ·ὶ.
863 4463 1015 4512 scribendum
1031 4469 1089 4524 puto
1112 4461 1146 4515 Ti
1168 4461 1215 4530 γὰρ
1237 4455 1297 4517 ἄλλο
1312 4464 1349 4525 εἰς

190 4525 229 4579 niu
244 4526 356 4581 immiteis
372 4539 446 4580 antea
462 4528 574 4581 manibus
587 4527 700 4594 invadit,
726 4537 751 4578 et
785 4522 814 4579 τὸ
830 4531 931 4597 πνεῦμα
946 4527 974 4586 τὸ
990 4524 1069 4599 ἅγιον,
1088 4529 1170 4589 λοιπὸν
1186 4528 1215 4587 td
1233 4526 1280 4587 οὔκ
1295 4536 1348 4590 κτλ.
