3096 5070
357 287 637 360 renuntiarant.
660 290 743 342 ron.
755 291 787 342 n.
811 288 1171 342 necennensium.
1280 277 1343 342 529

189 410 401 476 ethonestatis
428 429 533 474 caussa
559 409 619 473 sint
646 409 851 488 administrae,
884 407 910 473 ai
935 410 965 473 id
989 411 1064 473 lorte
1087 429 1210 473 necesse
1234 411 1341 474 luerit:

188 513 253 579 sire
270 515 336 578 dum
352 513 497 599 baptismo
512 511 671 575 initiandae
685 523 764 590 sunt,
788 513 852 575 sive
869 512 935 577 duur
951 533 1051 577 earum
1068 533 1192 598 corpora
1208 532 1343 597 perscru-

189 616 287 681 tanda.
332 612 402 679 lllae
428 616 544 701 quidem
565 615 700 679 univirae
726 626 756 679 et
774 615 959 678 continentes
977 635 1045 679 esse
1058 615 1181 694 debent,
1214 615 1262 678 vel
1279 626 1345 701 post

188 739 263 782 unas
288 719 403 803 nuptias
422 717 543 796 viduae,
573 717 621 781 vel
639 728 798 803 perpetuae
817 716 959 802 virgines.
1005 714 1079 780 Post
1095 717 1162 781 illos
1176 738 1279 781 omnes
1297 738 1345 780 or-

188 818 273 884 dines
289 821 427 906 deinceps
444 819 613 884 exorcistae
629 831 809 905 sequuntur,
841 831 871 882 et
884 819 1048 904 linguarum
1064 819 1260 905 interpretes,
1285 830 1344 883 tam

188 923 219 988 in
241 922 416 986 lectionibus
450 944 535 1008 quatu
565 923 594 985 in
625 922 828 986 concionibus.
876 919 1046 1006 Sequuntur
1074 921 1263 1001 laborantes,
1297 921 1346 1007 qui

188 1037 368 1091 mortuorum
396 1046 520 1112 corpora
545 1036 659 1089 curant.
706 1023 784 1089 Tum
809 1024 969 1105 ianitores,
1001 1046 1036 1089 ac
1051 1025 1156 1110 reliqui
1175 1023 1345 1110 disciplinae

190 1149 294 1193 caussa
316 1128 435 1192 ordines
457 1127 594 1191 instituti.

276 1227 361 1295 Sacri
379 1252 467 1316 porro
485 1241 648 1295 conventus
668 1239 698 1294 et
715 1249 846 1315 synaxes
863 1230 899 1292 ab
915 1230 1056 1314 apostolis
1071 1231 1197 1296 instituti
1214 1242 1284 1294 snut
1300 1230 1345 1294 bis
1393 1241 1428 1293 ca
1449 1279 1455 1292 .

190 1333 371 1420 potissimum
387 1334 500 1411 diebus,
524 1344 626 1418 quarta
641 1344 785 1416 sextaque
803 1332 877 1396 lenio
892 1343 922 1395 et
944 1333 1099 1397 dominica.
1146 1332 1220 1398 ltenr
1244 1345 1346 1421 quarta
1380 1259 1457 1363 ὦ·

189 1446 333 1520 sextaque
354 1435 427 1499 teria
443 1436 582 1500 ieiunium
600 1436 635 1498 ad
650 1435 751 1498 boram
767 1456 860 1519 usque
877 1455 983 1498 nonam
1002 1435 1158 1516 indictum,
1190 1449 1350 1522 propterea

189 1539 265 1623 qnod
285 1547 388 1623 quarta
411 1538 483 1601 lcria
505 1538 733 1622 comprehensus
758 1547 804 1600 est
827 1537 980 1617 dominus,
1012 1549 1145 1626 etsexta
1170 1539 1200 1602 in
1228 1559 1345 1603 crucem

190 1640 333 1704 sublatus.
379 1637 450 1703 ldeo
469 1661 523 1725 per
539 1639 604 1704 illos
624 1641 686 1704 dies
703 1639 890 1703 ieiunandum
908 1660 976 1703 esse
995 1641 1189 1705 decreverunt
1207 1641 1344 1727 apostoli,

191 1753 223 1806 ut
238 1742 393 1827 impleatur
405 1741 473 1805 illnd
487 1744 562 1826 qnod
575 1742 713 1827 scriptum
729 1752 787 1821 est,
813 1747 880 1804 Cam
896 1745 1024 1804 sublatus
1035 1746 1129 1825 fcerit
1141 1745 1176 1806 ab
1191 1749 1249 1807 allai
1261 1768 1345 1826 spon-
1357 1753 1484 1811 nucea

189 1866 257 1917 eoa,
290 1857 357 1907 tuuc
378 1847 552 1906 a’cr'uncbuat.
599 1842 706 1929 Neque
727 1864 800 1907 vero
821 1855 854 1908 nt
876 1844 903 1907 ei
927 1845 1140 1929 gratificentur,
1172 1848 1220 1931 qui
1246 1858 1347 1912 nostra

191 1968 294 2012 caussa
307 1967 412 2032 passus
429 1957 485 2024 est,
505 1944 637 2010 instituta
651 1957 719 2010 sunt
732 1945 854 2026 ieiunio,
879 1948 930 2010 sed
947 1959 977 2011 ut
991 1948 1094 2012 salotis
1111 1960 1230 2014 nostrae
1241 1972 1356 2015 caussa*

191 2050 339 2115 cruciatus
363 2049 429 2112 illos
448 2049 651 2134 proliteamnr,
684 2070 758 2133 qnos
781 2070 834 2134 pro
857 2050 941 2113 nobis
967 2052 1101 2114 dominns
1121 2051 1184 2137 ipse
1204 2054 1345 2138 suscepit,

191 2165 278 2238 atque
300 2163 333 2216 ut
351 2153 423 2214 baec
439 2172 457 2215 a
471 2151 526 2214 deo
544 2150 653 2214 ieiunia
672 2152 827 2238 expiandis
846 2153 956 2216 uostris
973 2153 1136 2218 sceleribus
1155 2153 1345 2240 imputentur.

190 2253 287 2319 Porro
313 2255 477 2318 istiusmodi
503 2253 642 2318 ieiunium
663 2265 724 2318 toto
741 2277 818 2319 anno
840 2256 870 2319 io
890 2255 1014 2320 ecclesia
1034 2256 1176 2320 catholica
1192 2257 1348 2342 diligenter

190 2356 377 2436 observatur,
402 2367 517 2441 quarta,
535 2356 576 2421 uti
595 2356 669 2436 dixi,
694 2368 837 2442 sextaque
855 2359 927 2420 leria
945 2359 980 2419 ad
998 2358 1098 2422 beram
1117 2380 1208 2444 usque
1226 2380 1344 2439 nonam,

191 2459 325 2544 exceptis
348 2459 555 2544 quinquaginta
574 2456 768 2523 Pentecostes
790 2459 912 2539 diebus,
943 2460 1047 2545 quibus
1067 2482 1162 2546 neque
1181 2482 1277 2544 genna
1297 2462 1348 2525 de·
1418 2477 1420 2482 ’

192 2572 327 2641 ctuntnr,
358 2551 453 2647 neque
478 2561 618 2625 ieiunium
641 2561 790 2626 iudicitur.
835 2559 895 2626 Pro
915 2563 972 2626 illis
991 2585 1064 2627 vero
1086 2562 1280 2627 conventibus
1299 2565 1348 2648 qui

192 2664 229 2727 ad
248 2665 347 2728 boram
368 2685 474 2727 nonam
494 2664 606 2749 quartis
622 2664 756 2728 sextisve
775 2665 856 2729 leriis
874 2665 1016 2729 celebrari
1036 2675 1272 2744 consueverunt,
1296 2686 1349 2753 per

192 2765 258 2830 illos
277 2767 357 2843 dies,
390 2765 509 2852 perinde
534 2788 569 2830 ac
593 2766 738 2831 dominica
761 2767 824 2847 die,
857 2769 1016 2832 matutinae
1035 2789 1166 2854 synaxes
1188 2768 1345 2834 obeuntur.

192 2865 300 2952 Neque
316 2886 388 2931 vero
407 2868 475 2932 totis
488 2868 546 2933 illis
564 2870 709 2933 duntaxat
725 2868 933 2955 qninquaginta
949 2869 1143 2936 Pentecostes
1159 2871 1261 2937 diebus
1274 2872 1346 2952 ulla,

194 2970 235 3033 nti
254 2969 344 3049 dixit,
367 2971 477 3035 ieiunia
494 2983 580 3051 suut,
612 2974 664 3037 sed
683 2993 777 3058 neque
795 2971 1025 3058 Epiphaniorom
1043 2974 1106 3055 die,
1138 2996 1196 3059 qno
1215 2973 1349 3039 dominns

194 3074 352 3137 secundom
370 3094 487 3138 caruem
503 3086 589 3139 natos
606 3085 671 3155 est,
700 3076 833 3140 ieiunare
852 3075 939 3155 licet3
971 3075 1087 3140 tametsi
1107 3088 1240 3162 quartam
1261 3078 1290 3142 in
1307 3079 1350 3142 le·

194 3176 267 3240 riam
300 3177 347 3239 vel
365 3187 481 3240 sextam
505 3177 651 3242 inciderit.
706 3180 745 3243 At
772 3180 820 3264 qui
848 3178 948 3264 pietati
969 3179 1105 3259 student,
1136 3179 1350 3266 egregiaque·

194 3281 259 3342 dam
278 3298 312 3341 ac
331 3277 466 3342 laudabili
485 3279 635 3344 voluntate
652 3292 810 3367 perpetuo,
841 3282 914 3346 solis
931 3280 1084 3345 dominicis
1100 3303 1137 3345 ac
1155 3280 1350 3348 Pentecostea

194 3380 297 3445 diebus
313 3380 462 3465 exceptis,
495 3379 603 3446 ieiunia
621 3383 676 3446 sibi
694 3405 729 3447 ac
747 3382 862 3469 vigilias
881 3385 1044 3468 imponunt.
1090 3382 1168 3448 Nam
1188 3385 1349 3450 dominicas

194 3502 297 3545 omnes
314 3483 404 3545 laetas
421 3481 585 3568 hilaresque
602 3484 744 3548 catholica
759 3506 826 3549 esse
845 3488 946 3551 sanxit
964 3486 1100 3551 ecclesia.
1147 3488 1194 3552 Ac
1210 3488 1349 3552 solennes

195 3595 358 3649 conventus
374 3583 524 3648 matutinis
542 3585 622 3648 boris
636 3585 755 3665 indicit,
781 3608 836 3651 nec
852 3589 908 3652 ulla
924 3589 1031 3654 ieiunia
1048 3589 1190 3655 celebrat.
1235 3590 1350 3654 Absur-

196 3689 261 3752 dnm
279 3688 357 3751 enim
374 3697 420 3749 est
436 3686 566 3750 ieiunare
586 3688 731 3752 dominico
746 3689 804 3753 die.
852 3686 991 3756 Ceterum
1010 3702 1078 3756 ante
1092 3704 1204 3777 septem
1219 3689 1350 3757 Pascha·

195 3792 234 3856 tis
256 3789 319 3854 dies
344 3786 606 3873 Quadragesimam
633 3789 813 3871 observare,
845 3803 931 3878 atque
957 3794 987 3857 in
1013 3795 1131 3860 ieiuniis
1156 3814 1350 3881 perseverare

195 3891 478 3958 eadem-consuevit
500 3892 642 3971 ecclesia,
672 3893 826 3958 dominicis
849 3916 922 3959 vero
943 3897 1029 3961 nullis
1049 3896 1185 3976 omuino,
1219 3896 1350 3981 adeoque

195 4018 251 4062 neo
266 3995 358 4081 ipsius
374 3995 488 4080 quidem
503 3992 752 4081 Quadragesimae
765 3997 899 4061 ieiunare
913 3997 1000 4062 solet.
1037 3996 1197 4063 Praeterea
1213 4019 1269 4062 sex
1284 3998 1351 4063 illos

193 4097 349 4165 Pascbatis
370 4097 433 4161 dies
448 4097 655 4183 xerophagn‘is,
685 4097 741 4162 boc
759 4101 899 4164 estarido
914 4102 1012 4180 victu,
1044 4101 1208 4187 transigere
1228 4101 1352 4187 populns

197 4202 291 4265 omnis
315 4200 462 4280 assuevit,
494 4202 550 4264 boe
575 4212 621 4265 est
644 4222 747 4288 panem
773 4202 916 4266 duntaxat
941 4225 1005 4266 corn
1027 4225 1101 4288 aqna
1123 4204 1177 4268 sub
1196 4224 1351 4289 vesperam

196 4301 346 4367 adbibere.
390 4300 454 4366 lmo
477 4325 550 4368 vero
575 4304 705 4368 nonnulli
728 4306 763 4369 ad
787 4305 904 4369 biduum
924 4306 969 4368 vel
994 4306 1137 4385 triduom,
1170 4308 1218 4372 rel
1242 4305 1352 4391 quatri-

197 4401 284 4467 duum
308 4424 419 4487 usque,
449 4404 560 4469 ieinnia
588 4419 758 4492 prorogant.
803 4407 864 4472 Alii
884 4418 973 4471 totam
996 4407 1205 4474 hebdomadem
1223 4408 1352 4494 adusque

230 4535 255 4591 4.
275 4537 365 4600 διπλᾶς
380 4558 404 4594 κ.
421 4539 526 4608 epistole
542 4561 564 4596 ae
580 4541 720 4610 τετραπλὰς
735 4546 802 4596 cedd.
814 4560 869 4596 mar.
883 4551 904 4595 et
920 4546 975 4596 edit.
993 4549 1068 4608 princ.

248 4621 337 4680 Corpus
347 4622 484 4671 Haereaeob
502 4625 563 4671 lid.
1105 4618 1145 4680 34
