3096 5070
424 271 563 325 rnnann
581 272 646 322 nra.
658 272 703 323 ιιι.
719 271 802 323 rou.
816 271 849 322 ιι.
866 270 966 322 noan.
980 270 1112 322 nxxvn.
1287 257 1350 322 365

193 391 341 465 ctissimos
358 391 490 456 beminen
510 393 600 456 luisse
618 391 795 475 eosdemque
810 389 983 475 corporibus
998 389 1119 474 perinde
1137 411 1172 454 ac
1186 410 1260 467 nos,
1283 410 1351 455 eor·

192 494 345 580 reptibiles
359 507 390 560 et
407 507 525 580 praeter
543 494 671 558 divinam
689 493 828 577 gloriam,
861 512 934 577 quae
951 491 981 554 in
998 492 1055 556 illis
1072 492 1228 573 insidebat,
1251 493 1350 558 incor-

192 607 294 683 ruptos
319 599 467 662 extitisse.
514 595 714 680 Quamobrem
733 607 763 659 et
786 595 891 659 umbra
907 591 988 658 Petri
1016 593 1121 658 oblatis
1137 594 1235 679 aegris
1255 594 1349 659 emni-
1363 607 1410 704 p&
1423 607 1503 706 pptp²

191 699 247 777 bus
270 700 426 764 sanitatem
450 700 593 777 contulit,
625 709 655 761 et
676 698 794 761 sudaria
819 719 855 760 ac
877 696 1058 760 semicinctia
1078 717 1095 759 e
1113 693 1198 761 Pauli
1218 696 1349 762 uestibus
1450 689 1458 714 '

192 802 363 869 admiranda
385 803 526 886 quaedam
550 799 683 885 prodigia
706 799 926 884 praestiterunt.

279 902 356 987 Quid
376 925 448 967 uero
464 903 567 969 attinet
583 903 794 966 homunciones
810 901 888 966 istos.
901 901 1042 999 quaedam
1065 901 1216 986 subturpia
1235 900 1346 985 eogita-
1400 928 1460 997 cap.

191 1008 274 1072 boue
298 1008 442 1090 lingentes
466 1006 496 1069 in
521 1005 650 1069 diuinum
676 1024 783 1068 numen
808 1004 953 1068 curiosius
971 1003 1139 1088 inquirere,
1163 1025 1229 1068 cum
1248 1005 1284 1066 de
1302 1003 1347 1066 bis
1380 996 1474 1050 xvut.

192 1109 289 1174 nullus
310 1108 452 1192 propbeta
475 1107 523 1171 vel
549 1106 732 1191 evangelista
757 1106 804 1171 vel
824 1107 992 1192 apostolus,
1026 1106 1074 1170 vel
1090 1106 1211 1170 alterius
1229 1104 1350 1190 generis

193 1209 321 1293 scriptor
339 1210 487 1294 disputare
508 1209 563 1274 sibi
579 1209 778 1273 necessarium
795 1208 933 1273 duxerit?
976 1207 1138 1274 Enimuero
1155 1208 1291 1293 quicquid
1309 1208 1350 1272 illi

193 1323 333 1391 narrant,
369 1333 404 1374 ac
427 1311 496 1375 licet
518 1312 630 1375 infinita
656 1311 712 1376 alia
736 1323 889 1397 praeterea
909 1311 980 1375 lalsa
999 1312 1064 1376 sine
1083 1311 1221 1396 opinione
1238 1311 1348 1373 conbo-

193 1425 279 1498 gant,
310 1435 456 1499 uunquam
481 1424 578 1478 tamen
598 1415 732 1478 traditam
749 1435 766 1479 a
785 1415 943 1478 maioribus
962 1415 1071 1479 nostris
1094 1414 1197 1491 fidem,
1222 1433 1295 1497 quae
1314 1414 1349 1476 de

194 1511 315 1582 Cbristu
329 1516 445 1581 sineere
462 1517 559 1581 omnia
575 1518 745 1602 praedicat,
769 1529 907 1603 poterunt
921 1527 1069 1581 euertere.
1116 1511 1254 1580 Christus
1270 1515 1348 1580 enim

193 1641 233 1685 err
251 1617 349 1685 Maria
365 1620 478 1704 virgine
492 1620 654 1685 secundnm
671 1639 790 1684 carnem
808 1640 913 1683 revera
939 1620 974 1683 de
992 1619 1095 1705 spiritu
1111 1628 1215 1682 saneto
1231 1618 1349 1704 genitus

193 1734 250 1788 est.
295 1722 342 1786 Ac
366 1723 465 1786 statim
489 1734 556 1808 post
579 1733 693 1807 partum
719 1719 909 1798 Emmanuel,
944 1722 999 1786 hoc
1023 1733 1069 1785 est
1087 1719 1249 1786 Nobiscum
1275 1722 1347 1786 deus
1378 1730 1463 1831 {hah

193 1824 366 1911 appellatur,
386 1845 441 1888 uec
456 1828 514 1888 iam
531 1825 660 1888 secunde
674 1824 816 1909 gignitur.
847 1822 920 1887 Post
932 1824 1004 1888 baec
1021 1825 1118 1888 inians
1134 1823 1165 1887 iu
1177 1825 1346 1910 Aegyptum
1368 1816 1488 1900 anim

193 1948 259 1991 eum
275 1923 405 2012 loscpbo‘
417 1947 451 1990 ac
465 1925 561 1992 Maria
578 1926 750 2010 transfugit,
781 1931 910 2008 quantiam
928 1928 1101 2008 quaerebant
1115 1931 1236 1989 ananam
1250 1933 1346 2008 pareri,

193 2039 225 2093 ut
240 2028 310 2093 illud
328 2040 501 2113 argumente
514 2028 553 2092 sit
566 2029 645 2092 illum
663 2029 797 2092 incarne
815 2028 914 2093 necari
931 2029 1073 2114 potuisse.
1119 2027 1230 2094 Verum
1248 2051 1265 2092 a
1281 2026 1349 2095 Mu·

191 2131 238 2216 gis
262 2132 402 2195 adoratus
428 2142 492 2208 est,
523 2142 658 2215 tanquam
675 2153 766 2197 verus
784 2133 856 2197 deus
875 2152 965 2195 carne
980 2132 1062 2215 ipsa,
1093 2152 1151 2194 nou
1171 2131 1234 2195 sola
1249 2131 1349 2217 specie

192 2233 472 2319 adumbratioueque
491 2244 587 2297 natus.
634 2233 749 2299 Deinde
770 2257 840 2326 cum·
858 2255 897 2298 ex
917 2234 1055 2319 Aegypto
1074 2234 1265 2313 revertisset,
1289 2234 1349 2297 Ar·
1427 2282 1431 2287 .
1523 2221 1528 2232 ’

190 2336 324 2402 cbelaum
349 2339 442 2401 adbuc
468 2347 618 2401 metuente
636 2334 762 2423 lorepbe
786 2336 1022 2423 Hierosolymam
1050 2358 1108 2400 nou
1128 2336 1216 2416 adiit,
1249 2348 1349 2422 utpote

191 2461 256 2505 eum
275 2449 305 2503 et
319 2438 416 2504 inians
434 2439 640 2523 comprehendi
661 2451 778 2524 posset,
810 2451 841 2503 et
855 2451 923 2505 ante
941 2451 1053 2524 tempus
1070 2439 1100 2501 in
1118 2459 1207 2503 carue
1224 2439 1347 2524 perpeti,
1463 2456 1498 2533 a?

191 2562 266 2627 quae
290 2553 356 2607 erat
378 2542 534 2626 aliquando
557 2563 711 2628 passurus.
761 2539 886 2607 Praeter
908 2543 981 2607 baec
1005 2562 1023 2605 a
1046 2538 1157 2605 loanne
1184 2541 1347 2628 prohibitus
1381 2540 1513 2601 uacul'

192 2655 257 2723 est,
289 2665 355 2708 cum
381 2645 528 2709 dominum
543 2666 650 2709 seruus
666 2644 837 2729 agnovisset
854 2647 938 2711 deum
956 2665 1024 2708 esse
1041 2643 1167 2709 bominis
1181 2655 1285 2708 natura
1302 2664 1349 2707 re·
1387 2607 1454 2664 ω

192 2766 266 2809 vera
284 2746 459 2829 praeditum.
505 2747 547 2810 At
569 2748 595 2812 is
615 2748 744 2812 habitum
759 2748 816 2812 sibi
838 2747 978 2812 bonorem
997 2768 1012 2810 a
1030 2767 1118 2811 servo
1137 2747 1167 2810 in
1187 2766 1223 2810 eo
1238 2765 1350 2829 genere

194 2845 369 2912 detrectavit
392 2869 506 2912 omnem
526 2850 556 2913 iu
573 2870 662 2914 carue
688 2871 727 2914 cx
743 2851 787 2914 rei
805 2851 953 2930 veritate,
984 2849 1060 2913 utin
1077 2851 1207 2934 perlecta
1224 2847 1349 2911 bominis

194 2957 298 3014 natura
315 2949 454 3015 iustitiam
472 2952 619 3036 impleret.
666 2948 733 3035 Qua
752 2953 782 3016 iu
800 2975 832 3017 re
849 2953 979 3018 salutare
996 2953 1081 3017 nobis
1099 2952 1264 3037 exemplum
1280 2950 1349 3014 reli·

195 3048 266 3134 quit.
312 3049 480 3134 Quinetiam
500 3076 571 3118 uere
587 3056 623 3119 de
640 3055 688 3119 vin
706 3056 842 3141 fatigatus
863 3067 925 3134 est,
950 3075 1005 3121 nee
1021 3055 1159 3139 fatigatus
1174 3055 1271 3134 modu,
1295 3052 1489 3129 seducunt

193 3150 282 3216 etiam
303 3175 373 3239 prae
398 3155 567 3222 lassitudine
593 3158 716 3223 resedit.
762 3159 885 3222 Adboec
908 3157 1045 3242 quoniam
1064 3179 1122 3221 uon
1139 3158 1206 3222 ficte
1224 3156 1350 3222 bominis

194 3266 328 3321 naturam
345 3270 533 3343 susceperat,
557 3271 697 3326 contenta
713 3280 788 3328 voce
805 3260 960 3338 clamavit,
994 3265 1091 3322 Venite
1106 3283 1214 3336 omnes,
1240 3264 1346 3342 quito·
1384 3273 1469 3322 uram.

194 3358 302 3421 durum
316 3370 346 3419 et
361 3365 473 3425 oanan·
485 3366 569 3436 ani,
593 3375 622 3424 et
640 3386 693 3444 ego
708 3366 835 3445 reflectam
853 3384 919 3438 νοις
951 3373 983 3426 ut
1007 3363 1043 3426 ad
1064 3384 1167 3428 omues
1190 3364 1270 3427 orbis
1288 3374 1347 3427 ter·
1385 3328 1419 3383 η’
1431 3329 1463 3372 ²

194 3480 293 3523 rarum
313 3459 463 3542 bomines,
487 3463 536 3546 qui
552 3464 590 3527 ad
606 3485 674 3529 sese
689 3467 900 3550 confugerent,
924 3466 1102 3530 recreandos
1121 3466 1257 3530 idoneam
1280 3485 1348 3530 esse

194 3560 376 3626 divinitatem
401 3585 482 3628 suam
507 3567 688 3629 estenderet.
732 3564 894 3632 Praeterea
912 3578 1040 3633 tentatus
1058 3590 1075 3632 a
1094 3568 1209 3632 diabolo
1224 3579 1288 3648 est,
1320 3578 1350 3632 et

195 3664 387 3750 quadraginta
404 3666 466 3730 dies
483 3667 547 3730 siue
572 3668 630 3731 ullo
649 3668 715 3731 cibe
728 3680 855 3754 potuque
876 3671 1054 3755 permansit,
1087 3682 1120 3735 ut
1135 3673 1257 3734 eandem
1276 3669 1349 3734 divi·

194 3767 316 3831 uitatem
340 3767 447 3832 nullius
473 3767 518 3832 rei
545 3769 677 3854 indigere
704 3784 892 3837 monstraret.
937 3773 1045 3858 Neque
1065 3774 1143 3838 euim
1163 3785 1222 3837 tum
1242 3774 1349 3836 famem

194 3872 374 3950 sustinebat,
406 3871 489 3955 quasi
509 3872 654 3935 severiori
678 3873 802 3954 quodam
825 3876 901 3941 vitae
922 3877 1055 3940 instituto
1072 3876 1126 3940 sibi
1143 3874 1347 3940 abstinentiam

193 3974 371 4051 indixisset,
400 3994 526 4058 seseque
550 3975 646 4041 inedia
668 3974 800 4040 cruciare
828 3999 863 4040 ac
880 3979 1052 4063 perdomare
1075 3979 1181 4060 vellet,
1212 3979 1265 4043 sed
1284 3990 1348 4042 tau·

194 4100 280 4164 quam
306 4100 406 4150 veram
430 4077 459 4141 iu
479 4099 547 4142 sese
569 4077 751 4142 divinitatem
773 4079 883 4144 babens
907 4081 1013 4144 nullius
1033 4081 1159 4165 egebat,
1189 4085 1289 4144 Postea
1304 4091 1348 4146 ta·

194 4202 279 4259 men,
312 4192 344 4245 ut
363 4181 508 4265 scriptura
535 4192 650 4262 narrat,
681 4188 800 4260 esurri't,·
836 4205 893 4268 qua
916 4183 1030 4246 ratione
1054 4205 1124 4248 vere
1144 4203 1177 4247 se
1201 4184 1347 4248 bominem

195 4281 301 4347 lactum
326 4304 393 4348 esse
413 4284 607 4368 significavit,
638 4305 703 4348 cum
729 4298 909 4372 assumptum
932 4307 956 4349 a
972 4307 1006 4349 se
1024 4306 1129 4372 corpus
1146 4286 1225 4350 reris
1248 4309 1282 4352 ac
1300 4309 1348 4352 ra·

195 4382 268 4446 tioui
296 4385 504 4450 consentaneis
529 4386 753 4451 necessitatibus
780 4389 942 4453 obnoxium
965 4410 1032 4453 esse
1053 4389 1152 4454 diviua
1171 4401 1275 4455 nutura
1295 4413 1349 4454 uo·

194 4483 311 4564 luisset,
334 4510 384 4570 nc,
410 4491 485 4574 quod
504 4510 545 4553 cx
560 4489 622 4576 ipsa
640 4510 745 4556 revera
763 4514 949 4578 consequens
965 4513 1033 4558 esse
1052 4493 1222 4575 videbatur,
1246 4513 1347 4560 veram
