3096 5070
442 267 584 320 rananu
601 268 857 321 susurroni.
874 267 975 321 uren.
989 268 1109 320 cxxvi.
1286 253 1348 319 oto

194 387 310 454 Etenim
327 409 387 452 nou
404 387 494 453 multa
507 398 576 452 suut
590 387 794 466 invariabilis,
828 388 880 450 sed
898 408 955 452 una
979 388 1122 451 duntaxat
1145 387 1174 450 ia
1194 386 1350 473 singulari·

195 502 253 565 tate
273 491 405 570 trinitas,
430 501 460 553 et
477 511 535 554 uua
554 489 585 554 iu
606 489 737 552 trinitate
755 488 911 566 diviuitas,
936 509 1024 573 aqua
1045 488 1156 574 reliqua
1171 489 1269 552 omnia
1283 509 1350 574 pro·

193 594 240 660 oul
255 594 375 658 distant.
420 590 528 677 Neque
544 612 617 656 varo
635 601 668 655 ut
686 591 849 676 patiantur,
879 602 930 655 aut
942 601 1049 675 agant,
1082 589 1204 654 fortuito
1225 592 1349 675 quodam

192 717 263 761 mou
282 706 440 761 consecuta
455 704 542 773 suut,
572 713 667 778 oeque
686 705 875 757 sacrosancta
892 693 1010 758 trinitas
1029 693 1094 756 dum
1114 693 1176 774 agit
1192 693 1250 777 pati
1270 693 1350 777 quio·

192 799 269 886 piam
290 809 406 883 potest,
439 819 504 863 oom
528 795 733 882 tntapatiendi
752 816 879 878 expers,
911 807 942 860 et
960 796 1109 860 adoranda
1127 795 1182 873 sit,
1216 795 1271 858 boo
1290 806 1347 873 eat,

193 912 278 988 pater
293 912 323 963 et
341 901 417 964 lllius
435 911 465 963 et
484 897 604 984 spiritus
628 908 760 963 sanctus.
807 895 923 984 Quippe
940 899 1012 962 deus
1031 919 1083 984 per
1101 897 1189 961 lilium
1213 898 1350 962 universa

192 1002 341 1081 condidit,
365 1000 454 1066 lilium
472 1022 543 1064 vero
558 1023 616 1064 nnn
637 999 723 1081 lecit,
756 1001 852 1084 utqui
870 1023 935 1065 oum
952 1001 1088 1065 omnibus
1112 999 1230 1065 minime
1251 1020 1352 1064 nume·

192 1115 288 1171 rator.
335 1101 486 1186 Siquidem
502 1103 530 1166 in
547 1104 646 1186 operis
664 1104 898 1167 communionem
917 1125 982 1169 uum
1001 1116 1084 1189 patre
1108 1104 1206 1183 venit,
1238 1114 1268 1165 et
1285 1123 1350 1167 cum

193 1207 299 1271 eodem
320 1206 471 1269 adoratur.
516 1202 624 1289 Neque
648 1216 797 1290 postremo
819 1207 952 1291 spiritum
977 1219 1109 1272 sanetum
1136 1204 1268 1282 creavit,
1303 1204 1352 1288 qui

113 1299 115 1303 ’
195 1327 233 1371 ne
248 1306 313 1392 ipse
329 1307 443 1392 quidem
468 1307 547 1371 iuter
571 1306 669 1370 omnia
696 1319 878 1372 numeratur.
924 1307 1020 1373 Huius
1040 1309 1118 1373 enim
1138 1309 1286 1395 proprium
1306 1319 1352 1371 est

195 1411 402 1475 universorum
428 1411 624 1474 corroborare
652 1410 810 1488 virtutem3
845 1412 921 1474 unde
938 1424 968 1475 et
984 1412 1180 1476 communiter
1201 1412 1350 1474 adoratur.

194 1509 290 1576 Porro
307 1534 374 1578 enm
392 1513 488 1577 omnia
505 1513 561 1576 sub
578 1513 664 1577 unius
688 1514 901 1598 providentiam
923 1515 1266 1598 administrationemque
1283 1513 1353 1578 snb·

194 1616 270 1679 ieota
286 1613 363 1696 aiut,
388 1617 522 1680 teruntur
536 1626 684 1699 aguntque
701 1616 834 1700 singula,
858 1627 889 1678 et
906 1637 980 1700 quaa
997 1639 1014 1681 a
1031 1618 1086 1680 deo
1102 1627 1171 1680 sunt
1183 1617 1278 1680 aliena
1302 1638 1353 1700 pa·

195 1717 316 1782 liuntur.
362 1715 511 1802 Quocirca
536 1738 593 1781 uua
616 1739 632 1780 a
651 1722 764 1803 seipsa
790 1719 905 1781 trinitas
927 1718 1109 1783 invariabilis
1131 1730 1194 1797 est,
1227 1719 1351 1804 reliqua,

195 1841 269 1905 quae
294 1820 331 1884 sb
356 1819 418 1904 ipsa
444 1820 662 1905 producuntur,
696 1820 794 1883 nmnia
821 1822 989 1899 varianturq
1028 1842 1103 1905 quae
1128 1842 1183 1886 uec
1207 1834 1350 1907 tempore,

196 1943 251 1986 ueo
274 1923 448 1985 aeternitate
472 1943 538 1985 cum
562 1921 612 1985 illa
639 1922 725 1986 simul
750 1922 894 1986 esistunt.
941 1922 1013 1988 Sola
1037 1924 1134 2007 itaque
1159 1925 1351 2009 sempiterna,

194 2027 326 2089 increata
342 2035 372 2088 et
386 2024 515 2107 ingenita
532 2034 589 2086 est.
635 2024 681 2088 Ac
697 2023 773 2089 lilius
789 2026 904 2110 quidem
921 2027 986 2090 siue
1005 2026 1063 2089 ullo
1080 2037 1212 2112 tempore
1229 2025 1352 2091 initiovc

194 2127 312 2213 genitus
329 2127 405 2190 idem
420 2125 457 2189 ab
472 2135 593 2189 aeterno
609 2137 671 2204 est,
695 2147 891 2212 necunquam
909 2150 976 2192 esse
991 2130 1108 2194 desinit.
1152 2127 1351 2212 Quamobrem

194 2241 279 2295 caute
297 2230 453 2293 adrandum
468 2240 570 2309 eaput,
604 2250 663 2292 noo
679 2234 789 2292 ebenum
802 2234 870 2312 filii
885 2242 996 2316 patrem
1023 2251 1089 2294 esse
1110 2252 1209 2294 sermo
1234 2231 1352 2296 divinus
1366 2261 1506 2320 pomp&

193 2332 328 2410 edocuit,
364 2331 450 2415 idque
480 2341 600 2415 propter
627 2332 747 2396 earrdem
778 2333 931 2417 utriusque
962 2324 1166 2397 substantiam.
1223 2330 1353 2420 Spiritus

194 2456 267 2499 vero
285 2445 407 2499 sanctus
424 2434 623 2518 sempiternus
640 2444 701 2511 est,
733 2445 764 2498 et
779 2458 796 2499 a
812 2437 1039 2522 patrermissum
1071 2457 1135 2500 cum
1160 2457 1219 2521 quo
1237 2457 1354 2523 semper

194 2536 315 2615 existit,
340 2557 395 2600 uec
417 2536 453 2599 ab
476 2536 574 2620 aliquo
597 2546 728 2621 tempore
751 2558 819 2603 esse
842 2540 949 2625 coepit.

283 2638 364 2701 Aetli
391 2634 489 2724 Caput
514 2635 671 2703 xxxvl.
726 2636 759 2704 Si
784 2642 951 2726 ingenitus,
984 2651 1014 2703 et
1035 2641 1107 2704 daus
1136 2662 1189 2726 pro
1214 2663 1273 2705 uno
1304 2663 1355 2706 an·

196 2741 320 2826 demque
336 2752 506 2818 sumantur,
531 2742 680 2825 ingenitus
695 2741 857 2827 ingenitum
874 2744 987 2827 genuit.
1034 2742 1088 2808 Sin
1107 2743 1255 2808 diversum
1272 2745 1354 2828 quid·

196 2841 260 2904 dam
285 2843 408 2927 ingeniti
429 2864 464 2905 ac
483 2844 529 2906 dei
554 2844 698 2908 voeabula
720 2845 888 2924 declarant,
926 2868 1109 2932 nequaquam
1131 2847 1287 2910 absurdum
1310 2859 1355 2911 est

198 2942 283 3006 deum
300 2967 317 3007 a
336 2946 391 3008 deo
408 2946 538 3030 genitum
557 2967 643 3026 esse,
675 2969 740 3010 cum
765 2957 888 3032 uterque
907 2949 943 3012 ab
962 2951 1091 3034 ingenita
1114 2949 1278 3013 substantia
1296 2951 1355 3013 ori·

196 3045 293 3129 ginem
319 3047 455 3110 traxerit.
502 3046 589 3131 erod
608 3049 633 3111 si
651 3060 719 3112 aute
745 3050 830 3113 dearm
854 3051 924 3114 nibil
949 3052 1069 3115 omuino
1096 3053 1165 3130 luit,
1200 3064 1233 3115 ut
1249 3074 1354 3116 revera

196 3145 267 3209 nibil
283 3149 399 3226 extitit,
432 3150 504 3214 deus
522 3162 552 3213 et
570 3151 731 3235 ingenitum
756 3151 832 3214 idem
853 3153 938 3236 plane
955 3155 1140 3238 significant,
1172 3177 1236 3218 cum
1255 3156 1354 3239 genita

194 3248 314 3313 soboles
331 3250 493 3336 ingenitum
513 3275 571 3317 non
588 3255 733 3319 admittat.
781 3251 866 3319 Unde
885 3277 951 3319 eum
972 3258 1027 3319 deo
1043 3278 1079 3320 ac
1100 3269 1180 3343 patre
1195 3278 1251 3321 suo
1266 3258 1354 3321 simul

194 3351 333 3436 appellari
354 3373 422 3417 sese
445 3375 504 3417 nou
527 3357 646 3437 patitur.

279 3449 403 3519 Conlut.
421 3457 554 3519 XXXVI.
598 3459 619 3519 l.
647 3455 730 3523 Unde
744 3461 860 3524 tandem
877 3482 931 3524 uos
948 3461 1054 3526 uerius
1071 3462 1151 3526 iubet
1163 3482 1263 3525 earum
1281 3482 1355 3546 quas

194 3556 329 3640 proponit
352 3556 618 3641 interrogationum
641 3580 676 3622 ae
696 3561 952 3627 ratiocinationum
978 3585 1097 3628 sensum
1124 3587 1158 3628 ac
1178 3565 1355 3628 seutentiam

193 3658 332 3741 assequi?
375 3657 409 3723 Si
427 3679 467 3721 ex
485 3661 667 3742 argumentis
692 3672 722 3725 et
742 3663 922 3749 syllogismis
947 3678 1050 3729 censet
1074 3668 1151 3730 istud
1176 3687 1242 3730 esse
1266 3687 1354 3751 quae·

193 3761 335 3838 rendum,
367 3760 501 3844 quioquid
522 3762 677 3844 cogitando
697 3765 861 3846 quaesitum
884 3767 1109 3852 indagatumque
1127 3769 1230 3846 luerit,
1262 3769 1291 3832 in
1311 3769 1356 3833 ui·

192 3861 281 3926 bilum
299 3884 355 3926 una
372 3883 437 3925 cum
456 3863 520 3948 ipso
537 3862 691 3946 redigitur.
738 3863 833 3928 Deum
848 3869 925 3931 enim
944 3871 1040 3933 nullus
1057 3892 1183 3954 unqunm
1199 3891 1356 3953 argumen-

192 3966 280 4028 tendo
295 3964 541 4051 comprehendet,
575 3984 669 4048 neque
687 3965 832 4050 opificium
850 3969 946 4053 opiliei
964 3973 1129 4049 nundinet,
1163 3978 1236 4052 Quid
1250 3979 1506 4063 mcitnnmqm

182 4071 306 4152 secasti?
337 4080 367 4131 ut
389 4069 603 4153 scriptumest.
650 4065 848 4151 Quamobrem
873 4071 919 4155 pio
937 4084 1034 4136 mente
1050 4085 1080 4136 et
1098 4076 1246 4139 innocenti
1268 4096 1353 4140 secu·

191 4171 278 4234 ritate
296 4172 331 4234 od
347 4170 443 4234 sancti
459 4172 597 4256 spiritus,
628 4192 702 4256 ques
720 4191 774 4256 per
793 4173 888 4236 saeris
911 4174 1011 4238 literar
1028 4178 1173 4259 patefacta
1192 4179 1276 4243 nobis
1293 4191 1351 4258 est,

194 4271 355 4342 doctrinam
379 4275 566 4338 revocandus
591 4285 636 4338 est
660 4275 788 4338 suimus.
836 4274 891 4341 Ubi
915 4297 979 4339 cum
1004 4276 1096 4340 solida
1123 4279 1352 4368 immutabilique

192 4396 288 4456 utroque
305 4395 373 4445 codd.
394 4409 449 4444 mar.
471 4399 492 4444 at
509 4396 563 4444 edit
581 4398 656 4456 petae.
790 4399 930 4460 pectoribus.

224 4458 249 4510 3.
266 4458 296 4515 ad
312 4459 360 4527 πρὸ
379 4465 442 4511 obest
460 4462 511 4512 bt.
527 4464 619 4512 ettbrts
632 4467 681 4511 tam
696 4466 753 4514 aert-
821 4463 846 4516 4.
864 4468 945 4528 supro
964 4463 1032 4527 ἔστι,
1050 4463 1079 4520 rd
1098 4465 1165 4529 bede.

188 4530 235 4590 ptta
247 4543 318 4593 quam
332 4533 407 4582 ada‘ttn
443 4532 651 4594 suppositionum
668 4533 697 4582 de
712 4546 753 4584 ru·
822 4535 845 4584 5.
862 4536 943 4598 Supra
960 4531 989 4590 τὸ
1008 4538 1231 4610 mormannum
