3096 5070
601 320 924 376 macerandaemts.
1283 311 1345 375 547

188 448 225 512 ab
252 446 397 510 divisione
431 444 608 527 linguarum.
664 440 773 507 Postea
807 463 879 507 vero
913 442 1128 506 recentioribus
1167 442 1347 527 temporibus

189 547 305 614 Graeca
322 548 494 632 superstitio
512 556 609 609 certas
626 543 657 606 in
674 544 813 608 haereses
834 566 869 608 ac
887 555 985 608 sectas
1004 544 1093 624 abiit,
1118 555 1218 630 utputa
1237 542 1349 629 Pytha-

188 673 366 739 goreorum,
392 646 578 726 Stoicorum,
602 644 841 725 Platonicorum,
875 645 1105 732 Epicureorum,
1130 659 1189 710 etc.
1234 645 1348 710 Eodem

189 776 279 841 porro
295 765 426 837 tempore
445 750 563 836 proprio
581 750 675 812 forma
694 770 728 811 ac
750 759 818 810 nota
836 770 925 812 verae
944 750 1060 834 pietatis
1077 760 1107 812 et
1125 748 1277 832 religionis
1293 769 1350 812 ex·

190 857 264 934 titit,
290 876 426 918 unacum
444 853 509 937 lege
526 863 665 929 naturae,
690 872 765 935 quae
781 851 817 914 ab
835 851 950 935 origiue
967 852 1066 914 mundi
1085 871 1153 914 sese
1174 851 1281 914 abillis
1298 871 1350 914 ua·

188 959 319 1022 tionibus
339 966 480 1041 perpetuo
495 955 681 1038 segregavit,
714 953 748 1016 ad
768 953 843 1016 banc
869 975 961 1038 usque
980 954 1055 1016 diem
1077 954 1155 1017 intcr
1175 950 1349 1033 Bnrbaram,

190 1057 362 1147 Scythicam
383 1057 586 1140 Graecumque
605 1055 844 1141 superstitionem
862 1055 1034 1133 interiecta,
1059 1056 1153 1119 donec
1170 1078 1235 1119 cum
1253 1056 1352 1120 Abra-

191 1162 249 1226 ami
274 1161 382 1245 pictate
400 1160 519 1222 coaluit.
567 1156 645 1220 Tum
673 1178 746 1221 vero
765 1155 928 1220 Iudaismus
952 1158 987 1222 ab
1009 1158 1149 1222 Abraami
1172 1158 1351 1244 temporibus

192 1263 338 1348 propriam
365 1264 486 1325 formam
513 1261 652 1344 adeptus,
684 1281 718 1323 ac
744 1280 796 1344 per
814 1257 943 1344 Moysen
963 1261 998 1323 ab
1022 1261 1171 1323 Abraamo
1195 1261 1351 1345 septimum

192 1386 227 1429 ec
244 1366 339 1449 legem
355 1385 370 1426 a
385 1365 441 1426 deo
458 1363 594 1426 traditam
612 1363 823 1448 amplificatus,
856 1372 885 1424 et
903 1363 939 1426 ab
955 1361 1026 1426 luda
1043 1375 1147 1448 quarto
1160 1362 1259 1426 Iacchi
1279 1363 1350 1441 lilio,

193 1470 287 1554 quiet
304 1466 396 1530 lsrael
413 1466 578 1528 nominatus
599 1475 663 1544 cst,
696 1486 749 1550 per
764 1461 925 1542 Davidem,
958 1466 1006 1549 qui
1025 1465 1135 1550 primus
1153 1487 1168 1528 e
1188 1466 1265 1530 tribu
1281 1463 1352 1528 luda

192 1590 316 1654 regnum
340 1577 494 1631 assecutus
511 1577 574 1645 est,
607 1570 768 1652 perlectum
785 1565 924 1630 Iudaismi
944 1589 1050 1632 nomen
1072 1568 1209 1632 obtinuit.
1255 1565 1352 1633 Grae·

194 1693 295 1738 oorum
319 1692 408 1756 porro
431 1671 486 1733 ista
511 1679 580 1732 snat
601 1667 780 1732 discrimina.

280 1771 475 1859 Pythagorei,
500 1773 564 1834 sive
585 1768 795 1857 Periparetici,
821 1773 973 1834 monadem
991 1782 1023 1834 et
1038 1772 1252 1857 providentiam
1271 1793 1352 1836 asse·

194 1886 338 1954 ruerunt,
363 1876 418 1938 diis
435 1873 624 1950 sacrificare,
649 1872 785 1936 animatis
803 1874 902 1951 vesci,
928 1895 962 1936 ac
979 1874 1047 1936 vino
1067 1876 1107 1938 uti
1128 1875 1350 1960 prohibuerunt.

196 1975 288 2042 lidem
307 1998 381 2061 quae
398 1976 434 2038 ab
451 1977 518 2039 lune
535 1997 650 2039 sursum
670 1986 785 2060 pateat,
810 1976 997 2052 immortalia,
1021 1997 1094 2060 quae
1112 1977 1256 2042 inferiora
1270 1988 1351 2056 sunt,

196 2080 330 2143 mortalia
346 2078 494 2141 dicebant.
538 2079 664 2141 Arrimaa
682 2099 698 2142 e
713 2079 886 2164 corporibus
902 2079 930 2141 in
946 2079 1003 2140 alia
1021 2100 1162 2162 corpora,
1187 2080 1274 2143 etiam
1291 2080 1354 2143 aui·

198 2182 316 2246 aralium
333 2203 367 2245 ac
385 2181 544 2245 bestiarum
560 2182 737 2245 transfundi.
784 2179 897 2245 Horum
914 2180 1054 2265 magister
1067 2179 1252 2266 Pythagoraa
1265 2182 1355 2245 silen-

195 2284 228 2346 nt
252 2283 364 2368 rigidus
386 2284 562 2347 observator
584 2284 670 2347 deum
693 2283 793 2348 baberi
817 2304 850 2348 se
874 2283 980 2347 voluit.

283 2485 428 2551 Platonici
446 2488 530 2550 deum
550 2497 580 2550 et
597 2489 747 2551 materiem
766 2509 802 2552 ao
822 2489 943 2550 formam
962 2488 1193 2569 constitueruntq
1217 2490 1355 2552 muudum

198 2591 329 2674 garritum
346 2610 382 2653 ac
398 2588 580 2673 corruptioni
598 2589 776 2668 obnoxium,
800 2590 924 2653 animam
941 2589 1100 2673 ingenitam
1118 2601 1148 2654 et
1164 2590 1356 2654 immortalem

199 2713 234 2754 ac
256 2691 384 2753 divinam
408 2689 541 2753 arbitrati
560 2701 638 2752 suut.
686 2689 782 2755 Huius
808 2705 868 2755 tres
895 2715 962 2756 esse
986 2703 1101 2778 partes,
1136 2714 1222 2756 unam
1242 2693 1356 2756 ratione

200 2792 377 2879 praeditam,
418 2792 539 2856 alteram
573 2813 629 2876 qua
660 2793 831 2871 irascimur,
875 2795 989 2858 tertiam
1023 2816 1078 2878 qua
1109 2795 1355 2880 concupiscimus.

190 2891 381 2959 Communes
397 2896 532 2957 omuibus
556 2916 667 2958 uxores
684 2916 750 2959 esse
773 2895 884 2974 voluit3
916 2917 1003 2960 uemo
1022 2908 1054 2961 ut
1071 2897 1211 2982 prinatam
1235 2897 1357 2961 baberet

200 3017 236 3060 ac
254 2996 449 3082 praecipuam,
473 2997 525 3061 scd
544 3008 576 3060 ut
588 2997 710 3081 quilibet
722 3019 844 3083 quarum
859 2997 946 3062 vellet
962 2999 1076 3082 copiam
1091 2999 1223 3064 baberet.
1264 2998 1356 3064 Iidem

200 3099 364 3163 animarum
382 3098 412 3161 ia
429 3100 511 3162 varia
536 3121 678 3184 corpora,
713 3101 800 3165 etiam
817 3101 995 3179 bestiarum,
1026 3102 1166 3166 transitus
1183 3103 1355 3167 affirmabat.

202 3197 285 3264 Deos
309 3200 432 3284 denique
456 3201 622 3286 complures
645 3202 680 3265 ab
704 3224 762 3266 uuo
785 3224 851 3266 essc
875 3203 1042 3288 productos.

288 3299 383 3366 Stoici
408 3323 514 3387 corpus
533 3303 703 3368 universum
728 3327 796 3369 esse
815 3306 972 3383 definiunt,
1006 3317 1036 3369 ct
1054 3306 1261 3392 aspectabilem
1281 3306 1357 3369 bunc

203 3404 339 3469 mundum
355 3403 440 3466 deum
457 3424 525 3469 esse
538 3416 681 3470 statuunt.
728 3405 870 3471 Nonnulli
885 3407 972 3471 etiam
989 3429 1030 3471 cx
1045 3409 1113 3491 igne
1130 3419 1263 3473 naturam
1280 3408 1358 3471 illius

203 3516 340 3569 constare
359 3506 529 3569 detentum.
574 3503 670 3570 Deum
688 3510 792 3592 quippe
818 3520 944 3572 merrtem
962 3531 1029 3574 esse
1048 3522 1167 3596 putant,
1200 3532 1235 3574 ao
1251 3509 1358 3573 vastis·

204 3608 295 3671 simae
312 3609 401 3671 totius
418 3607 520 3686 molis,
545 3607 620 3671 coeli
639 3619 793 3692 terraeque
817 3609 972 3692 videlicet,
997 3615 1135 3677 animam.
1182 3608 1275 3677 Cuius
1292 3631 1359 3674 cor·

205 3730 276 3795 pns,
299 3721 332 3773 ut
353 3710 432 3789 dixi,
457 3721 548 3774 totum
567 3709 623 3773 boc
640 3711 680 3774 sit
697 3709 877 3790 uuiversum,
903 3714 978 3776 oculi
999 3736 1071 3778 vero
1089 3715 1205 3795 sidera3
1229 3715 1358 3778 omnium

204 3811 327 3877 interire
349 3833 486 3893 caruem,
522 3823 551 3875 et
573 3813 698 3875 animam
721 3812 751 3875 ia
773 3813 891 3877 diversa
920 3817 1046 3880 transire
1069 3836 1194 3901 corpora
1216 3816 1272 3880 sibi
1295 3836 1360 3902 per-

204 3915 341 3980 suadent.

291 4016 430 4103 Epicurei
447 4028 561 4082 atomos
582 4028 612 4080 et
630 4015 777 4080 individua
803 4039 927 4103 corpora
945 4019 1089 4082 similibus
1113 4019 1276 4084 constantia
1295 4040 1361 4104 par·

206 4120 302 4200 tibus,
331 4131 362 4184 ct
378 4120 509 4199 infinita,
541 4141 640 4184 rerum
657 4119 785 4184 omnium
809 4119 981 4206 principium
1004 4143 1038 4185 ac
1055 4122 1141 4185 linem
1163 4143 1229 4186 csse
1254 4121 1362 4186 docue-

238 4355 282 4410 49.
300 4353 354 4412 ἀλλ’
372 4354 465 4419 αὐτοὺς
482 4362 546 4410 editt.
656 4364 658 4369 ’
830 4360 870 4411 52.
898 4363 963 4412 utta
990 4363 1061 4422 cetae
1089 4355 1233 4427 :scamma
1277 4365 1363 4413 Vitium

242 4427 281 4477 50.
299 4429 361 4478 Edit
380 4430 474 4480 Petoutt
499 4431 578 4480 caton.
593 4432 670 4491 repet
685 4431 765 4480 utttou
798 4432 927 4492 coaptatae
948 4432 1046 4479 ccrrcott
1062 4433 1116 4479 onte
1133 4432 1256 4480 Potentem
1274 4432 1363 4482 Corno-

209 4488 281 4548 on'rd.
312 4492 320 4502 ’
801 4501 851 4547 rtur
868 4500 892 4546 tn
910 4501 1013 4547 corstona
1031 4498 1125 4546 Latino.

242 4565 283 4614 at.
300 4565 344 4616 τοῦ
363 4565 431 4614 codd
449 4578 504 4616 maa.

1092 4649 1160 4716 35*
