3096 5070
187 269 230 335 90
615 280 736 333 οινσιι
753 279 922 331 minimi

183 396 225 482 μῆ
248 399 385 481 προςέεοι
404 405 447 487 τῷ
470 400 502 464 έν
526 401 619 486 σοφίγ
645 395 735 482 λόγου
759 395 940 481 κηρύγματι,
972 396 1024 461 καλ
1046 391 1118 477 μετά
1139 399 1263 474 πίστιως
1285 395 1344 481 τῆν

183 496 345 582 όμοιότητα
361 502 411 565 καλ
427 496 490 565 κατ’
513 499 618 565 οῦσίαν
633 505 687 565 τοῦ
704 502 774 564 υἰοῦ
789 498 865 579 πρός
881 499 995 582 πατέρα
1011 494 1183 583 όμολογοίη,
1206 496 1248 576 ῶς
1265 518 1344 581 ψευ-

182 602 325 687 δωνύμως
341 603 432 688 λέγων
449 601 502 668 τόν
516 603 628 687 πατέρα
641 602 692 666 καὶ
709 600 762 666 τόν
779 598 857 678 υἰόν,
879 603 929 665 καλ
949 599 1022 683 μῆτε
1038 602 1149 686 πατέρα
1161 603 1253 687 λέγων
1269 600 1341 686 ἀλη·

181 713 264 784 θῶς,
295 706 367 788 μήτε
387 702 469 783 νίόν,
499 701 572 771 ἀλλά
590 702 710 785 κτιστῆν
733 704 783 768 καλ
802 707 924 785 κτίσμα,
954 705 1006 769 καλ
1022 710 1202 770 καινοποιῶν
1218 702 1272 786 τῆν
1286 711 1344 772 τοῦ

181 808 294 893 πατρός
310 810 362 873 καλ
378 816 430 873 τοῦ
446 811 516 872 υἰοῦ
533 810 648 872 έννοιαν
666 807 716 872 ἰπλ
734 813 793 871 τῶν
811 813 925 872 λοιπῶν
939 804 1129 888 ποιημάτων,
1159 808 1211 871 καλ
1226 811 1345 888 σοφλζμ

181 920 255 976 σθαι
277 913 391 988 θέλων,
428 912 506 974 Ιεἰτε
527 913 608 997 γρελρι
630 905 672 983 ιός
693 905 726 974 τό
746 915 866 993 πρῶτον
889 907 1063 991 ποιημάτων
1087 907 1125 975 δι’
1143 909 1254 988 αὐτοῦ,
1283 912 1347 977 εἰτε

180 1010 330 1102 ῦπερβολῆ
342 1019 396 1078 τοῦ
412 1014 573 1097 μεγέθους,
596 1013 647 1075 καλ
662 1010 737 1076 κατά
752 1011 845 1093 μηδὲν
860 1008 1012 1096 όμολογῶν
1029 1010 1082 1093 τῆν
1099 1009 1345 1095 έκκλησιαστωιῆν

181 1120 279 1181 πίστιν
291 1115 346 1199 τῆν
359 1118 402 1190 εἰς
416 1116 529 1198 πατέρα
549 1115 644 1178 τεκαὶ
660 1113 742 1191 υἱόν,
774 1109 816 1188 ῶς
832 1112 901 1197 παρ’
917 1112 935 1179 ό
954 1113 1198 1198 ἐῦαγγελίσαντο
1215 1110 1295 1195 ῆμῦς
1311 1116 1349 1179 οἰ

180 1215 341 1283 ἀπόστολοι
365 1218 464 1282 θέλων
488 1213 746 1301 εῦαγγελίσασθαι,
779 1214 918 1297 ἀνάθεμα
947 1219 1030 1281 έστω.
1082 1218 1159 1295 Καὶ,
1190 1213 1265 1282 κατά
1286 1214 1346 1283 τόν

180 1318 328 1405 μακάρων
347 1326 484 1396 Παῦλον,
507 1318 739 1403 προειρήκαμεν,
761 1320 811 1382 καλ
829 1314 896 1401 ἀρτι
911 1317 999 1383 πάλιν
1019 1319 1117 1403 ’λέγω
1138 1316 1345 1401 ἀνειληφότες,

180 1424 230 1489 καλ
248 1421 308 1487 *τό
327 1422 495 1507 ἀναγκαίως
509 1421 622 1502 φαμέν·
666 1424 711 1485 Εἰ
723 1446 768 1495 τις
780 1420 833 1486 τόν
847 1418 944 1501 σοφόν
964 1422 1057 1500 μόνον
1073 1419 1193 1487 ἀκοῦων
1215 1424 1345 1507 πατέρα,

180 1527 233 1590 καλ
245 1530 354 1604 σοφίαν
369 1522 423 1589 τόν
438 1530 586 1608 μονογενῆ
599 1522 708 1588 τοῦτον
730 1521 812 1601 υἱόν,
843 1521 952 1587 τοῦτόν
970 1519 1044 1587 εἰναι
1063 1524 1142 1608 λέγοι
1159 1522 1214 1607 τῆν
1229 1530 1346 1606 σοφίαν

178 1635 221 1715 τῷ
236 1626 319 1715 μόνω
342 1632 445 1713 σοφῷ,
474 1625 607 1711 ἀναιρῶν
630 1624 663 1690 τό
682 1621 758 1689 εἰναι
776 1623 857 1703 υἱόν,
889 1625 1028 1706 ἀνάθεμα
1046 1627 1128 1691 ἔστω.
1173 1627 1234 1691 Καὶ
1253 1630 1284 1693 εἰ
1295 1653 1345 1705 τις

178 1726 231 1795 τόν
245 1726 342 1808 σοφόν
358 1726 480 1794 ἀκοόων
494 1729 621 1812 πατέρα,
652 1728 704 1792 καλ
718 1731 828 1806 σοφίαν
844 1725 895 1791 τόν
912 1725 981 1792 υἰόν
997 1724 1106 1804 αῦτοῦ,
1135 1727 1281 1811 ἀνόμοιον
1293 1730 1343 1795 λέ-

178 1857 239 1919 γων
255 1834 306 1896 καλ
322 1829 386 1897 κατ’
406 1829 511 1896 οῦσίαν
532 1828 586 1912 τῆν
609 1834 719 1911 σοφίαν
739 1837 794 1895 τοῦ
818 1836 917 1908 σοφοῦ
933 1836 1028 1906 θεοῦ,
1058 1826 1099 1904 ῶς
1121 1828 1162 1912 μῆ
1180 1833 1271 1916 λέγων
1284 1828 1341 1897 τόν

178 1932 276 2015 σοφόν
297 1941 350 2017 τῆς
371 1937 482 2012 σοφίας
504 1932 625 2015 ἀληθῶς
647 1933 776 2017 πατέρα,
811 1930 948 2014 ἀνάθεμα
968 1933 1050 1996 ἔστω.
1095 1934 1157 1997 Καὶ
1178 1936 1207 1998 εἰ
1226 1958 1268 2009 τις
1285 1929 1341 1999 τόν

89 2087 95 2099 .
147 2088 153 2101 .
179 2034 254 2101 θεόν
270 2044 346 2102 νοῶν
368 2033 421 2103 τόν
436 2037 564 2121 πατέρα,
593 2033 646 2101 τόν
662 2035 694 2100 δέ
713 2037 745 2100 ἰν
759 2034 835 2123 ἀρχῇ
857 2034 947 2119 λόγον
969 2059 999 2098 τε
1017 2036 1069 2099 καλ
1084 2033 1175 2114 θεόν,
1208 2030 1345 2102 ’ταῦτόν

179 2140 258 2225 λέγοι
272 2136 350 2224 πρός
366 2136 418 2204 τόν
432 2136 508 2204 θεόν
524 2137 612 2223 λόγον
630 2162 661 2201 τε
680 2139 732 2202 καλ
758 2134 832 2202 θεόν
855 2134 937 2225 αὐτῷ
955 2143 995 2224 τῷ
1011 2143 1075 2225 θεῷ
1092 2145 1133 2225 τῷ
1146 2137 1224 2224 πρός
1240 2137 1278 2204 ῦν
1291 2137 1342 2206 λό·

178 2268 231 2328 γος
244 2267 274 2306 τε
292 2243 367 2306 οκαλ
385 2238 469 2320 θεός,
494 2237 535 2316 ῶς
551 2240 592 2322 μῆ
608 2242 699 2325 λέγων
715 2236 836 2322 άληθῶς
852 2236 927 2316 υἱόν,
955 2237 1096 2322 ἀνάθεμα
1110 2242 1192 2304 έστω.
1237 2243 1300 2307 Kal
1316 2244 1349 2309 εἰ

177 2370 222 2420 τις
236 2342 288 2408 τόν
304 2351 450 2429 μονογενῆ
466 2342 541 2408 θεόν
560 2341 649 2428 λόγον
667 2341 736 2408 υἰόν
752 2339 871 2407 ἀκοόων
891 2348 945 2407 τοῦ
962 2348 1053 2418 θεοῦ,
1075 2340 1153 2426 πρός
1168 2341 1204 2406 όν
1219 2340 1238 2407 ό
1253 2341 1345 2429 λόγος

178 2472 208 2511 τε
223 2448 274 2511 καλ
288 2445 377 2523 θεός,
409 2443 554 2527 ἀνόμοιον
575 2447 655 2529 λέγοι
669 2446 721 2510 καλ
737 2442 800 2509 κατ’
819 2443 925 2509 οῦσίαν
945 2440 998 2508 τόν
1016 2441 1091 2509 θεόν
1106 2443 1195 2530 λόγον
1212 2451 1267 2510 τοῦ
1283 2471 1347 2511 πα-

177 2545 268 2633 τρός,
301 2548 354 2614 τόν
372 2546 448 2613 θεόν
469 2555 524 2612 τοῦ
536 2554 614 2612 θεοῦ
628 2550 679 2612 καλ
699 2546 828 2631 πατρός,
858 2543 936 2629 πρός
952 2544 987 2610 όν
1003 2543 1021 2610 ό
1037 2546 1199 2632 μονογενῆς
1215 2549 1247 2613 ἰν
1264 2545 1347 2639 ἀρχῇ

176 2644 215 2733 ῆν
230 2649 304 2727 θεός
326 2649 429 2734 λόγος,
461 2646 502 2726 ῶς
519 2648 559 2732 μῆ
575 2651 667 2735 λέγων
689 2649 813 2731 ἀληθῶς
837 2646 920 2724 νίόν,
950 2647 1089 2730 ἀνάθεμα
1112 2652 1194 2715 έστω.
1240 2651 1302 2715 Καλ
1316 2654 1351 2717 εἰ

175 2779 219 2829 τις
235 2752 335 2819 εἰκόνα
352 2750 474 2817 ἀκοάων
490 2752 543 2817 τόν
558 2751 626 2816 υἱόν
640 2759 693 2817 τοῦ
706 2758 783 2818 θεοῦ
799 2759 852 2816 τοῦ
865 2747 998 2833 ἀοράτου
1013 2748 1121 2817 ταῦτόν
1135 2754 1214 2836 λέγοι
1232 2749 1288 2834 τῆν
1300 2754 1347 2819 εἰ·

175 2854 251 2922 κόυα
269 2863 310 2945 τῷ
335 2862 399 2943 θεῷ
415 2861 457 2942 τῷ
473 2851 609 2943 ἀοράτῳ,
640 2852 681 2929 ῶς
702 2853 744 2937 μῆ
767 2850 921 2937 όμολογῶν
940 2851 1065 2936 ἀληθῶς
1087 2851 1168 2931 υἱόν,
1201 2851 1347 2937 ἀνάθεμα

177 2961 259 3023 ἔστω.
305 2961 366 3022 Καὶ
381 2960 410 3021 εἰ
419 2982 464 3032 τις
480 2956 581 3022 εἰκόνα
603 2954 725 3022 ἀκοόων
740 2953 792 3021 τόν
808 2962 954 3040 μονογενῆ
969 2955 1036 3020 υἱόν
1051 2963 1104 3021 τοῦ
1119 2953 1250 3040 ἀοράτου
1265 2964 1347 3025 θεοῦ

177 3058 322 3142 ἀνόμοιον
338 3060 418 3144 λέγοι
442 3060 494 3123 καλ
515 3056 577 3124 κατ’
600 3055 705 3124 οῦσίαν
720 3056 773 3123 τόν
791 3056 875 3135 υέόν,
908 3057 1010 3122 εἰκόνα
1033 3055 1104 3123 όντα
1121 3066 1176 3124 τοῦ
1194 3065 1270 3124 θεοῦ
1285 3062 1346 3127 τοῦ

178 3160 326 3245 ἀοράτου,
357 3153 395 3226 οῦ
419 3158 507 3225 εἰκῶν
531 3163 581 3226 καλ
603 3158 666 3225 κατ’
691 3160 797 3225 οῦσίαν
817 3168 944 3236 νοεῖται,
975 3156 1017 3234 ῶς
1038 3158 1161 3243 ἀληθῶς
1186 3159 1227 3244 μῆ
1248 3162 1347 3247 λέγων

176 3264 260 3345 υἱόν,
284 3264 424 3345 ἀνάθεμα
435 3266 517 3328 έστω.
563 3265 622 3327 Καὶ
640 3266 670 3328 εἰ
685 3288 730 3338 τις
751 3260 872 3327 ἀκοόων
891 3269 944 3326 τοῦ
967 3266 1036 3329 υἱοῦ
1052 3265 1203 3346 λέγοντος,
1224 3262 1346 3350 Ὥςπερ

178 3366 234 3454 γάρ
252 3363 270 3433 ό
285 3365 383 3448 πατῆρ
401 3369 458 3448 έχει
473 3363 551 3449 ζωῆν
570 3369 602 3431 έν
618 3367 730 3453 ἕαυτῶ,
753 3363 832 3430 οῦτω
850 3367 899 3429 καλ
919 3372 960 3452 τῷ
975 3368 1031 3452 υἱῷ
1048 3368 1158 3431 δέδωκε
1172 3365 1249 3447 ζωῆν
1267 3368 1347 3448 ἔχειν

176 3473 208 3537 ἰν
222 3473 331 3558 ἑαυτῷ,
360 3465 469 3532 ταῦτόν
483 3470 557 3552 λέγει
573 3466 625 3533 τόν
640 3466 784 3549 εἰληφότα
805 3465 887 3550 παρά
915 3476 968 3533 τοῦ
985 3468 1099 3548 πατρός
1125 3466 1178 3550 τῆν
1196 3466 1274 3550 ζωῆν
1289 3472 1346 3535 καί

177 3569 378 3658 όμολογοῦντα
394 3568 428 3634 τό
436 3621 445 3648 ,
478 3567 572 3654 Κάγῶ
595 3576 633 3648 ζῶ
650 3568 700 3634 διά
717 3567 770 3635 τόν
792 3572 921 3654 πατέρα,
951 3579 993 3659 τῷ
1012 3568 1171 3648 δεδωκότι,
1201 3569 1346 3652 ἀνάθεμα

176 3677 258 3740 ἔστω.
304 3675 364 3739 Kal
383 3676 413 3736 εἰ
425 3698 469 3748 τις
487 3671 607 3738 ἀκοῦων
626 3669 677 3749 τό,
698 3670 814 3757 Ὥςπερ
836 3670 892 3758 γάρ
909 3670 926 3739 ό
944 3672 1041 3757 πατῆρ
1059 3671 1137 3755 ζωῆν
1152 3676 1209 3755 έγει
1227 3675 1259 3739 έν
1273 3675 1343 3740 ἔαυ-

177 3784 236 3864 τῷ,
266 3777 346 3842 οῦτω
366 3776 481 3862 καὶτῷ
506 3777 563 3863 υἰῷ
587 3776 680 3839 ἔδωκε
702 3773 779 3858 ζαῆν
805 3777 878 3858 ἔχειν
898 3778 931 3841 ἰν
955 3778 1067 3863 έαυτῷ,
1098 3773 1241 3858 ἀνόμοιον
1261 3778 1346 3861 λέγοι
1403 3846 1406 3851 ,

179 3877 264 3943 'nat'
280 3875 384 3944 οῦσίαν
401 3876 454 3942 τόν
475 3875 543 3942 υἰόν
563 3885 603 3966 τῷ
624 3880 730 3962 πατρλ,
761 3876 1032 3964 διαμαρτυρόμενος
1051 3876 1097 3943 ότι
1117 3879 1212 3953 οῦτως
1228 3880 1284 3960 ἰχει
1301 3876 1345 3957 ῶς

178 3983 308 4064 εἰρηκεν,
339 3979 479 4063 ἀνάθεμα
496 3982 578 4045 έστω.
626 3977 761 4065 Φανερόν
781 3978 836 4066 γάρ
858 3980 903 4046 ότι
920 3988 973 4064 τῆς
989 3988 1065 4064 ζωῆς
1083 3989 1134 4063 τῆς
1152 3985 1182 4047 έν
1195 3988 1237 4070 τῶ
1251 3985 1345 4067 πατρί

178 4083 342 4165 νοουμένης
362 4082 468 4158 οῦσίας
490 4086 719 4166 σημαινομένης,
751 4084 802 4148 καλ
829 4091 883 4166 τῆς
906 4090 983 4165 ζωῆς
1007 4089 1059 4166 τῆς
1082 4092 1136 4149 τοῦ
1159 4091 1345 4168 μονογενοῦς

245 4255 304 4305 (λιν.
323 4256 358 4305 Χ.
376 4285 409 4295 -
444 4259 465 4339 1..
485 4257 535 4339 εἴτε
559 4257 632 4340 χρείᾳ
653 4261 747 4335 τεροευί
779 4257 881 4342 ελΐτιίιλί.ι
915 4256 940 4308 εἰ
953 4273 977 4308 τι
993 4260 1046 4309 cod.
1063 4259 1160 4321 ἰθυδὶρ.
1204 4330 1209 4339 .

176 4326 349 4450 mi,
362 4325 742 4456 ciiiiiiitiiiieiif'iie'
811 4324 835 4440 il
853 4324 1231 4457 {333J53‘522a⁶3›⁶020¹535⁶¹⁹·

176 4458 353 4526 magnitudinis
366 4459 547 4519 excellentiam,
566 4460 672 4527 primum
684 4476 738 4509 εσσε
805 4454 830 4506 4.
847 4456 876 4510 τδ
894 4464 970 4511 unicis
991 4465 1081 4512 πολαυίλ
1097 4464 1214 4512 Petamus.
1249 4465 1342 4516 Rescri-

178 4540 345 4583 creaturarum
360 4532 411 4579 τελε.
446 4527 520 4586 εἴτις
536 4528 611 4599 γραίᾳ
626 4530 677 4579 cod„
694 4529 741 4579 len.
776 4527 876 4576 bendum
891 4530 990 4590 {ortam
1006 4528 1051 4583 καλ
1068 4526 1120 4591 ἔτι,
1137 4531 1174 4580 vel
1190 4528 1235 4586 καί
1249 4547 1295 4584 τοι.
