3096 5070
385 327 523 381 eauanu
541 324 798 380 enarraretur.
815 325 1016 378 nascuxx.
1241 315 1282 379 35

123 450 207 516 riade
224 469 308 514 runs.
353 446 481 512 llestaut
510 447 686 531 suspectis
711 445 768 509 illis
796 446 859 510 dies
876 443 939 524 Vl,
964 445 1055 509 burae
1073 442 1195 527 XVlll,
1220 447 1285 531 qni·

124 553 179 616 bns
196 550 266 615 Vll.
292 572 388 615 annus
412 551 546 613 undenos
569 549 651 628 dies,
685 549 772 613 boras
797 561 858 612 tres
882 547 993 612 adiicit.
1047 545 1140 612 Fiunt
1161 561 1283 634 epactae

124 652 252 734 XVlll,
284 649 484 718 boranXl.
532 650 609 714 Tum
628 648 812 716 villanus
831 648 877 714 Xl
899 651 1123 715 rursusdiebus
1145 649 1284 736 bonisque

125 758 218 821 tribus
231 757 388 833 adiunctis,
413 750 487 819 Vlll
505 766 535 817 et
547 751 613 817 XX
626 755 752 831 dierum,
776 766 864 839 atque
881 753 1018 817 horarum
1035 750 1147 818 XXlV
1163 767 1285 840 epactae

92 926 96 934 ,
124 862 317 944 colliguntur,
350 859 440 920 borne
464 857 527 920 dies
551 856 709 920 conlicinnt
726 857 816 936 duos,
847 857 894 941 qui
911 853 1051 919 XXVlll
1070 856 1126 920 illis
1144 878 1285 921 antrunre-

126 966 180 1028 rati
198 959 297 1027 XXX
314 961 377 1023 dics
396 959 505 1023 solidos
524 957 681 1045 complent.
727 956 829 1042 Quare
848 957 936 1023 Vlll.
954 980 1030 1022 anno
1046 956 1144 1022 XXX
1162 960 1224 1023 dies
1241 961 1285 1023 iu-

125 1065 322 1141 tercalantur,
354 1074 384 1126 et
405 1062 552 1126 biennium
575 1061 651 1126 istud
669 1082 799 1125 mensem
818 1061 906 1126 ltahet
931 1084 1037 1142 unum,
1068 1063 1202 1145 adeoque
1224 1072 1286 1125 totu

42 1222 45 1227 .
125 1167 176 1232 illa
197 1166 334 1251 periodus
359 1164 534 1229 octadtcriea
553 1164 616 1228 dies
632 1164 688 1227 sibi
706 1165 844 1228 vendicat
862 1160 939 1244 XC,
975 1165 1023 1249 qui
1042 1185 1160 1228 meuses
1174 1164 1286 1228 solidus

126 1269 256 1333 elliciuut
271 1265 332 1347 ttt;
351 1269 484 1332 nimirum
502 1267 602 1353 primis
616 1267 729 1331 duobus
748 1268 882 1332 trienniis
896 1266 1021 1352 singuiis
1037 1287 1167 1330 ocensem
1183 1288 1284 1347 unum,

128 1371 246 1435 biennio
263 1371 360 1435 itidem
378 1381 521 1456 sequente
540 1391 671 1433 mensem
688 1392 807 1434 noum·
836 1368 869 1433 lu
888 1369 933 1434 luis
952 1370 1046 1434 tribns
1062 1370 1286 1434 intercalaribus

128 1474 294 1553 mensibus,
326 1473 375 1558 qui
401 1472 506 1558 triplici
530 1472 578 1534 illa
596 1473 707 1536 dierum
728 1474 902 1537 collectione
921 1483 1077 1551 constant,
1110 1470 1285 1537 ludaeorum

127 1574 257 1654 Pascha,
283 1599 300 1641 a
314 1573 551 1641 Christianorum
574 1585 799 1659 ceterorumque
815 1573 960 1639 Pnscbate
976 1575 1125 1639 diversum
1140 1585 1197 1638 est.

211 1677 294 1742 llaec
317 1689 386 1742 snut
407 1678 436 1739 in
457 1675 560 1759 quibus
581 1676 710 1739 Andioni
726 1678 761 1739 ab
783 1678 908 1742 ecclesia
927 1677 1120 1756 dissentiunt,
1152 1678 1442 1760 quemirrCap.tt1V.

124 1802 257 1846 errorem
283 1781 364 1844 viros
387 1777 509 1862 perinde
526 1798 561 1839 ac
580 1776 719 1840 mulieres
737 1777 892 1858 inducunt,
926 1783 991 1843 duni
1008 1781 1064 1844 bac
1078 1779 1109 1843 io
1126 1791 1207 1865 parte
1223 1781 1300 1865 glo-¹

125 1885 241 1947 riarrtur
255 1882 348 1944 veteri
363 1902 396 1943 se
416 1877 565 1944 traditioni
583 1890 614 1942 et
629 1880 828 1965 apostolorum
844 1882 969 1946 decretis
988 1883 1140 1961 insistere,
1159 1905 1224 1946 cum
1242 1882 1288 1946 in·

127 1985 212 2046 terior
232 1983 302 2045 nibil
324 1983 378 2045 boc
393 1984 422 2045 iu
440 1983 560 2066 negotio
577 1984 751 2067 castigatum
769 1993 994 2068 accuratnmque
1013 1995 1152 2065 teneant,
1187 2007 1224 2049 ne
1239 2006 1286 2050 se·

127 2085 224 2148 dulanr
240 2084 320 2147 illam
345 2084 542 2170 apostolorum
559 2085 588 2148 in
607 2084 660 2148 bac
677 2084 896 2149 Constitutione
911 2085 1091 2171 diligentiam
1108 2087 1284 2171 intelligant,

128 2209 213 2271 quam
237 2208 273 2250 eo
289 2187 413 2250 consilio
432 2186 621 2251 adbibeodarn
640 2187 681 2251 illi
700 2198 856 2274 putarunt,
888 2208 946 2251 uon
963 2190 1038 2272 quod
1061 2186 1159 2254 ludaei
1178 2190 1286 2276 optime

127 2310 163 2353 ac
179 2291 244 2353 siue
260 2310 363 2353 errore
384 2289 413 2353 in
431 2290 479 2352 illa
498 2290 669 2354 celebritate
687 2302 897 2370 versarentur,
928 2292 980 2353 scd
996 2301 1141 2354 uteorum
1159 2294 1287 2377 pertina-

128 2392 201 2455 ciam
220 2393 413 2457 excluderent
433 2392 482 2477 qui
505 2393 650 2456 conrmuui
676 2394 873 2457 consensione
889 2404 987 2478 spreta
1005 2413 1077 2456 suae
1095 2394 1218 2478 quisque
1235 2416 1288 2458 ro·

127 2495 231 2559 luctati
259 2516 294 2558 ac
322 2495 528 2559 connsuetudini
556 2496 670 2559 servire
695 2496 827 2559 mallent.
883 2494 1002 2559 Etenim
1032 2492 1170 2559 Christus
1199 2518 1286 2560 unum

125 2594 240 2661 Puselra
255 2598 291 2659 ab
307 2597 444 2662 omnibus
461 2597 613 2661 observari
628 2598 749 2682 cupiens
764 2598 848 2662 liuius
865 2599 952 2662 unius
969 2598 1114 2663 rationem
1134 2597 1228 2673 ducit,
1259 2608 1290 2660 et

127 2720 193 2765 enm
210 2701 352 2785 approbat
369 2700 417 2784 qui
434 2701 512 2763 corni
535 2701 723 2763 contentione
740 2700 834 2784 posite
850 2724 914 2765 cum
932 2702 969 2764 iis
984 2701 1132 2778 celebrat,
1156 2699 1204 2783 qui
1223 2719 1290 2763 cer·

128 2804 269 2867 tissimum
288 2803 365 2866 illius
381 2803 523 2866 rationein
543 2804 656 2881 ineunt,
680 2803 736 2866 lroc
752 2814 798 2867 est
812 2827 878 2867 cum
893 2804 1018 2867 ecclesia
1035 2803 1189 2880 catholica,
1214 2822 1289 2885 qtrae

129 2904 218 2967 uariis
242 2906 335 2968 modis
360 2907 465 2968 lectum
482 2906 551 2968 illud
568 2906 681 2968 indicit.
727 2903 788 2969 lam
802 2928 875 2970 vero
891 2907 916 2970 si
935 2927 951 2968 a
971 2902 1159 2975 Constantini
1178 2916 1289 2990 tempo·

129 3007 211 3071 ribus
224 3009 315 3093 prima
333 3008 461 3071 omnium
477 3009 513 3072 de
529 3007 694 3071 istiusmodi
713 3009 884 3072 celebritate
899 3009 1024 3071 conllata
1042 3010 1139 3073 locent
1154 3008 1286 3087 dissidia,

129 3112 286 3175 nonnullus
310 3113 432 3174 istorum
459 3111 623 3174 calumniae
650 3111 731 3173 locus
754 3132 822 3174 esse
845 3111 1008 3174 uideretur.
1053 3107 1114 3175 Sed
1133 3133 1197 3174 cnm
1219 3125 1289 3176 urite

129 3209 358 3279 Constantinum
376 3216 477 3276 eadem
493 3214 542 3277 illa
560 3214 685 3277 divortia
703 3211 849 3296 vigerent,
875 3224 904 3276 et
922 3215 1048 3297 gentiles
1065 3225 1174 3279 tantam
1194 3215 1290 3279 eccle·

128 3317 191 3381 riae
209 3316 384 3380 discordiam
408 3338 465 3378 noo
486 3317 551 3381 sine
571 3316 695 3380 ludibrio
713 3316 798 3379 uobis
814 3316 1048 3400 exprobrarent,
1083 3318 1199 3379 tartdem
1216 3337 1289 3380 vero

129 3420 182 3483 sub
206 3421 384 3505 imperatore
403 3415 598 3483 Constantino
622 3419 858 3504 conspirantibus
874 3418 1020 3503 episcopis
1046 3419 1195 3482 dissidium
1220 3417 1288 3480 illud

132 3522 312 3602 pacilicatnm
337 3522 421 3584 etad
441 3524 795 3586 concordiamredacturn
819 3522 926 3599 luerit,
961 3521 1028 3604 qnid
1054 3523 1168 3584 {aridem
1193 3519 1291 3580 rutilius

131 3633 182 3683 aut
199 3621 351 3687 iucundius
370 3635 417 3688 est
431 3646 515 3709 quam
534 3625 570 3687 ab
587 3626 729 3688 extremis
750 3635 847 3687 terrae
864 3624 969 3687 irrribus
986 3620 1175 3687 Christianos
1189 3632 1292 3682 omnes

133 3725 255 3809 populos
277 3725 466 3789 inhonorem
485 3726 531 3790 dei
551 3728 616 3789 lesti
635 3728 712 3791 illius
728 3727 901 3791 celebritate
919 3725 1057 3807 deluugi,
1090 3744 1125 3786 ac
1146 3720 1293 3784 commatri

132 3826 331 3889 consensione
353 3826 468 3910 vigilias
491 3827 595 3889 obiret
617 3830 753 3907 eosdem,
780 3831 913 3914 inquam,
938 3839 967 3891 et
986 3826 1126 3911 aequales
1143 3825 1207 3888 dies
1228 3844 1293 3908 per-

133 3928 280 3992 noctando
297 3930 500 4012 precandoque
527 3928 680 3992 traducere
699 3951 811 3995 summa
828 3931 1004 4006 concordia,
1035 3949 1070 3991 ac
1086 3927 1177 3991 divini
1197 3926 1293 3990 rrumi·
1356 4000 1359 4004 ,

132 4031 181 4095 nis
198 4028 356 4113 obsequio,
382 4029 517 4108 ieiuniis,
542 4029 689 4092 aridorum
710 4052 782 4110 usu,
806 4031 999 4109 castimonia,
1032 4031 1155 4115 aliisque
1175 4029 1292 4115 pietatis

65 4129 68 4135 ’
133 4133 253 4212 ollieiis,
286 4133 390 4218 quibus
410 4131 662 4216 religiosissimum
690 4132 769 4195 illum
793 4135 866 4197 diem
896 4137 1083 4217 lrequentare
1102 4155 1135 4197 ac
1154 4130 1293 4195 venerari

133 4237 250 4300 solent?
295 4235 355 4301 Sed
378 4236 451 4300 baec
465 4235 539 4300 satis
558 4256 625 4300 esse
639 4234 769 4299 arbitror
784 4236 819 4299 de
837 4235 1038 4299 Audianorum
1056 4235 1176 4301 dissidio
1194 4233 1293 4298 bacte-

134 4361 190 4405 uus
211 4340 368 4425 disputata.

131 4512 177 4564 b
195 4516 288 4564 nerum
311 4522 337 4563 et
359 4510 462 4562 eosdem
483 4510 537 4562 dies
560 4510 698 4578 aequaliter
764 4509 789 4562 6.
807 4508 1011 4579 πανσεβασμίνον
1028 4512 1066 4563 ed
1080 4513 1158 4573 prisc.

135 4579 217 4640 ferre,
234 4580 260 4630 in
277 4578 368 4646 vigiliis
384 4585 433 4631 cett.

125 4684 133 4699 .
1039 4666 1057 4729 3
1071 4662 1087 4698 u
