3096 5070
266 281 329 343 400
690 292 1002 346 εεαοτιεειεινλαιι

266 405 375 489 θδτητι
393 408 425 472 δέ
441 407 659 491 σαφηνιζόμενα
675 409 910 476 πεπιστεύκασιν.
957 410 1003 475 οῦ
1019 408 1111 489 μόνον
1124 407 1180 497 γάρ
1195 413 1258 477 ἐκεῖ
1270 419 1356 478 τοῦτο
1374 416 1432 496 βοι-

267 511 347 586 θέας
368 513 497 595 είρηται,
519 508 590 577 άλλά
610 514 660 576 καί
683 511 754 578 άλλα
776 513 879 579 πολλά.

131 629 257 702 Κιφηηῄ
352 609 401 677 Ἐν
415 614 447 678 δέ
464 621 506 702 τῷ
521 612 644 699 παρόντι
671 623 766 703 καιρῷ
784 614 834 681 διά
855 614 910 697 τὴν
926 621 1085 698 συντομίαν
1103 616 1194 698 μόνον
1214 618 1246 682 ἐν
1262 606 1431 699 ὑπομνήσει

268 717 421 802 γεγένημαι
442 723 484 804 τῷ
498 715 590 805 λόγῳ,
620 715 703 794 ὅπως
722 726 831 804 γνοῦσιν
849 722 880 784 αί
896 723 1048 800 θεοσεβεῖς
1067 717 1114 784 δτι
1140 720 1230 783 παντί
1255 721 1431 808 βουλομένῳ

268 814 456 900 ὑπερβαίνειν
472 818 543 895 τοῦς
556 818 649 902 δ’ραυς
665 827 718 903 τῆς
736 818 822 906 άγίας
838 827 914 885 θεοῦ
931 822 1085 902 ἐκκλησίας
1101 812 1152 885 καί
1166 820 1359 906 παραδόσεως
1373 829 1432 904 τῆς

269 928 458 1005 προφητικῆς
480 923 532 986 καί
557 919 763 1004 άποστολικῆς,
786 922 911 998 πίστεοίς
926 947 956 987 τε
971 924 1021 988 καί
1038 925 1227 1000 διδασκαλίας
1241 922 1295 1006 τὴν
1311 927 1430 1005 ἐλπίδα,

269 1022 332 1092 αἰπό
350 1031 403 1106 τῆς
416 1031 486 1106 μιᾶς
502 1021 675 1101 ὑποθέσεως
690 1031 743 1090 τοῦ
762 1033 872 1110 μικροῦ
887 1027 938 1090 καί
952 1027 1084 1108 βραχέως
1104 1028 1194 1111 λόγου
1214 1024 1288 1091 κατά
1307 1026 1340 1092 τά
1354 1025 1430 1093 άκα-

270 1135 367 1213 ριαῖον
382 1128 434 1191 καί
447 1124 534 1209 τυχόν
552 1129 584 1192 έν
599 1124 777 1210 παρεκβαίνει
791 1126 947 1213 γινόμενος
963 1127 1155 1210 φρονήματος
1179 1131 1221 1204 είς
1241 1126 1351 1205 πολλάς
1368 1137 1431 1195 λοι·

271 1227 329 1295 πάν
344 1235 529 1309 κενοφωνίας
548 1231 600 1294 καί
619 1227 766 1314 σφαλεράς
786 1226 931 1307 άπονοίας
952 1227 1139 1315 άλογισμδς,
1168 1233 1219 1296 καί
1235 1233 1277 1307 είς
1298 1229 1430 1317 αίναρμό-

270 1352 358 1408 στοας
381 1333 432 1396 καί
454 1334 537 1409 ξένας
551 1331 698 1415 ζητήσεις,
729 1333 780 1396 καί
799 1330 985 1418 ἀπεράντους
1002 1336 1200 1417 γενεαλογίας,
1223 1332 1298 1398 κατά
1313 1331 1350 1398 τά
1366 1330 1430 1400 ῦπό

269 1442 323 1501 τοῦ
341 1435 510 1500 άποστόλου
527 1437 681 1519 εἰρημένα,
702 1433 889 1520 τραπήσεται.
933 1432 1022 1499 Είναι
1041 1434 1097 1520 γάρ
1113 1440 1201 1500 τοῦτο
1215 1433 1324 1518 εῦηθες
1338 1435 1429 1517 πολῦ,

269 1540 322 1604 καί
337 1537 409 1620 μήτε
424 1542 523 1622 χρείαν
541 1541 607 1620 ίχον
623 1538 791 1620 ἑρμηνείας,
822 1538 909 1602 παντί
927 1539 1021 1618 σαφές
1041 1539 1103 1602 ἐστι
1124 1545 1166 1627 τρῖ
1188 1538 1305 1605 σάνεσιν
1326 1563 1430 1622 κεκτη·

271 1642 366 1730 μένῳ,
397 1638 444 1705 ότι
466 1639 537 1706 οῦδὲ
563 1642 707 1705 ἐπιδέεται
728 1637 875 1722 ζητήσεως
900 1636 1062 1722 ἡτοιαύτη
1083 1646 1189 1723 σοφία,
1210 1643 1263 1706 καί
1281 1639 1430 1718 ῦπόθεσις

270 1742 438 1828 τοῦλόγου.
484 1746 526 1806 Εἰ
541 1740 596 1828 γάρ
614 1741 789 1827 ἐγειρόμεθα
807 1742 894 1808 πάλιν
913 1745 1148 1826 περιτέμνεσθαι,
1171 1748 1228 1809 τίνι
1241 1744 1374 1834 τῷλόγῳ
1392 1743 1430 1810 οά

235 1835 237 1840 ’
271 1845 491 1932 προειλήφαμεν
505 1844 538 1910 τδ
552 1847 793 1931 περιτέμνεσθαι;
828 1843 905 1930 Ἀρα
921 1837 976 1909 οῦν
987 1841 1062 1909 κατά
1075 1852 1163 1911 τοῦτο
1184 1842 1430 1933 ἐάναγκαιότεραι

137 1959 260 2019 nnc-¹⁸²2
274 1945 359 2031 ἡμῶν
376 1946 568 2033 τυγχάνουσιν
584 1951 615 2013 οέ
629 1947 810 2012 άπεντεῦθεν
826 1945 860 2012 τό
883 1949 991 2012 τέλεων
1012 1946 1196 2032 ἐπιγνόντες,
1228 1952 1279 2015 καί
1296 1958 1429 2036 προειλη-

272 2049 361 2132 φότες
378 2057 564 2116 τελειοῦσθαι
582 2052 614 2115 έν
632 2057 669 2140 τῇ
683 2049 748 2115 τότε
764 2050 906 2140 μελλοῦση
928 2048 1090 2133 τελειότητι.
1137 2057 1207 2117 Ποῦ
1225 2045 1283 2118 οῦν
1298 2051 1330 2118 τό
1347 2051 1428 2137 παρά

270 2161 312 2242 τῷ
328 2153 483 2243 αἰποστδλρα
499 2154 652 2238 εἰρημένον
666 2151 727 2234 ὅτι,
751 2150 827 2217 Ἐάν
845 2155 1072 2239 περιτέμνησθε,
1098 2153 1228 2239 Χριστός
1245 2152 1323 2238 άμᾶς
1338 2153 1425 2220 οῦδὲν

272 2253 433 2338 αίφελήσει,
455 2256 522 2334 καί,
548 2259 664 2332 Οίτινες
680 2258 712 2322 ἐν
728 2254 812 2344 νόμω
832 2260 1024 2332 δικαιοῦσθε,
1053 2262 1106 2338 τῆς
1121 2256 1239 2343 χάριτος
1260 2257 1420 2334 ἐξεπέσατε·

270 2360 322 2424 καί
338 2365 404 2435 ποῦς
418 2356 451 2423 τό
467 2355 548 2443 παρά
564 2365 606 2448 τῷ
622 2363 715 2448 κυρίῳ
733 2360 905 2440 εἰρημένον,
934 2356 983 2422 Ἐν
999 2356 1054 2443 γάρ
1069 2365 1106 2448 τῇ
1123 2357 1274 2424 άναστάσει
1289 2354 1355 2420 οῦτε
1369 2381 1419 2441 γα-

272 2468 393 2546 μοῦσιν,
424 2458 490 2526 οὔτε
512 2466 718 2546 γαμίσκονται,
748 2457 818 2525 άλλά
836 2460 979 2546 ίσάγγελοί
995 2462 1058 2525 είσι.
1107 2459 1147 2527 To*
1161 2461 1206 2540 δέ,
1237 2458 1420 2543 Καθήσεσθε

272 2565 322 2630 λπί
348 2570 402 2646 τῆς
430 2565 574 2648 τραπέζης
601 2570 656 2629 τοῦ
686 2561 797 2649 πατρός
824 2588 884 2645 μου
922 2565 1073 2639 ἐσθίοντες
1100 2565 1151 2629 καί
1176 2566 1325 2641 πίνοντες,
1360 2563 1424 2640 καί,

261 2664 359 2730 Ὅταν
382 2663 453 2732 αῦτδ
476 2672 535 2732 πίω
559 2666 662 2732 καινόν
685 2662 753 2749 μεθ’
766 2662 852 2748 ῦμαῦν
867 2667 899 2730 ἐν
915 2673 951 2755 τῇ
966 2670 1096 2754 βασιλείᾳ
1113 2671 1172 2732 τῶν
1186 2665 1332 2751 οῦρανῦν,
1355 2661 1426 2747 μετά

274 2767 451 2855 προςθήκης
466 2776 518 2835 τοῦ
538 2767 662 2848 Καινδν,
685 2770 734 2833 καλ
751 2766 795 2845 τό,
817 2767 883 2834 Ἐπί
900 2774 953 2850 τῆς
969 2771 1112 2854 τραπέζης
1125 2776 1179 2852 τῆς
1192 2772 1349 2851 βασιλείας,
1369 2769 1428 2832 ἕτε-

273 2900 328 2960 ρον
342 2872 394 2938 τόν
408 2879 479 2938 νοῦν
492 2876 634 2955 σημαίνει.
679 2873 739 2936 Καί
756 2867 811 2956 γάρ
829 2872 880 2936 καί
896 2869 984 2935 αῦτοί
1002 2894 1113 2952 φαμεν,
1146 2867 1354 2954 μεμαθηκότες
1367 2866 1428 2934 άπό

273 2983 332 3041 τῶν
348 2980 441 3040 θείων
457 2972 568 3059 λόγων,
597 2972 760 3056 μετάληψίν
780 3000 844 3038 τινα
859 2971 993 3055 πόματος
1009 2974 1061 3038 καλ
1076 2972 1234 3057 βράματος
1250 2971 1430 3059 άμβροσίου,

272 3079 341 3162 περί
356 3070 397 3142 άν
413 3079 525 3161 εἴρηται
543 3074 604 3155 ὅτι,
618 3075 658 3139 “A
673 3073 832 3158 α’φθαλμός
845 3073 901 3141 οιίκ
919 3071 998 3154 οίδε,
1021 3077 1072 3140 καί
1089 3067 1142 3151 οῦς
1161 3074 1218 3141 οῦκ
1233 3073 1356 3159 ἤκουσε,
1379 3076 1432 3141 καλ

211 3235 215 3244 .
273 3181 323 3246 ἐπί
340 3183 465 3264 καρδίαν
480 3174 648 3264 άνθροίπου
662 3174 717 3243 οῦκ
736 3175 843 3261 άνέβη,
866 3176 886 3242 ά
903 3175 1060 3261 ἡτοίμασεν
1078 3175 1183 3254 όθεός
1197 3187 1259 3255 τοῖς
1273 3177 1433 3263 ἀγαπῶσιν

275 3279 374 3348 αῦτόν.
418 3280 503 3345 Ἀλλά
526 3303 600 3363 φησι
616 3278 661 3346 ὅτι
684 3281 874 3364 πρῶτονμὲν
893 3283 925 3347 ἐν
949 3288 985 3370 τῇ
1002 3284 1241 3366 χιλιονταετηρίδι
1262 3287 1322 3346 τοῖν
1343 3300 1433 3361 φυσι-

274 3391 336 3450 κοῖν
352 3382 611 3467 μεταλαμβάνομεν
629 3378 723 3466 ἡδέων
741 3382 812 3448 άνευ
827 3382 962 3466 καμάτου
979 3386 1028 3450 καλ
1047 3382 1157 3469 λάπης,
1187 3383 1260 3468 μετά
1275 3384 1307 3448 δέ
1320 3381 1374 3466 τὴν
1389 3409 1435 3466 χι-

273 3491 506 3572 λιονταετηρίδα,
534 3485 600 3551 τότε
622 3484 879 3568 μεταλαμβάνομεν
903 3478 945 3550 οῦν
963 3490 1092 3570 εἴρηται,
1123 3485 1198 3553 κατά
1215 3485 1248 3554 τό
1266 3487 1433 3574 είρημένον,

265 3586 305 3653 “A
328 3589 487 3672 ὀφθαλμός
508 3586 565 3654 οῦκ
588 3584 665 3667 οἶδε,
688 3590 738 3654 καί
760 3580 815 3664 οῦς
835 3588 893 3654 οῦκ
914 3585 1050 3672 ἤκουσεν.

129 3824 196 3894 xm
207 3818 255 3878 λη’,
354 3793 525 3870 Ἀντίθετος
539 3795 572 3859 δέ
589 3796 667 3860 ἐστιν
683 3791 701 3859 ὅ
715 3793 802 3880 λόγος
816 3792 894 3882 πρός
906 3795 961 3879 τήν
976 3802 1076 3860 πᾶσαν
1089 3802 1143 3877 τῆς
1157 3801 1274 3879 γραφῆς
1290 3795 1433 3877 θεωρίαν.

274 3900 317 3964 El
333 3897 389 3985 γάρ
407 3895 425 3963 ὅ
441 3897 533 3981 νόμος
549 3895 657 3963 οῦδένα
675 3899 834 3977 ἐτελείωσε,
855 3898 950 3982 νόμον
968 3900 1000 3963 δὲ
1015 3897 1086 3981 μετά
1102 3895 1262 3963 άνάστασιν
1276 3894 1436 3977 φυλάττειν

273 3999 532 4088 προςταττόμεθα,
561 4002 611 4065 καί
636 3998 683 4065 ότι
705 3999 789 4086 άγιος
811 3998 904 4084 νόμος
922 3999 941 4067 ό
961 3999 1011 4067 διά
1029 4002 1167 4077 Μωσέως
1184 3998 1244 4066 όπό
1261 4003 1368 4082 κυρίου
1383 4001 1435 4064 δο-

273 4107 342 4181 θείς
361 4103 550 4191 παιδαγωγός
565 4105 606 4178 είς
625 4102 755 4190 Χριστόν
770 4100 842 4186 ἡμῖν
863 4106 998 4189 γέγονεν,
1029 4101 1070 4180 αίς
1085 4100 1295 4187 ὑποδεέστερος
1312 4107 1371 4166 τῶν
1388 4125 1435 4165 τε-

274 4210 450 4290 λειοομένων
467 4214 509 4296 τῷ
527 4211 651 4290 μείζονι,
672 4208 723 4272 καλ
738 4206 903 4295 τελειοτάτη)
920 4205 1077 4292 προςάγειν
1094 4207 1334 4288 πεπιστευμένος,
1360 4209 1435 4289 Χρι-

275 4317 347 4376 στοῦ
370 4311 402 4375 δέ
425 4317 479 4375 τοῦ
503 4314 611 4375 τελείου
636 4309 791 4389 ἐλθόντος,
821 4311 871 4374 καί
890 4309 1051 4390 δεσπότου,
1083 4313 1134 4376 καλ
1160 4305 1377 4395 παρειληφότος
1401 4310 1436 4374 ἐκ

310 4466 367 4515 (λιν.
376 4467 521 4517 xxxvln.
533 4499 566 4507 -
582 4469 603 4518 λ.
615 4471 706 4531 διαίρει·
714 4460 832 4533 άναγκαι-
866 4469 936 4530 υυλςο
950 4470 1034 4518 habent
1046 4471 1107 4519 libri.
1141 4462 1341 4534 ἀναγκαιοτέρων
1355 4467 1437 4530 suspi-

274 4529 356 4599 α’τεραι
376 4550 420 4596 pro
442 4531 636 4600 ἀναγκαιότεραι
653 4532 833 4602 (αίναγκαιίτε-
866 4541 933 4586 εοεαε
949 4543 982 4587 ται
999 4539 1117 4589 Ρελουιαε.

274 4619 316 4668 ρας
325 4605 432 4654 mendose
442 4605 478 4655 ιδ.
488 4605 571 4656 Ρειαυ.
583 4605 662 4655 colon.
670 4606 762 4671 τιμαί),
772 4606 834 4667 quod
