<?xml version="1.0" encoding="UTF-8"?>
<!DOCTYPE html PUBLIC "-//W3C//DTD XHTML 1.0 Transitional//EN"
    "http://www.w3.org/TR/xhtml1/DTD/xhtml1-transitional.dtd">
<html xmlns="http://www.w3.org/1999/xhtml" xml:lang="en" lang="en">
 <head>
  <title>
</title>
<meta http-equiv="Content-Type" content="text/html;charset=utf-8" />
  <meta name='ocr-system' content='tesseract 3.04.00' />
  <meta name='ocr-capabilities' content='ocr_page ocr_carea ocr_par ocr_line ocrx_word'/>
</head>
<body>
  <div class='ocr_page' id='page_1' title='image "./corporishaerese00unkngoog/corporishaerese00unkngoog_0343.png"; bbox 0 0 3096 5070; ppageno 0'>
   <div class='ocr_carea' id='block_1_1' title="bbox 270 243 1003 307">
    <p class='ocr_par' dir='ltr' id='par_1_1' title="bbox 270 243 1003 307">
     <span class='ocr_line' id='line_1_1' title="bbox 270 243 1003 307; baseline -0.003 0"><span class='ocrx_word' id='word_1_1' title='bbox 270 243 332 307; x_wconf 85' lang='grc'><strong><em>336</em></strong></span> <span class='ocrx_word' id='word_1_2' title='bbox 468 248 541 274; x_wconf 68' lang='grc'><strong><em>·“</em></strong></span> <span class='ocrx_word' id='word_1_3' title='bbox 694 255 1003 307; x_wconf 78' lang='grc' dir='ltr'><strong><em>οιαστισειειτιαιι</em></strong></span> 
     </span>
    </p>
   </div>
   <div class='ocr_carea' id='block_1_2' title="bbox 270 368 1437 1071">
    <p class='ocr_par' dir='ltr' id='par_1_2' title="bbox 270 368 1437 1071">
     <span class='ocr_line' id='line_1_2' title="bbox 272 368 1437 458; baseline 0.001 -19"><span class='ocrx_word' id='word_1_4' title='bbox 272 372 480 458; x_wconf 82' lang='grc' dir='ltr'><strong><em>ἐργασάμενοι,</em></strong></span> <span class='ocrx_word' id='word_1_5' title='bbox 503 372 553 435; x_wconf 76' lang='grc' dir='ltr'><strong><em>καὶ</em></strong></span> <span class='ocrx_word' id='word_1_6' title='bbox 570 368 683 453; x_wconf 81' lang='grc' dir='ltr'><strong><em>λύπην,</em></strong></span> <span class='ocrx_word' id='word_1_7' title='bbox 713 375 765 437; x_wconf 80' lang='grc' dir='ltr'><strong><em>καὶ</em></strong></span> <span class='ocrx_word' id='word_1_8' title='bbox 783 375 888 455; x_wconf 80' lang='grc' dir='ltr'><strong><em>ζημίαν</em></strong></span> <span class='ocrx_word' id='word_1_9' title='bbox 902 381 955 454; x_wconf 80' lang='grc' dir='ltr'><strong><em>τῆς</em></strong></span> <span class='ocrx_word' id='word_1_10' title='bbox 969 369 1020 437; x_wconf 75' lang='grc' dir='ltr'><strong><em>ἄπ’</em></strong></span> <span class='ocrx_word' id='word_1_11' title='bbox 1039 371 1170 455; x_wconf 85' lang='grc' dir='ltr'><strong><em>άλλήλων</em></strong></span> <span class='ocrx_word' id='word_1_12' title='bbox 1183 373 1364 458; x_wconf 75' lang='grc' dir='ltr'><strong><em>γλυκύτητος</em></strong></span> <span class='ocrx_word' id='word_1_13' title='bbox 1380 377 1437 440; x_wconf 78' lang='grc' dir='ltr'><strong><em>καὶ</em></strong></span> 
     </span>
     <span class='ocr_line' id='line_1_3' title="bbox 272 472 1436 561; baseline 0.003 -22"><span class='ocrx_word' id='word_1_14' title='bbox 272 472 397 561; x_wconf 88' lang='grc' dir='ltr'><strong><em>άγάπης.</em></strong></span> <span class='ocrx_word' id='word_1_15' title='bbox 447 472 507 556; x_wconf 86' lang='grc' dir='ltr'><strong><em>Τήν</em></strong></span> <span class='ocrx_word' id='word_1_16' title='bbox 531 472 585 559; x_wconf 88' lang='grc' dir='ltr'><strong><em>γάρ</em></strong></span> <span class='ocrx_word' id='word_1_17' title='bbox 606 481 665 539; x_wconf 82' lang='grc' dir='ltr'><strong><em>τῶν</em></strong></span> <span class='ocrx_word' id='word_1_18' title='bbox 682 481 775 540; x_wconf 82' lang='grc' dir='ltr'><strong><em>θείων</em></strong></span> <span class='ocrx_word' id='word_1_19' title='bbox 793 483 916 560; x_wconf 76' lang='grc' dir='ltr'><strong><em>γραφῶν</em></strong></span> <span class='ocrx_word' id='word_1_20' title='bbox 936 475 1120 540; x_wconf 75' lang='grc' dir='ltr'><strong><em>ἀκολουθίαν</em></strong></span> <span class='ocrx_word' id='word_1_21' title='bbox 1139 477 1188 539; x_wconf 83' lang='grc' dir='ltr'><strong><em>καί</em></strong></span> <span class='ocrx_word' id='word_1_22' title='bbox 1209 474 1360 559; x_wconf 78' lang='grc' dir='ltr'><strong><em>εὐθύτητα</em></strong></span> <span class='ocrx_word' id='word_1_23' title='bbox 1380 480 1436 543; x_wconf 83' lang='grc' dir='ltr'><strong><em>καί</em></strong></span> 
     </span>
     <span class='ocr_line' id='line_1_4' title="bbox 270 573 1437 664; baseline 0.003 -22"><span class='ocrx_word' id='word_1_24' title='bbox 270 577 398 653; x_wconf 82' lang='grc' dir='ltr'><strong><em>άκακίας</em></strong></span> <span class='ocrx_word' id='word_1_25' title='bbox 420 573 594 662; x_wconf 88' lang='grc' dir='ltr'><strong><em>όμολογίαν,</em></strong></span> <span class='ocrx_word' id='word_1_26' title='bbox 625 577 814 662; x_wconf 85' lang='grc' dir='ltr'><strong><em>προφητικήν</em></strong></span> <span class='ocrx_word' id='word_1_27' title='bbox 837 604 867 642; x_wconf 93' lang='grc' dir='ltr'><strong><em>τε</em></strong></span> <span class='ocrx_word' id='word_1_28' title='bbox 892 581 941 642; x_wconf 85' lang='grc' dir='ltr'><strong><em>καλ</em></strong></span> <span class='ocrx_word' id='word_1_29' title='bbox 961 576 1150 664; x_wconf 84' lang='grc' dir='ltr'><strong><em>εῦαγγελικήν</em></strong></span> <span class='ocrx_word' id='word_1_30' title='bbox 1167 580 1216 642; x_wconf 80' lang='grc' dir='ltr'><strong><em>καί</em></strong></span> <span class='ocrx_word' id='word_1_31' title='bbox 1235 578 1437 664; x_wconf 86' lang='grc' dir='ltr'><strong><em>άποστολιιιήν</em></strong></span> 
     </span>
     <span class='ocr_line' id='line_1_5' title="bbox 271 664 1435 769; baseline 0.003 -24"><span class='ocrx_word' id='word_1_32' title='bbox 271 684 369 745; x_wconf 89' lang='grc' dir='ltr'><strong><em>πίστιν</em></strong></span> <span class='ocrx_word' id='word_1_33' title='bbox 399 682 539 761; x_wconf 79' lang='grc' dir='ltr'><strong><em>παρέντες</em></strong></span> <span class='ocrx_word' id='word_1_34' title='bbox 564 664 742 763; x_wconf 80' lang='grc' dir='ltr'><strong><em>σοφιστικήν</em></strong></span> <span class='ocrx_word' id='word_1_35' title='bbox 767 678 839 763; x_wconf 84' lang='grc' dir='ltr'><strong><em>ήμῖν</em></strong></span> <span class='ocrx_word' id='word_1_36' title='bbox 863 683 939 757; x_wconf 83' lang='grc' dir='ltr'><strong><em>λέξιν</em></strong></span> <span class='ocrx_word' id='word_1_37' title='bbox 963 683 1014 745; x_wconf 80' lang='grc' dir='ltr'><strong><em>καί</em></strong></span> <span class='ocrx_word' id='word_1_38' title='bbox 1044 680 1172 763; x_wconf 78' lang='grc' dir='ltr'><em>μυθώδη</em></span> <span class='ocrx_word' id='word_1_39' title='bbox 1203 681 1435 769; x_wconf 86' lang='grc' dir='ltr'><strong><em>παρειςήγαγον,</em></strong></span> 
     </span>
     <span class='ocr_line' id='line_1_6' title="bbox 271 775 1435 869; baseline 0.005 -23"><span class='ocrx_word' id='word_1_40' title='bbox 271 780 338 865; x_wconf 87' lang='grc' dir='ltr'><strong><em>μεθ’</em></strong></span> <span class='ocrx_word' id='word_1_41' title='bbox 359 775 396 865; x_wconf 84' lang='grc' dir='ltr'><strong><em>ής</em></strong></span> <span class='ocrx_word' id='word_1_42' title='bbox 419 785 468 847; x_wconf 83' lang='grc' dir='ltr'><strong><em>καὶ</em></strong></span> <span class='ocrx_word' id='word_1_43' title='bbox 492 790 606 847; x_wconf 79' lang='grc' dir='ltr'><strong><em>πολλῶν</em></strong></span> <span class='ocrx_word' id='word_1_44' title='bbox 634 786 763 847; x_wconf 58' lang='grc' dir='ltr'><strong><em>9δεινοῖν</em></strong></span> <span class='ocrx_word' id='word_1_45' title='bbox 781 781 982 861; x_wconf 89' lang='grc' dir='ltr'><strong><em>άκολουθίαν,</em></strong></span> <span class='ocrx_word' id='word_1_46' title='bbox 1015 791 1195 869; x_wconf 79' lang='grc' dir='ltr'><strong><em>πληροῦντες</em></strong></span> <span class='ocrx_word' id='word_1_47' title='bbox 1212 787 1242 849; x_wconf 87' lang='grc' dir='ltr'><strong><em>ἐν</em></strong></span> <span class='ocrx_word' id='word_1_48' title='bbox 1259 787 1375 862; x_wconf 76' lang='grc' dir='ltr'><strong><em>ἑαυτοῖς</em></strong></span> <span class='ocrx_word' id='word_1_49' title='bbox 1398 788 1435 853; x_wconf 85' lang='grc' dir='ltr'><strong><em>τό</em></strong></span> 
     </span>
     <span class='ocr_line' id='line_1_7' title="bbox 271 882 1437 974; baseline 0.003 -24"><span class='ocrx_word' id='word_1_50' title='bbox 271 887 427 971; x_wconf 72' lang='grc' dir='ltr'><strong><em>εἰρημένον</em></strong></span> <span class='ocrx_word' id='word_1_51' title='bbox 442 883 497 964; x_wconf 85' lang='grc' dir='ltr'><strong><em>ότι,</em></strong></span> <span class='ocrx_word' id='word_1_52' title='bbox 513 883 742 967; x_wconf 85' lang='grc' dir='ltr'><strong><em>Ἀποστήσονταί</em></strong></span> <span class='ocrx_word' id='word_1_53' title='bbox 751 911 828 961; x_wconf 87' lang='grc' dir='ltr'><strong><em>τινες</em></strong></span> <span class='ocrx_word' id='word_1_54' title='bbox 843 892 896 967; x_wconf 81' lang='grc' dir='ltr'><strong><em>τῆς</em></strong></span> <span class='ocrx_word' id='word_1_55' title='bbox 909 882 1101 970; x_wconf 83' lang='grc' dir='ltr'><strong><em>όγιαινοῦσης</em></strong></span> <span class='ocrx_word' id='word_1_56' title='bbox 1112 890 1311 968; x_wconf 76' lang='grc' dir='ltr'><strong><em>διδασκαλίας,</em></strong></span> <span class='ocrx_word' id='word_1_57' title='bbox 1327 891 1437 974; x_wconf 82' lang='grc' dir='ltr'><strong><em>προςέ·</em></strong></span> 
     </span>
     <span class='ocr_line' id='line_1_8' title="bbox 272 987 804 1071; baseline -0.004 -17"><span class='ocrx_word' id='word_1_58' title='bbox 272 1014 371 1071; x_wconf 80' lang='grc' dir='ltr'><strong><em>χοντες</em></strong></span> <span class='ocrx_word' id='word_1_59' title='bbox 393 987 505 1071; x_wconf 83' lang='grc' dir='ltr'><strong><em>μάθοις</em></strong></span> <span class='ocrx_word' id='word_1_60' title='bbox 525 992 576 1054; x_wconf 84' lang='grc' dir='ltr'><strong><em>καί</em></strong></span> <span class='ocrx_word' id='word_1_61' title='bbox 599 993 804 1070; x_wconf 84' lang='grc' dir='ltr'><strong><em>κενοφωνίαις.</em></strong></span> 
     </span>
    </p>
   </div>
   <div class='ocr_carea' id='block_1_3' title="bbox 133 1190 1438 3848">
    <p class='ocr_par' dir='ltr' id='par_1_3' title="bbox 133 1190 1438 2514">
     <span class='ocr_line' id='line_1_9' title="bbox 133 1190 1438 1286; baseline -0.001 -26"><span class='ocrx_word' id='word_1_62' title='bbox 133 1205 201 1275; x_wconf 80' lang='grc' dir='ltr'><strong><em>Κιφ.</em></strong></span> <span class='ocrx_word' id='word_1_63' title='bbox 220 1203 251 1278; x_wconf 84' lang='grc' dir='ltr'><strong><em>β’.</em></strong></span> <span class='ocrx_word' id='word_1_64' title='bbox 352 1191 385 1258; x_wconf 81' lang='lat'><strong><em>‘0</em></strong></span> <span class='ocrx_word' id='word_1_65' title='bbox 403 1193 568 1279; x_wconf 81' lang='grc' dir='ltr'><strong><em>πρεςβότης</em></strong></span> <span class='ocrx_word' id='word_1_66' title='bbox 584 1196 634 1259; x_wconf 84' lang='grc' dir='ltr'><strong><em>καὶ</em></strong></span> <span class='ocrx_word' id='word_1_67' title='bbox 657 1192 876 1279; x_wconf 87' lang='grc' dir='ltr'><strong><em>σεμνοπρεπής,</em></strong></span> <span class='ocrx_word' id='word_1_68' title='bbox 908 1190 988 1259; x_wconf 81' lang='grc' dir='ltr'><strong><em>όάεί</em></strong></span> <span class='ocrx_word' id='word_1_69' title='bbox 1010 1190 1083 1276; x_wconf 85' lang='grc' dir='ltr'><strong><em>ήμῖν</em></strong></span> <span class='ocrx_word' id='word_1_70' title='bbox 1107 1192 1275 1279; x_wconf 87' lang='grc' dir='ltr'><strong><em>άγαπητδς,</em></strong></span> <span class='ocrx_word' id='word_1_71' title='bbox 1307 1197 1359 1259; x_wconf 86' lang='grc' dir='ltr'><strong><em>καλ</em></strong></span> <span class='ocrx_word' id='word_1_72' title='bbox 1390 1203 1438 1286; x_wconf 75' lang='grc' dir='ltr'><strong><em>τῷ</em></strong></span> 
     </span>
     <span class='ocr_line' id='line_1_10' title="bbox 270 1293 1437 1386; baseline 0.003 -25"><span class='ocrx_word' id='word_1_73' title='bbox 270 1303 416 1386; x_wconf 74' lang='grc' dir='ltr'><strong><em>μακαρίτῃ</em></strong></span> <span class='ocrx_word' id='word_1_74' title='bbox 440 1296 532 1386; x_wconf 57' lang='grc' dir='ltr'><strong><em>«πάπμ</em></strong></span> <span class='ocrx_word' id='word_1_75' title='bbox 553 1295 738 1384; x_wconf 72' lang='grc' dir='ltr'><strong><em>Ἀθανασίρι,</em></strong></span> <span class='ocrx_word' id='word_1_76' title='bbox 768 1298 819 1360; x_wconf 85' lang='grc' dir='ltr'><strong><em>καλ</em></strong></span> <span class='ocrx_word' id='word_1_77' title='bbox 846 1302 936 1362; x_wconf 80' lang='grc' dir='ltr'><strong><em>πᾶσιν</em></strong></span> <span class='ocrx_word' id='word_1_78' title='bbox 962 1293 1154 1381; x_wconf 86' lang='grc' dir='ltr'><strong><em>όρθοδόξοις,</em></strong></span> <span class='ocrx_word' id='word_1_79' title='bbox 1186 1295 1391 1383; x_wconf 87' lang='grc' dir='ltr'><strong><em>Ἀπολινάριος</em></strong></span> <span class='ocrx_word' id='word_1_80' title='bbox 1416 1296 1437 1365; x_wconf 87' lang='grc' dir='ltr'><strong><em>ό</em></strong></span> 
     </span>
     <span class='ocr_line' id='line_1_11' title="bbox 269 1391 1434 1487; baseline 0.003 -24"><span class='ocrx_word' id='word_1_81' title='bbox 269 1398 330 1464; x_wconf 88' lang='grc' dir='ltr'><strong><em>άπδ</em></strong></span> <span class='ocrx_word' id='word_1_82' title='bbox 346 1403 541 1477; x_wconf 89' lang='grc' dir='ltr'><strong><em>Λαοδικείας,</em></strong></span> <span class='ocrx_word' id='word_1_83' title='bbox 573 1393 660 1475; x_wconf 80' lang='grc' dir='ltr'><strong><em>οὗτος</em></strong></span> <span class='ocrx_word' id='word_1_84' title='bbox 675 1391 713 1480; x_wconf 86' lang='grc' dir='ltr'><strong><em>ήν</em></strong></span> <span class='ocrx_word' id='word_1_85' title='bbox 731 1395 748 1464; x_wconf 90' lang='grc' dir='ltr'><strong><em>ό</em></strong></span> <span class='ocrx_word' id='word_1_86' title='bbox 763 1401 795 1464; x_wconf 89' lang='grc' dir='ltr'><strong><em>ἐν</em></strong></span> <span class='ocrx_word' id='word_1_87' title='bbox 811 1397 886 1487; x_wconf 77' lang='grc' dir='ltr'><strong><em>άρχή</em></strong></span> <span class='ocrx_word' id='word_1_88' title='bbox 904 1405 991 1463; x_wconf 91' lang='grc' dir='ltr'><strong><em>τοῦτο</em></strong></span> <span class='ocrx_word' id='word_1_89' title='bbox 1013 1397 1045 1464; x_wconf 84' lang='grc' dir='ltr'><strong><em>τό</em></strong></span> <span class='ocrx_word' id='word_1_90' title='bbox 1063 1402 1143 1483; x_wconf 75' lang='grc' dir='ltr'><strong><em>ῥῆμα</em></strong></span> <span class='ocrx_word' id='word_1_91' title='bbox 1158 1399 1316 1482; x_wconf 81' lang='grc' dir='ltr'><strong><em>ἐπινοήσας</em></strong></span> <span class='ocrx_word' id='word_1_92' title='bbox 1331 1427 1361 1466; x_wconf 94' lang='grc' dir='ltr'><strong><em>τε</em></strong></span> <span class='ocrx_word' id='word_1_93' title='bbox 1377 1405 1434 1466; x_wconf 83' lang='grc' dir='ltr'><strong><em>καλ</em></strong></span> 
     </span>
     <span class='ocr_line' id='line_1_12' title="bbox 270 1500 1430 1587; baseline 0.003 -21"><span class='ocrx_word' id='word_1_94' title='bbox 270 1501 480 1587; x_wconf 87' lang='grc' dir='ltr'><strong><em>προαγόμενος.</em></strong></span> <span class='ocrx_word' id='word_1_95' title='bbox 534 1504 594 1566; x_wconf 80' lang='grc' dir='ltr'><strong><em>Καὶ</em></strong></span> <span class='ocrx_word' id='word_1_96' title='bbox 618 1502 653 1565; x_wconf 88' lang='grc' dir='ltr'><strong><em>τά</em></strong></span> <span class='ocrx_word' id='word_1_97' title='bbox 678 1506 780 1586; x_wconf 78' lang='grc' dir='ltr'><strong><em>πρῶτα</em></strong></span> <span class='ocrx_word' id='word_1_98' title='bbox 806 1501 858 1582; x_wconf 76' lang='grc' dir='ltr'><strong><em>μέν</em></strong></span> <span class='ocrx_word' id='word_1_99' title='bbox 884 1501 1073 1583; x_wconf 85' lang='grc' dir='ltr'><strong><em>ἐνηχσῦμενοι</em></strong></span> <span class='ocrx_word' id='word_1_100' title='bbox 1100 1500 1160 1567; x_wconf 86' lang='grc' dir='ltr'><strong><em>άπό</em></strong></span> <span class='ocrx_word' id='word_1_101' title='bbox 1184 1529 1273 1568; x_wconf 80' lang='grc' dir='ltr'><strong><em>τινοιν</em></strong></span> <span class='ocrx_word' id='word_1_102' title='bbox 1296 1510 1355 1567; x_wconf 73' lang='grc' dir='ltr'><strong><em>τοῖν</em></strong></span> <span class='ocrx_word' id='word_1_103' title='bbox 1377 1501 1430 1570; x_wconf 72' lang='grc' dir='ltr'><strong><em>ὕπ’</em></strong></span> 
     </span>
     <span class='ocr_line' id='line_1_13' title="bbox 271 1601 1432 1692; baseline 0.003 -23"><span class='ocrx_word' id='word_1_104' title='bbox 271 1602 364 1669; x_wconf 86' lang='grc' dir='ltr'><strong><em>αῦτοῦ</em></strong></span> <span class='ocrx_word' id='word_1_105' title='bbox 388 1606 658 1687; x_wconf 87' lang='grc' dir='ltr'><strong><em>μεμαθητενμίνων</em></strong></span> <span class='ocrx_word' id='word_1_106' title='bbox 680 1603 875 1686; x_wconf 86' lang='grc' dir='ltr'><strong><em>ήπιστσῦμεν,</em></strong></span> <span class='ocrx_word' id='word_1_107' title='bbox 906 1605 934 1667; x_wconf 88' lang='grc' dir='ltr'><strong><em>εί</em></strong></span> <span class='ocrx_word' id='word_1_108' title='bbox 955 1601 1013 1687; x_wconf 85' lang='grc' dir='ltr'><strong><em>άρα</em></strong></span> <span class='ocrx_word' id='word_1_109' title='bbox 1035 1601 1142 1688; x_wconf 86' lang='grc' dir='ltr'><strong><em>όάνήρ</em></strong></span> <span class='ocrx_word' id='word_1_110' title='bbox 1165 1613 1302 1682; x_wconf 86' lang='grc' dir='ltr'><strong><em>τοιοῦτος</em></strong></span> <span class='ocrx_word' id='word_1_111' title='bbox 1324 1606 1432 1692; x_wconf 80' lang='grc' dir='ltr'><strong><em>τνγγά·</em></strong></span> 
     </span>
     <span class='ocr_line' id='line_1_14' title="bbox 270 1705 1434 1796; baseline 0.003 -24"><span class='ocrx_word' id='word_1_112' title='bbox 270 1734 331 1773; x_wconf 85' lang='grc' dir='ltr'><strong><em>νων</em></strong></span> <span class='ocrx_word' id='word_1_113' title='bbox 358 1714 445 1772; x_wconf 89' lang='grc' dir='ltr'><strong><em>τοῦτο</em></strong></span> <span class='ocrx_word' id='word_1_114' title='bbox 469 1705 664 1792; x_wconf 87' lang='grc' dir='ltr'><strong><em>παρειςήγαγε</em></strong></span> <span class='ocrx_word' id='word_1_115' title='bbox 690 1713 731 1795; x_wconf 75' lang='grc' dir='ltr'><strong><em>τῷ</em></strong></span> <span class='ocrx_word' id='word_1_116' title='bbox 755 1710 811 1794; x_wconf 77' lang='grc' dir='ltr'><strong><em>βίῳ</em></strong></span> <span class='ocrx_word' id='word_1_117' title='bbox 833 1705 866 1770; x_wconf 89' lang='grc' dir='ltr'><strong><em>τό</em></strong></span> <span class='ocrx_word' id='word_1_118' title='bbox 884 1711 979 1789; x_wconf 80' lang='grc' dir='ltr'><strong><em>ρίήμα,</em></strong></span> <span class='ocrx_word' id='word_1_119' title='bbox 1012 1709 1054 1771; x_wconf 75' lang='grc' dir='ltr'><strong><em>ἔτι</em></strong></span> <span class='ocrx_word' id='word_1_120' title='bbox 1071 1709 1104 1773; x_wconf 87' lang='grc' dir='ltr'><strong><em>ἐν</em></strong></span> <span class='ocrx_word' id='word_1_121' title='bbox 1125 1711 1288 1796; x_wconf 81' lang='grc' dir='ltr'><strong><em>προςδοκίμ</em></strong></span> <span class='ocrx_word' id='word_1_122' title='bbox 1312 1712 1434 1787; x_wconf 82' lang='grc' dir='ltr'><strong><em>ἐλπίδος</em></strong></span> 
     </span>
     <span class='ocr_line' id='line_1_15' title="bbox 271 1806 1433 1897; baseline 0.003 -23"><span class='ocrx_word' id='word_1_123' title='bbox 271 1818 553 1897; x_wconf 84' lang='grc' dir='ltr'><strong><em>μακροθνμοῦντες,</em></strong></span> <span class='ocrx_word' id='word_1_124' title='bbox 585 1810 641 1885; x_wconf 73' lang='grc' dir='ltr'><strong><em>ἕως</em></strong></span> <span class='ocrx_word' id='word_1_125' title='bbox 661 1806 799 1894; x_wconf 77' lang='grc' dir='ltr'><strong><em>τάκριβίς</em></strong></span> <span class='ocrx_word' id='word_1_126' title='bbox 821 1812 993 1894; x_wconf 88' lang='grc' dir='ltr'><strong><em>ἐπιγνῦμεν.</em></strong></span> <span class='ocrx_word' id='word_1_127' title='bbox 1032 1809 1189 1895; x_wconf 86' lang='grc' dir='ltr'><strong><em>Ἐλίγομεν</em></strong></span> <span class='ocrx_word' id='word_1_128' title='bbox 1203 1808 1259 1896; x_wconf 87' lang='grc' dir='ltr'><strong><em>γάρ</em></strong></span> <span class='ocrx_word' id='word_1_129' title='bbox 1276 1809 1346 1888; x_wconf 88' lang='grc' dir='ltr'><strong><em>τοῦς</em></strong></span> <span class='ocrx_word' id='word_1_130' title='bbox 1361 1823 1433 1878; x_wconf 81' lang='grc' dir='ltr'><strong><em>παῦ-</em></strong></span> 
     </span>
     <span class='ocr_line' id='line_1_16' title="bbox 271 1908 1431 1998; baseline 0.003 -20"><span class='ocrx_word' id='word_1_131' title='bbox 271 1916 327 1988; x_wconf 89' lang='grc' dir='ltr'><strong><em>δας</em></strong></span> <span class='ocrx_word' id='word_1_132' title='bbox 344 1910 413 1988; x_wconf 88' lang='grc' dir='ltr'><strong><em>τοῦς</em></strong></span> <span class='ocrx_word' id='word_1_133' title='bbox 443 1910 515 1994; x_wconf 78' lang='grc' dir='ltr'><strong><em>ιάτά</em></strong></span> <span class='ocrx_word' id='word_1_134' title='bbox 530 1908 622 1977; x_wconf 86' lang='grc' dir='ltr'><strong><em>αῦτοῦ</em></strong></span> <span class='ocrx_word' id='word_1_135' title='bbox 636 1910 712 1997; x_wconf 75' lang='grc' dir='ltr'><strong><em>πρός</em></strong></span> <span class='ocrx_word' id='word_1_136' title='bbox 726 1909 803 1994; x_wconf 83' lang='grc' dir='ltr'><strong><em>ήμᾶς</em></strong></span> <span class='ocrx_word' id='word_1_137' title='bbox 817 1908 1018 1994; x_wconf 85' lang='grc' dir='ltr'><strong><em>άφικομένσνς</em></strong></span> <span class='ocrx_word' id='word_1_138' title='bbox 1034 1909 1075 1995; x_wconf 87' lang='grc' dir='ltr'><strong><em>μή</em></strong></span> <span class='ocrx_word' id='word_1_139' title='bbox 1093 1919 1237 1988; x_wconf 88' lang='grc' dir='ltr'><strong><em>νοοῦντας</em></strong></span> <span class='ocrx_word' id='word_1_140' title='bbox 1248 1910 1292 1996; x_wconf 86' lang='grc' dir='ltr'><strong><em>τά</em></strong></span> <span class='ocrx_word' id='word_1_141' title='bbox 1308 1917 1431 1998; x_wconf 76' lang='grc' dir='ltr'><strong><em>βαθέως</em></strong></span> 
     </span>
     <span class='ocr_line' id='line_1_17' title="bbox 271 2012 1429 2099; baseline 0.003 -18"><span class='ocrx_word' id='word_1_142' title='bbox 271 2013 331 2082; x_wconf 86' lang='grc' dir='ltr'><strong><em>ῦπδ</em></strong></span> <span class='ocrx_word' id='word_1_143' title='bbox 350 2021 403 2080; x_wconf 89' lang='grc' dir='ltr'><strong><em>τοῦ</em></strong></span> <span class='ocrx_word' id='word_1_144' title='bbox 422 2013 557 2080; x_wconf 84' lang='grc' dir='ltr'><strong><em>τοιοῦτον</em></strong></span> <span class='ocrx_word' id='word_1_145' title='bbox 572 2020 673 2099; x_wconf 90' lang='grc' dir='ltr'><strong><em>λογίου</em></strong></span> <span class='ocrx_word' id='word_1_146' title='bbox 690 2012 815 2098; x_wconf 86' lang='grc' dir='ltr'><strong><em>άνδρὸς,</em></strong></span> <span class='ocrx_word' id='word_1_147' title='bbox 845 2015 896 2078; x_wconf 82' lang='grc' dir='ltr'><strong><em>καί</em></strong></span> <span class='ocrx_word' id='word_1_148' title='bbox 914 2022 1053 2094; x_wconf 90' lang='grc' dir='ltr'><strong><em>συνετοῦ,</em></strong></span> <span class='ocrx_word' id='word_1_149' title='bbox 1084 2016 1135 2080; x_wconf 82' lang='grc' dir='ltr'><strong><em>καὶ</em></strong></span> <span class='ocrx_word' id='word_1_150' title='bbox 1151 2015 1347 2097; x_wconf 87' lang='grc' dir='ltr'><strong><em>διδασκάλου,</em></strong></span> <span class='ocrx_word' id='word_1_151' title='bbox 1375 2015 1429 2099; x_wconf 72' lang='grc' dir='ltr'><strong><em>ἀφ’</em></strong></span> 
     </span>
     <span class='ocr_line' id='line_1_18' title="bbox 270 2112 1426 2205; baseline 0 -21"><span class='ocrx_word' id='word_1_152' title='bbox 270 2121 384 2184; x_wconf 80' lang='grc' dir='ltr'><strong><em>ἓανττῦν</em></strong></span> <span class='ocrx_word' id='word_1_153' title='bbox 401 2124 493 2182; x_wconf 91' lang='grc' dir='ltr'><strong><em>ταῦτα</em></strong></span> <span class='ocrx_word' id='word_1_154' title='bbox 515 2116 666 2196; x_wconf 89' lang='grc' dir='ltr'><strong><em>πλάττειν,</em></strong></span> <span class='ocrx_word' id='word_1_155' title='bbox 696 2115 736 2200; x_wconf 88' lang='grc' dir='ltr'><strong><em>μή</em></strong></span> <span class='ocrx_word' id='word_1_156' title='bbox 754 2114 805 2181; x_wconf 85' lang='grc' dir='ltr'><strong><em>άπ’</em></strong></span> <span class='ocrx_word' id='word_1_157' title='bbox 822 2114 913 2181; x_wconf 87' lang='grc' dir='ltr'><strong><em>αῦτοῦ</em></strong></span> <span class='ocrx_word' id='word_1_158' title='bbox 931 2117 1151 2200; x_wconf 80' lang='grc' dir='ltr'><strong><em>μεμαθηκότας.</em></strong></span> <span class='ocrx_word' id='word_1_159' title='bbox 1198 2117 1298 2184; x_wconf 87' lang='grc' dir='ltr'><strong><em>Πολλά</em></strong></span> <span class='ocrx_word' id='word_1_160' title='bbox 1314 2112 1426 2205; x_wconf 80' lang='grc' dir='ltr'><strong><em>γάρήν</em></strong></span> 
     </span>
     <span class='ocr_line' id='line_1_19' title="bbox 271 2217 1419 2305; baseline -0.003 -17"><span class='ocrx_word' id='word_1_161' title='bbox 271 2220 292 2287; x_wconf 83' lang='grc' dir='ltr'><strong><em>δί</em></strong></span> <span class='ocrx_word' id='word_1_162' title='bbox 308 2224 340 2287; x_wconf 89' lang='grc' dir='ltr'><strong><em>ἐν</em></strong></span> <span class='ocrx_word' id='word_1_163' title='bbox 358 2220 461 2296; x_wconf 81' lang='grc' dir='ltr'><strong><em>αὐτοῖς</em></strong></span> <span class='ocrx_word' id='word_1_164' title='bbox 479 2228 566 2299; x_wconf 57' lang='grc' dir='ltr'><strong><em>Ἇτοῖς</em></strong></span> <span class='ocrx_word' id='word_1_165' title='bbox 581 2219 657 2305; x_wconf 86' lang='grc' dir='ltr'><strong><em>πρός</em></strong></span> <span class='ocrx_word' id='word_1_166' title='bbox 672 2217 754 2302; x_wconf 87' lang='grc' dir='ltr'><strong><em>ήμάς</em></strong></span> <span class='ocrx_word' id='word_1_167' title='bbox 767 2221 934 2302; x_wconf 77' lang='grc' dir='ltr'><strong><em>ἐρχομένοις</em></strong></span> <span class='ocrx_word' id='word_1_168' title='bbox 948 2218 1156 2302; x_wconf 80' lang='grc' dir='ltr'><strong><em>ήμφιβάλλετο.</em></strong></span> <span class='ocrx_word' id='word_1_169' title='bbox 1205 2222 1286 2296; x_wconf 76' lang='grc' dir='ltr'><strong><em>Τινὲς</em></strong></span> <span class='ocrx_word' id='word_1_170' title='bbox 1298 2222 1351 2304; x_wconf 81' lang='grc' dir='ltr'><strong><em>μίν</em></strong></span> <span class='ocrx_word' id='word_1_171' title='bbox 1364 2218 1419 2304; x_wconf 88' lang='grc' dir='ltr'><strong><em>γάρ</em></strong></span> 
     </span>
     <span class='ocr_line' id='line_1_20' title="bbox 271 2319 1418 2408; baseline -0.003 -20"><span class='ocrx_word' id='word_1_172' title='bbox 271 2320 371 2388; x_wconf 85' lang='grc' dir='ltr'><strong><em>αῦτῦν</em></strong></span> <span class='ocrx_word' id='word_1_173' title='bbox 394 2322 554 2405; x_wconf 88' lang='grc' dir='ltr'><strong><em>ἐτόλμησαν</em></strong></span> <span class='ocrx_word' id='word_1_174' title='bbox 572 2324 664 2408; x_wconf 88' lang='grc' dir='ltr'><strong><em>λέγειν</em></strong></span> <span class='ocrx_word' id='word_1_175' title='bbox 686 2319 805 2388; x_wconf 83' lang='grc' dir='ltr'><strong><em>άναθεν</em></strong></span> <span class='ocrx_word' id='word_1_176' title='bbox 823 2319 874 2388; x_wconf 85' lang='grc' dir='ltr'><strong><em>τόν</em></strong></span> <span class='ocrx_word' id='word_1_177' title='bbox 891 2320 1020 2408; x_wconf 85' lang='grc' dir='ltr'><strong><em>Χριστόν</em></strong></span> <span class='ocrx_word' id='word_1_178' title='bbox 1041 2320 1074 2389; x_wconf 86' lang='grc' dir='ltr'><strong><em>τό</em></strong></span> <span class='ocrx_word' id='word_1_179' title='bbox 1092 2330 1176 2406; x_wconf 78' lang='grc' dir='ltr'><strong><em>σῶμα</em></strong></span> <span class='ocrx_word' id='word_1_180' title='bbox 1196 2323 1418 2404; x_wconf 60' lang='lat' dir='ltr'><strong><em>tummim.</em></strong></span> 
     </span>
     <span class='ocr_line' id='line_1_21' title="bbox 267 2422 1421 2514; baseline -0.001 -25"><span class='ocrx_word' id='word_1_181' title='bbox 267 2424 469 2508; x_wconf 83' lang='grc' dir='ltr'><strong><em>Ἐπιμένονσα</em></strong></span> <span class='ocrx_word' id='word_1_182' title='bbox 498 2425 577 2489; x_wconf 83' lang='grc' dir='ltr'><strong><em>δὲέν</em></strong></span> <span class='ocrx_word' id='word_1_183' title='bbox 596 2432 632 2514; x_wconf 75' lang='grc' dir='ltr'><strong><em>τῇ</em></strong></span> <span class='ocrx_word' id='word_1_184' title='bbox 650 2431 710 2490; x_wconf 81' lang='grc' dir='ltr'><strong><em>τάν</em></strong></span> <span class='ocrx_word' id='word_1_185' title='bbox 725 2423 897 2510; x_wconf 77' lang='grc' dir='ltr'><strong><em>άνθροίποτν</em></strong></span> <span class='ocrx_word' id='word_1_186' title='bbox 915 2427 1013 2513; x_wconf 78' lang='grc' dir='ltr'><strong><em>ἐννοίην</em></strong></span> <span class='ocrx_word' id='word_1_187' title='bbox 1030 2422 1050 2507; x_wconf 87' lang='grc' dir='ltr'><strong><em>ή</em></strong></span> <span class='ocrx_word' id='word_1_188' title='bbox 1069 2430 1215 2511; x_wconf 81' lang='grc' dir='ltr'><strong><em>ξενολογία</em></strong></span> <span class='ocrx_word' id='word_1_189' title='bbox 1230 2426 1277 2491; x_wconf 69' lang='lat' dir='ltr'><strong><em>ini</em></strong></span> <span class='ocrx_word' id='word_1_190' title='bbox 1293 2423 1346 2506; x_wconf 84' lang='grc' dir='ltr'><strong><em>τήν</em></strong></span> <span class='ocrx_word' id='word_1_191' title='bbox 1362 2427 1421 2489; x_wconf 87' lang='grc' dir='ltr'><strong><em>δει-</em></strong></span> 
     </span>
    </p>

    <p class='ocr_par' dir='ltr' id='par_1_4' title="bbox 148 2523 1431 3848">
     <span class='ocr_line' id='line_1_22' title="bbox 148 2523 1419 2614; baseline -0.004 -19"><span class='ocrx_word' id='word_1_192' title='bbox 148 2554 199 2601; x_wconf 73' lang='lat' dir='ltr'><strong><em>m·</em></strong></span> <span class='ocrx_word' id='word_1_193' title='bbox 212 2541 257 2587; x_wconf 66' lang='grc' dir='ltr'><strong><em>Μ·</em></strong></span> <span class='ocrx_word' id='word_1_194' title='bbox 271 2528 380 2610; x_wconf 86' lang='grc' dir='ltr'><strong><em>νότητα</em></strong></span> <span class='ocrx_word' id='word_1_195' title='bbox 403 2525 562 2614; x_wconf 86' lang='grc' dir='ltr'><strong><em>προκοπήν</em></strong></span> <span class='ocrx_word' id='word_1_196' title='bbox 585 2526 738 2613; x_wconf 78' lang='grc' dir='ltr'><strong><em>εἰργάζετο.</em></strong></span> <span class='ocrx_word' id='word_1_197' title='bbox 773 2527 874 2593; x_wconf 71' lang='grc' dir='ltr'><strong><em>’Λλλσι</em></strong></span> <span class='ocrx_word' id='word_1_198' title='bbox 896 2528 928 2592; x_wconf 84' lang='grc' dir='ltr'><strong><em>δέ</em></strong></span> <span class='ocrx_word' id='word_1_199' title='bbox 948 2530 978 2605; x_wconf 84' lang='grc' dir='ltr'><strong><em>ἐξ</em></strong></span> <span class='ocrx_word' id='word_1_200' title='bbox 1001 2525 1101 2594; x_wconf 86' lang='grc' dir='ltr'><strong><em>αῦτῦν</em></strong></span> <span class='ocrx_word' id='word_1_201' title='bbox 1116 2532 1167 2594; x_wconf 86' lang='grc' dir='ltr'><strong><em>καλ</em></strong></span> <span class='ocrx_word' id='word_1_202' title='bbox 1183 2525 1215 2594; x_wconf 86' lang='grc' dir='ltr'><strong><em>τό</em></strong></span> <span class='ocrx_word' id='word_1_203' title='bbox 1230 2523 1330 2610; x_wconf 74' lang='grc' dir='ltr'><strong><em>ψυχήν</em></strong></span> <span class='ocrx_word' id='word_1_204' title='bbox 1346 2527 1419 2610; x_wconf 83' lang='grc' dir='ltr'><strong><em>ελλη-</em></strong></span> 
     </span>
     <span class='ocr_line' id='line_1_23' title="bbox 272 2629 1424 2713; baseline -0.003 -16"><span class='ocrx_word' id='word_1_205' title='bbox 272 2634 360 2713; x_wconf 86' lang='grc' dir='ltr'><strong><em>φίναι</em></strong></span> <span class='ocrx_word' id='word_1_206' title='bbox 379 2629 431 2697; x_wconf 86' lang='grc' dir='ltr'><strong><em>τόν</em></strong></span> <span class='ocrx_word' id='word_1_207' title='bbox 448 2629 578 2712; x_wconf 84' lang='grc' dir='ltr'><strong><em>Χριστόν</em></strong></span> <span class='ocrx_word' id='word_1_208' title='bbox 594 2629 772 2713; x_wconf 77' lang='grc' dir='ltr'><strong><em>ἠρνήσαντο.</em></strong></span> <span class='ocrx_word' id='word_1_209' title='bbox 821 2631 904 2706; x_wconf 75' lang='grc' dir='ltr'><strong><em>Τινὲς</em></strong></span> <span class='ocrx_word' id='word_1_210' title='bbox 918 2631 950 2695; x_wconf 84' lang='grc' dir='ltr'><strong><em>δέ</em></strong></span> <span class='ocrx_word' id='word_1_211' title='bbox 970 2633 1023 2695; x_wconf 80' lang='grc' dir='ltr'><strong><em>καί</em></strong></span> <span class='ocrx_word' id='word_1_212' title='bbox 1044 2629 1205 2713; x_wconf 88' lang='grc' dir='ltr'><strong><em>όμοοῦσιον</em></strong></span> <span class='ocrx_word' id='word_1_213' title='bbox 1221 2629 1254 2697; x_wconf 88' lang='grc' dir='ltr'><strong><em>τδ</em></strong></span> <span class='ocrx_word' id='word_1_214' title='bbox 1267 2635 1351 2711; x_wconf 77' lang='grc' dir='ltr'><strong><em>σῶμα</em></strong></span> <span class='ocrx_word' id='word_1_215' title='bbox 1369 2635 1424 2694; x_wconf 86' lang='grc' dir='ltr'><strong><em>τοῦ</em></strong></span> 
     </span>
     <span class='ocr_line' id='line_1_24' title="bbox 273 2727 1424 2823; baseline -0.003 -23"><span class='ocrx_word' id='word_1_216' title='bbox 273 2741 404 2819; x_wconf 81' lang='grc' dir='ltr'><strong><em>Χριστοῦ</em></strong></span> <span class='ocrx_word' id='word_1_217' title='bbox 419 2741 455 2823; x_wconf 71' lang='grc' dir='ltr'><strong><em>τῇ</em></strong></span> <span class='ocrx_word' id='word_1_218' title='bbox 472 2733 589 2816; x_wconf 88' lang='grc' dir='ltr'><strong><em>θεότητι</em></strong></span> <span class='ocrx_word' id='word_1_219' title='bbox 605 2735 698 2818; x_wconf 86' lang='grc' dir='ltr'><strong><em>λέγειν</em></strong></span> <span class='ocrx_word' id='word_1_220' title='bbox 713 2733 890 2815; x_wconf 85' lang='grc' dir='ltr'><strong><em>ἐτόλμησαν,</em></strong></span> <span class='ocrx_word' id='word_1_221' title='bbox 912 2734 964 2798; x_wconf 81' lang='grc' dir='ltr'><strong><em>καί</em></strong></span> <span class='ocrx_word' id='word_1_222' title='bbox 976 2733 1013 2798; x_wconf 90' lang='grc' dir='ltr'><strong><em>τά</em></strong></span> <span class='ocrx_word' id='word_1_223' title='bbox 1029 2727 1192 2820; x_wconf 85' lang='grc' dir='ltr'><strong><em>άνωτεριτιά</em></strong></span> <span class='ocrx_word' id='word_1_224' title='bbox 1209 2735 1282 2820; x_wconf 78' lang='grc' dir='ltr'><strong><em>μέρη</em></strong></span> <span class='ocrx_word' id='word_1_225' title='bbox 1298 2734 1341 2808; x_wconf 84' lang='grc' dir='ltr'><strong><em>είς</em></strong></span> <span class='ocrx_word' id='word_1_226' title='bbox 1355 2739 1424 2797; x_wconf 84' lang='grc' dir='ltr'><strong><em>πολ-</em></strong></span> 
     </span>
     <span class='ocr_line' id='line_1_25' title="bbox 270 2833 1426 2922; baseline -0.001 -20"><span class='ocrx_word' id='word_1_227' title='bbox 270 2835 323 2920; x_wconf 85' lang='grc' dir='ltr'><strong><em>λήν</em></strong></span> <span class='ocrx_word' id='word_1_228' title='bbox 344 2836 474 2922; x_wconf 84' lang='grc' dir='ltr'><strong><em>ταραχήν</em></strong></span> <span class='ocrx_word' id='word_1_229' title='bbox 499 2837 692 2918; x_wconf 83' lang='grc' dir='ltr'><strong><em>κατέστησαν,</em></strong></span> <span class='ocrx_word' id='word_1_230' title='bbox 725 2834 762 2901; x_wconf 86' lang='grc' dir='ltr'><strong><em>δι’</em></strong></span> <span class='ocrx_word' id='word_1_231' title='bbox 784 2834 838 2911; x_wconf 82' lang='grc' dir='ltr'><strong><em>οῦς</em></strong></span> <span class='ocrx_word' id='word_1_232' title='bbox 861 2833 973 2920; x_wconf 85' lang='grc' dir='ltr'><strong><em>α’νόγκη</em></strong></span> <span class='ocrx_word' id='word_1_233' title='bbox 997 2838 1095 2921; x_wconf 83' lang='grc' dir='ltr'><strong><em>γέγονε</em></strong></span> <span class='ocrx_word' id='word_1_234' title='bbox 1116 2835 1243 2903; x_wconf 86' lang='grc' dir='ltr'><strong><em>σόνοδον</em></strong></span> <span class='ocrx_word' id='word_1_235' title='bbox 1264 2856 1426 2922; x_wconf 78' lang='grc' dir='ltr'><strong><em>συγκροτή-</em></strong></span> 
     </span>
     <span class='ocr_line' id='line_1_26' title="bbox 269 2935 1426 3022; baseline 0.001 -20"><span class='ocrx_word' id='word_1_236' title='bbox 269 2947 363 3022; x_wconf 75' lang='grc' dir='ltr'><strong><em>θῆναι</em></strong></span> <span class='ocrx_word' id='word_1_237' title='bbox 379 2941 429 3004; x_wconf 87' lang='grc' dir='ltr'><strong><em>καλ</em></strong></span> <span class='ocrx_word' id='word_1_238' title='bbox 449 2936 664 3021; x_wconf 84' lang='grc' dir='ltr'><strong><em>άναθεματίσαι</em></strong></span> <span class='ocrx_word' id='word_1_239' title='bbox 679 2937 751 3013; x_wconf 85' lang='grc' dir='ltr'><strong><em>τοῦς</em></strong></span> <span class='ocrx_word' id='word_1_240' title='bbox 768 2936 931 3012; x_wconf 89' lang='grc' dir='ltr'><strong><em>τοιοῦτονς.</em></strong></span> <span class='ocrx_word' id='word_1_241' title='bbox 970 2938 1059 3003; x_wconf 85' lang='grc' dir='ltr'><strong><em>Ἀλλά</em></strong></span> <span class='ocrx_word' id='word_1_242' title='bbox 1082 2941 1133 3004; x_wconf 85' lang='grc' dir='ltr'><strong><em>καλ</em></strong></span> <span class='ocrx_word' id='word_1_243' title='bbox 1155 2935 1356 3021; x_wconf 76' lang='grc' dir='ltr'><strong><em>ὑπομνήματα</em></strong></span> <span class='ocrx_word' id='word_1_244' title='bbox 1371 2938 1426 3003; x_wconf 87' lang='grc' dir='ltr'><strong><em>πέ-</em></strong></span> 
     </span>
     <span class='ocr_line' id='line_1_27' title="bbox 271 3033 1430 3131; baseline -0.001 -25"><span class='ocrx_word' id='word_1_245' title='bbox 271 3069 414 3126; x_wconf 88' lang='grc' dir='ltr'><strong><em>πρακται,</em></strong></span> <span class='ocrx_word' id='word_1_246' title='bbox 437 3033 478 3107; x_wconf 72' lang='grc' dir='ltr'><strong><em>νῦν</em></strong></span> <span class='ocrx_word' id='word_1_247' title='bbox 497 3042 663 3126; x_wconf 85' lang='grc' dir='ltr'><strong><em>άντίγραφα</em></strong></span> <span class='ocrx_word' id='word_1_248' title='bbox 678 3047 718 3130; x_wconf 81' lang='grc' dir='ltr'><strong><em>τῷ</em></strong></span> <span class='ocrx_word' id='word_1_249' title='bbox 737 3045 884 3131; x_wconf 75' lang='grc' dir='ltr'><strong><em>μακαρίτῃ</em></strong></span> <span class='ocrx_word' id='word_1_250' title='bbox 902 3038 990 3129; x_wconf 82' lang='grc' dir='ltr'><strong><em>πάπμ</em></strong></span> <span class='ocrx_word' id='word_1_251' title='bbox 1003 3041 1176 3131; x_wconf 82' lang='grc' dir='ltr'><strong><em>Ἀθανασίρτ</em></strong></span> <span class='ocrx_word' id='word_1_252' title='bbox 1193 3040 1360 3122; x_wconf 86' lang='grc' dir='ltr'><strong><em>άπεστάλη,</em></strong></span> <span class='ocrx_word' id='word_1_253' title='bbox 1390 3036 1430 3105; x_wconf 87' lang='grc' dir='ltr'><strong><em>δι’</em></strong></span> 
     </span>
     <span class='ocr_line' id='line_1_28' title="bbox 272 3139 1430 3230; baseline -0.001 -22"><span class='ocrx_word' id='word_1_254' title='bbox 272 3143 311 3228; x_wconf 75' lang='grc' dir='ltr'><strong><em>ἣν</em></strong></span> <span class='ocrx_word' id='word_1_255' title='bbox 331 3147 427 3209; x_wconf 86' lang='grc' dir='ltr'><strong><em>αίτίαν</em></strong></span> <span class='ocrx_word' id='word_1_256' title='bbox 451 3151 509 3210; x_wconf 75' lang='grc' dir='ltr'><strong><em>τοῦν</em></strong></span> <span class='ocrx_word' id='word_1_257' title='bbox 533 3141 753 3226; x_wconf 77' lang='grc' dir='ltr'><strong><em>ῦπομνημότοτν</em></strong></span> <span class='ocrx_word' id='word_1_258' title='bbox 775 3148 826 3209; x_wconf 85' lang='grc' dir='ltr'><strong><em>καί</em></strong></span> <span class='ocrx_word' id='word_1_259' title='bbox 843 3141 934 3219; x_wconf 89' lang='grc' dir='ltr'><strong><em>αῦτδς</em></strong></span> <span class='ocrx_word' id='word_1_260' title='bbox 951 3141 1145 3228; x_wconf 89' lang='grc' dir='ltr'><strong><em>όμακαρίτης</em></strong></span> <span class='ocrx_word' id='word_1_261' title='bbox 1165 3141 1342 3230; x_wconf 74' lang='grc' dir='ltr'><strong><em>ἠναγκάσθη</em></strong></span> <span class='ocrx_word' id='word_1_262' title='bbox 1358 3139 1430 3227; x_wconf 88' lang='grc' dir='ltr'><strong><em>γρά-</em></strong></span> 
     </span>
     <span class='ocr_line' id='line_1_29' title="bbox 272 3243 1429 3333; baseline -0.002 -22"><span class='ocrx_word' id='word_1_263' title='bbox 272 3264 333 3329; x_wconf 78' lang='grc' dir='ltr'><strong><em>ψαι</em></strong></span> <span class='ocrx_word' id='word_1_264' title='bbox 347 3245 502 3330; x_wconf 88' lang='grc' dir='ltr'><strong><em>ἐπιστολήν</em></strong></span> <span class='ocrx_word' id='word_1_265' title='bbox 515 3246 591 3312; x_wconf 87' lang='grc' dir='ltr'><strong><em>κατά</em></strong></span> <span class='ocrx_word' id='word_1_266' title='bbox 603 3254 663 3312; x_wconf 72' lang='grc' dir='ltr'><strong><em>ταῖν</em></strong></span> <span class='ocrx_word' id='word_1_267' title='bbox 675 3245 712 3311; x_wconf 87' lang='grc' dir='ltr'><strong><em>τά</em></strong></span> <span class='ocrx_word' id='word_1_268' title='bbox 725 3255 846 3312; x_wconf 89' lang='grc' dir='ltr'><strong><em>τοιαῦτα</em></strong></span> <span class='ocrx_word' id='word_1_269' title='bbox 859 3247 1017 3333; x_wconf 80' lang='grc' dir='ltr'><strong><em>λεγόντοιν,</em></strong></span> <span class='ocrx_word' id='word_1_270' title='bbox 1039 3245 1110 3328; x_wconf 89' lang='grc' dir='ltr'><strong><em>μετά</em></strong></span> <span class='ocrx_word' id='word_1_271' title='bbox 1124 3247 1319 3329; x_wconf 82' lang='grc' dir='ltr'><strong><em>άπειλητικῦν</em></strong></span> <span class='ocrx_word' id='word_1_272' title='bbox 1332 3243 1429 3330; x_wconf 82' lang='grc' dir='ltr'><strong><em>λόγων</em></strong></span> 
     </span>
     <span class='ocr_line' id='line_1_30' title="bbox 273 3349 1430 3440; baseline -0.003 -24"><span class='ocrx_word' id='word_1_273' title='bbox 273 3349 518 3433; x_wconf 80' lang='grc' dir='ltr'><strong><em>ἐπιπεμψάμενος</em></strong></span> <span class='ocrx_word' id='word_1_274' title='bbox 540 3358 581 3438; x_wconf 73' lang='grc' dir='ltr'><strong><em>τῷ</em></strong></span> <span class='ocrx_word' id='word_1_275' title='bbox 596 3350 814 3439; x_wconf 82' lang='grc' dir='ltr'><strong><em>αίδεσιματάτιμ</em></strong></span> <span class='ocrx_word' id='word_1_276' title='bbox 831 3350 983 3440; x_wconf 79' lang='grc' dir='ltr'><strong><em>ἐπισκόπητ</em></strong></span> <span class='ocrx_word' id='word_1_277' title='bbox 997 3349 1178 3438; x_wconf 81' lang='grc' dir='ltr'><strong><em>Ἐπικτήτῳ,</em></strong></span> <span class='ocrx_word' id='word_1_278' title='bbox 1207 3349 1252 3416; x_wconf 81' lang='grc' dir='ltr'><strong><em>ότι</em></strong></span> <span class='ocrx_word' id='word_1_279' title='bbox 1268 3352 1430 3430; x_wconf 82' lang='grc' dir='ltr'><strong><em>κατηξίωσε</em></strong></span> 
     </span>
     <span class='ocr_line' id='line_1_31' title="bbox 272 3450 1430 3538; baseline -0.003 -21"><span class='ocrx_word' id='word_1_280' title='bbox 272 3454 341 3538; x_wconf 82' lang='grc' dir='ltr'><strong><em>περί</em></strong></span> <span class='ocrx_word' id='word_1_281' title='bbox 356 3456 462 3518; x_wconf 83' lang='grc' dir='ltr'><strong><em>τοῦτον</em></strong></span> <span class='ocrx_word' id='word_1_282' title='bbox 478 3450 535 3518; x_wconf 88' lang='grc' dir='ltr'><strong><em>κάν</em></strong></span> <span class='ocrx_word' id='word_1_283' title='bbox 551 3450 708 3536; x_wconf 89' lang='grc' dir='ltr'><strong><em>άπόκρισιν</em></strong></span> <span class='ocrx_word' id='word_1_284' title='bbox 724 3462 787 3528; x_wconf 84' lang='grc' dir='ltr'><strong><em>τοῖς</em></strong></span> <span class='ocrx_word' id='word_1_285' title='bbox 801 3451 940 3538; x_wconf 84' lang='grc' dir='ltr'><strong><em>ταράξασι</em></strong></span> <span class='ocrx_word' id='word_1_286' title='bbox 958 3459 1071 3519; x_wconf 88' lang='grc' dir='ltr'><strong><em>δοῦναι.</em></strong></span> <span class='ocrx_word' id='word_1_287' title='bbox 1115 3459 1229 3533; x_wconf 75' lang='grc' dir='ltr'><strong><em>Σαφῶς</em></strong></span> <span class='ocrx_word' id='word_1_288' title='bbox 1247 3452 1279 3517; x_wconf 81' lang='grc' dir='ltr'><strong><em>δέ</em></strong></span> <span class='ocrx_word' id='word_1_289' title='bbox 1290 3452 1359 3536; x_wconf 89' lang='grc' dir='ltr'><strong><em>περλ</em></strong></span> <span class='ocrx_word' id='word_1_290' title='bbox 1374 3457 1430 3533; x_wconf 78' lang='grc' dir='ltr'><strong><em>τῆς</em></strong></span> 
     </span>
     <span class='ocr_line' id='line_1_32' title="bbox 271 3552 1431 3646; baseline -0.002 -26"><span class='ocrx_word' id='word_1_291' title='bbox 271 3560 397 3630; x_wconf 83' lang='grc' dir='ltr'><strong><em>πίστεως</em></strong></span> <span class='ocrx_word' id='word_1_292' title='bbox 417 3553 561 3641; x_wconf 67' lang='grc' dir='ltr'><strong><em>3γράψας</em></strong></span> <span class='ocrx_word' id='word_1_293' title='bbox 576 3552 593 3619; x_wconf 90' lang='grc' dir='ltr'><strong><em>ό</em></strong></span> <span class='ocrx_word' id='word_1_294' title='bbox 607 3552 697 3631; x_wconf 87' lang='grc' dir='ltr'><strong><em>αῦτδς</em></strong></span> <span class='ocrx_word' id='word_1_295' title='bbox 710 3560 872 3641; x_wconf 87' lang='grc' dir='ltr'><strong><em>μακαρίτης</em></strong></span> <span class='ocrx_word' id='word_1_296' title='bbox 887 3559 918 3622; x_wconf 85' lang='grc' dir='ltr'><strong><em>ἐν</em></strong></span> <span class='ocrx_word' id='word_1_297' title='bbox 931 3555 1038 3646; x_wconf 77' lang='grc' dir='ltr'><strong><em>ταῦτῷ,</em></strong></span> <span class='ocrx_word' id='word_1_298' title='bbox 1060 3559 1111 3622; x_wconf 86' lang='grc' dir='ltr'><strong><em>καλ</em></strong></span> <span class='ocrx_word' id='word_1_299' title='bbox 1124 3555 1195 3631; x_wconf 81' lang='grc' dir='ltr'><strong><em>τοῦς</em></strong></span> <span class='ocrx_word' id='word_1_300' title='bbox 1208 3552 1284 3620; x_wconf 87' lang='grc' dir='ltr'><strong><em>αῦτά</em></strong></span> <span class='ocrx_word' id='word_1_301' title='bbox 1296 3552 1431 3635; x_wconf 85' lang='grc' dir='ltr'><strong><em>φάσκον·</em></strong></span> 
     </span>
     <span class='ocr_line' id='line_1_33' title="bbox 270 3651 1431 3743; baseline -0.002 -20"><span class='ocrx_word' id='word_1_302' title='bbox 270 3684 324 3734; x_wconf 87' lang='grc' dir='ltr'><strong><em>τας</em></strong></span> <span class='ocrx_word' id='word_1_303' title='bbox 338 3661 387 3724; x_wconf 82' lang='grc' dir='ltr'><strong><em>καλ</em></strong></span> <span class='ocrx_word' id='word_1_304' title='bbox 403 3657 600 3743; x_wconf 89' lang='grc' dir='ltr'><strong><em>ταράττοντας</em></strong></span> <span class='ocrx_word' id='word_1_305' title='bbox 614 3655 804 3743; x_wconf 84' lang='grc' dir='ltr'><strong><em>άπειιήρυξεν.</em></strong></span> <span class='ocrx_word' id='word_1_306' title='bbox 844 3651 898 3734; x_wconf 62' lang='lat' dir='ltr'><strong><em>&#39;Hc</em></strong></span> <span class='ocrx_word' id='word_1_307' title='bbox 913 3663 1065 3743; x_wconf 73' lang='grc' dir='ltr'><strong><em>ἐπιστολῆς</em></strong></span> <span class='ocrx_word' id='word_1_308' title='bbox 1080 3658 1112 3724; x_wconf 86' lang='grc' dir='ltr'><strong><em>τό</em></strong></span> <span class='ocrx_word' id='word_1_309' title='bbox 1131 3659 1312 3743; x_wconf 80' lang='grc' dir='ltr'><strong><em>ἀντίγραφον</em></strong></span> <span class='ocrx_word' id='word_1_310' title='bbox 1326 3658 1431 3722; x_wconf 84' lang='grc' dir='ltr'><strong><em>ἐνταῦ-</em></strong></span> 
     </span>
     <span class='ocr_line' id='line_1_34' title="bbox 272 3758 1299 3848; baseline -0.004 -21"><span class='ocrx_word' id='word_1_311' title='bbox 272 3771 316 3827; x_wconf 86' lang='grc' dir='ltr'><strong><em>θα</em></strong></span> <span class='ocrx_word' id='word_1_312' title='bbox 337 3764 531 3848; x_wconf 82' lang='grc' dir='ltr'><strong><em>παραθέσθαι</em></strong></span> <span class='ocrx_word' id='word_1_313' title='bbox 553 3760 656 3826; x_wconf 88' lang='grc' dir='ltr'><strong><em>διόλου</em></strong></span> <span class='ocrx_word' id='word_1_314' title='bbox 676 3759 838 3846; x_wconf 86' lang='grc' dir='ltr'><strong><em>άναγκαῖον</em></strong></span> <span class='ocrx_word' id='word_1_315' title='bbox 854 3759 1017 3846; x_wconf 89' lang='grc' dir='ltr'><strong><em>ήγησάμην.</em></strong></span> <span class='ocrx_word' id='word_1_316' title='bbox 1062 3764 1121 3826; x_wconf 77' lang='grc' dir='ltr'><strong><em>Καί</em></strong></span> <span class='ocrx_word' id='word_1_317' title='bbox 1144 3763 1204 3826; x_wconf 85' lang='grc' dir='ltr'><strong><em>ίστι</em></strong></span> <span class='ocrx_word' id='word_1_318' title='bbox 1225 3758 1299 3825; x_wconf 89' lang='grc' dir='ltr'><strong><em>τόδε.</em></strong></span> 
     </span>
    </p>
   </div>
   <div class='ocr_carea' id='block_1_4' title="bbox 270 3900 1433 4170">
    <p class='ocr_par' dir='ltr' id='par_1_5' title="bbox 270 3900 1433 4170">
     <span class='ocr_line' id='line_1_35' title="bbox 305 3900 1275 3967; baseline -0.003 -16"><span class='ocrx_word' id='word_1_319' title='bbox 305 3901 329 3951; x_wconf 77' lang='grc'><strong><em>’2.</em></strong></span> <span class='ocrx_word' id='word_1_320' title='bbox 352 3903 441 3960; x_wconf 82' lang='grc' dir='ltr'><strong><em>δεινῶς</em></strong></span> <span class='ocrx_word' id='word_1_321' title='bbox 463 3903 571 3952; x_wconf 74' lang='lat' dir='ltr'><strong><em>mendose</em></strong></span> <span class='ocrx_word' id='word_1_322' title='bbox 589 3906 622 3950; x_wconf 80' lang='grc' dir='ltr'><strong><em>εει</em></strong></span> <span class='ocrx_word' id='word_1_323' title='bbox 647 3903 671 3952; x_wconf 78' lang='grc' dir='ltr'><strong><em>λα</em></strong></span> <span class='ocrx_word' id='word_1_324' title='bbox 695 3903 732 3952; x_wconf 78' lang='lat' dir='ltr'><strong><em>ed.</em></strong></span> <span class='ocrx_word' id='word_1_325' title='bbox 751 3903 831 3952; x_wconf 74' lang='grc' dir='ltr'><strong><em>Ρτίαν.</em></strong></span> <span class='ocrx_word' id='word_1_326' title='bbox 866 3901 908 3967; x_wconf 82' lang='lat' dir='ltr'><strong><em>qui</em></strong></span> <span class='ocrx_word' id='word_1_327' title='bbox 923 3900 954 3951; x_wconf 77' lang='lat' dir='ltr'><strong><em>ab</em></strong></span> <span class='ocrx_word' id='word_1_328' title='bbox 969 3901 1025 3967; x_wconf 76' lang='lat' dir='ltr'>ipso</span> <span class='ocrx_word' id='word_1_329' title='bbox 1040 3901 1073 3950; x_wconf 74' lang='lat' dir='ltr'><strong><em>ad</em></strong></span> <span class='ocrx_word' id='word_1_330' title='bbox 1088 3917 1133 3951; x_wconf 75' lang='lat' dir='ltr'><strong><em>noe</em></strong></span> <span class='ocrx_word' id='word_1_331' title='bbox 1148 3909 1275 3950; x_wconf 78' lang='lat' dir='ltr'><strong>venerant.</strong></span> 
     </span>
     <span class='ocr_line' id='line_1_36' title="bbox 271 3969 1432 4032; baseline -0.003 -10"><span class='ocrx_word' id='word_1_332' title='bbox 271 3972 353 4022; x_wconf 76' lang='lat' dir='ltr'><strong><em>Calon.</em></strong></span> <span class='ocrx_word' id='word_1_333' title='bbox 373 3977 444 4032; x_wconf 72' lang='lat' dir='ltr'><strong><em>repet.</em></strong></span> <span class='ocrx_word' id='word_1_334' title='bbox 840 4023 842 4025; x_wconf 75' lang='lat'>.</span> <span class='ocrx_word' id='word_1_335' title='bbox 901 3971 925 4019; x_wconf 76' lang='lat'><strong><em>2.</em></strong></span> <span class='ocrx_word' id='word_1_336' title='bbox 945 3972 1042 4019; x_wconf 77' lang='grc' dir='ltr'><strong><em>Ιίιείίαιλ</em></strong></span> <span class='ocrx_word' id='word_1_337' title='bbox 1055 3972 1098 4020; x_wconf 82' lang='grc' dir='ltr'><strong><em>λοι</em></strong></span> <span class='ocrx_word' id='word_1_338' title='bbox 1111 3974 1181 4030; x_wconf 79' lang='grc' dir='ltr'><strong><em>τοῖς,</em></strong></span> <span class='ocrx_word' id='word_1_339' title='bbox 1202 3970 1264 4032; x_wconf 74' lang='lat' dir='ltr'><strong><em>quod</em></strong></span> <span class='ocrx_word' id='word_1_340' title='bbox 1278 3972 1304 4018; x_wconf 83' lang='grc' dir='ltr'><strong><em>ιἰι</em></strong></span> <span class='ocrx_word' id='word_1_341' title='bbox 1319 3969 1432 4019; x_wconf 62' lang='lat' dir='ltr'><strong><em>edwe-</em></strong></span> 
     </span>
     <span class='ocr_line' id='line_1_37' title="bbox 307 4031 1433 4101; baseline 0.001 -15"><span class='ocrx_word' id='word_1_342' title='bbox 307 4038 365 4087; x_wconf 69' lang='grc' dir='ltr'><strong><em>(λιν.</em></strong></span> <span class='ocrx_word' id='word_1_343' title='bbox 387 4040 418 4087; x_wconf 85' lang='grc' dir='ltr'><strong><em>Η.</em></strong></span> <span class='ocrx_word' id='word_1_344' title='bbox 435 4065 469 4076; x_wconf 93' lang='lat'><strong><em>-·</em></strong></span> <span class='ocrx_word' id='word_1_345' title='bbox 505 4036 526 4089; x_wconf 90' lang='lat'><strong><em>1.</em></strong></span> <span class='ocrx_word' id='word_1_346' title='bbox 556 4041 652 4089; x_wconf 76' lang='grc' dir='ltr'><strong><em>Οσττττι·</em></strong></span> <span class='ocrx_word' id='word_1_347' title='bbox 676 4032 720 4091; x_wconf 78' lang='grc' dir='ltr'><strong><em>ἀπ’</em></strong></span> <span class='ocrx_word' id='word_1_348' title='bbox 747 4031 833 4090; x_wconf 70' lang='grc' dir='ltr'><strong><em>αὐτοῦ.</em></strong></span> <span class='ocrx_word' id='word_1_349' title='bbox 867 4041 916 4086; x_wconf 80' lang='grc' dir='ltr'><strong><em>λου.</em></strong></span> <span class='ocrx_word' id='word_1_350' title='bbox 932 4043 1069 4100; x_wconf 65' lang='lat' dir='ltr'><strong><em>nouenae,</em></strong></span> <span class='ocrx_word' id='word_1_351' title='bbox 1095 4052 1124 4088; x_wconf 82' lang='grc' dir='ltr'><strong><em>ια</em></strong></span> <span class='ocrx_word' id='word_1_352' title='bbox 1140 4043 1237 4101; x_wconf 78' lang='grc' dir='ltr'><strong><em>ναρρατ</em></strong></span> <span class='ocrx_word' id='word_1_353' title='bbox 1253 4037 1319 4087; x_wconf 58' lang='lat' dir='ltr'><strong><em>codd</em></strong></span> <span class='ocrx_word' id='word_1_354' title='bbox 1336 4050 1392 4087; x_wconf 80' lang='grc' dir='ltr'><strong><em>πει.</em></strong></span> <span class='ocrx_word' id='word_1_355' title='bbox 1408 4043 1433 4087; x_wconf 74' lang='grc' dir='ltr'><strong><em>τι</em></strong></span> 
     </span>
     <span class='ocr_line' id='line_1_38' title="bbox 270 4099 1015 4170; baseline 0 -14"><span class='ocrx_word' id='word_1_356' title='bbox 270 4106 337 4157; x_wconf 76' lang='lat' dir='ltr'><strong><em>Lssm&#39;</em></strong></span> <span class='ocrx_word' id='word_1_357' title='bbox 351 4108 421 4170; x_wconf 81' lang='grc' dir='ltr'><strong><em>ναλρο</em></strong></span> <span class='ocrx_word' id='word_1_358' title='bbox 443 4100 484 4158; x_wconf 76' lang='grc' dir='ltr'><strong><em>ῦτί</em></strong></span> <span class='ocrx_word' id='word_1_359' title='bbox 499 4099 600 4160; x_wconf 66' lang='grc' dir='ltr'><strong><em>αὐτοῦ.</em></strong></span> <span class='ocrx_word' id='word_1_360' title='bbox 623 4109 750 4158; x_wconf 64' lang='lat' dir='ltr'><em>omanus</em></span> <span class='ocrx_word' id='word_1_361' title='bbox 768 4108 836 4156; x_wconf 80' lang='grc' dir='ltr'><strong><em>νττίίλ</em></strong></span> <span class='ocrx_word' id='word_1_362' title='bbox 869 4106 923 4155; x_wconf 74' lang='grc' dir='ltr'><strong><em>ασελ.</em></strong></span> <span class='ocrx_word' id='word_1_363' title='bbox 939 4108 1015 4166; x_wconf 76' lang='grc' dir='ltr'><strong><em>μελισ.</em></strong></span> 
     </span>
    </p>
   </div>
   <div class='ocr_carea' id='block_1_5' title="bbox 0 0 1552 5070">
    <p class='ocr_par' dir='ltr' id='par_1_6' title="bbox 0 0 1552 5070">
     <span class='ocr_line' id='line_1_39' title="bbox 0 0 1552 5070; baseline 0 0"><span class='ocrx_word' id='word_1_364' title='bbox 0 0 1552 5070; x_wconf 95' lang='lat' dir='ltr'><strong><em> </em></strong></span> 
     </span>
    </p>
   </div>
  </div>
 </body>
</html>
