3096 5070
327 285 465 339 annana
481 287 545 340 ern
561 288 605 339 ιιι.
622 285 704 340 ron.
718 287 751 338 ιι.
767 287 1015 340 aeramen.
1191 278 1253 345 353

152 450 156 456 -
182 400 265 472 llaec
283 406 324 471 illi
342 407 409 471 dnm
428 407 464 471 ad
481 427 547 471 eum
569 406 684 470 modom
705 407 911 490 pronuntiant,
942 429 1001 472 non
1019 409 1254 476 animadvertunt
1274 431 1391 499 eapxt.

98 519 278 595 quantopere
299 531 400 575 secum
422 509 480 595 ipsi
502 519 643 595 pugnent.
689 507 776 573 Licet
801 509 879 572 enim
907 530 946 572 ex
970 507 1067 574 lllnria
1093 513 1255 596 proiectum

98 633 204 697 eorpus
227 633 372 676 essenon
390 613 499 689 dicant,
524 612 576 674 sed
595 611 845 675 consubstantiale
866 611 958 674 verbo
977 612 1131 692 duntaxat,
1151 615 1256 679 nihilo·

97 716 193 780 minus
216 725 330 794 tamen,
362 715 439 799 quod
460 735 496 776 ne
511 714 623 778 sentire
640 714 812 777 viderentur
829 713 927 777 vereri
946 735 980 778 se
1000 716 1192 796 simulabant,
1225 719 1255 781 in

97 818 152 882 hoe
174 819 288 903 ipsum,
320 838 395 901 quae
419 827 466 879 est
483 816 599 880 illorum
620 816 784 894 stoliditas,
818 817 952 880 oratioue
971 838 1024 880 sua
1043 818 1134 903 palum
1158 820 1257 883 inern-

96 932 183 1000 runt,
208 932 239 984 ct
252 918 474 1009 quaternionem
490 919 568 982 illum
586 918 754 982 admittant.
800 918 918 983 Etenim
938 920 978 983 uti
999 919 1091 999 tilius,
1125 921 1174 1005 qni
1192 921 1257 984 itto-

97 1046 162 1088 rum
186 1022 333 1086 sententia
357 1021 432 1106 patri
456 1021 794 1099 consubstantialium,
828 1022 947 1085 minime
965 1023 1014 1086 ille
1032 1024 1147 1108 quidem
1174 1035 1257 1108 pater

98 1135 162 1203 est,
196 1125 248 1188 sed
268 1124 343 1188 lilius
359 1125 432 1209 patri
458 1123 716 1213 consubstantialis
733 1124 912 1209 appellatur,
947 1126 988 1188 ita
1006 1125 1257 1190 consubstantiale

99 1226 193 1292 verbo
217 1247 324 1312 eorpus
349 1248 408 1290 uun
432 1228 525 1311 ipsum
548 1225 671 1291 verbum
695 1237 759 1307 est,
794 1228 844 1291 sed
869 1228 945 1291 aliud
969 1229 1103 1312 quiddam
1126 1250 1143 1291 a
1165 1229 1256 1293 verbo

100 1329 279 1393 distinctum.
334 1326 419 1412 Quod
445 1329 471 1394 si
494 1329 571 1393 aliud
597 1339 661 1407 ost,
695 1329 811 1393 illorum
836 1330 951 1394 trinitas
977 1331 1006 1393 in
1032 1332 1256 1414 quaternionem
1325 1356 1326 1360 ¹

100 1433 261 1517 redigetur.
307 1430 406 1496 Venae
428 1433 533 1518 quippe
555 1443 586 1496 et
611 1433 708 1518 reipsa
734 1435 883 1518 perlectae
908 1444 940 1497 et
963 1434 1109 1497 indivisae
1134 1434 1258 1498 trinitati

100 1536 179 1600 nulla
204 1535 267 1600 lieri
292 1546 388 1620 potest
410 1536 562 1615 accessio,
596 1545 820 1620 praeterquam
847 1556 1001 1621 perperam
1025 1536 1074 1599 isti
1100 1538 1258 1601 commenti

100 1649 181 1702 sunt.
227 1634 329 1720 Quare
343 1634 507 1703 Christiani
530 1657 597 1702 esse
620 1637 669 1722 qni
697 1648 821 1722 possunt
842 1640 890 1723 qui
907 1639 1032 1702 alterum
1051 1640 1087 1703 ab
1107 1659 1144 1703 eo
1159 1641 1208 1725 qui
1225 1660 1258 1704 re

101 1761 174 1806 vera
193 1741 265 1804 deus
288 1752 334 1805 est
352 1741 424 1805 laisa
442 1740 498 1805 sibi
524 1740 717 1826 persuasione
744 1741 912 1820 linxerunt,
944 1762 1047 1806 rursus
1064 1743 1141 1805 enim
1161 1743 1190 1805 in
1215 1742 1258 1806 al·

101 1853 167 1908 tera
181 1844 304 1928 quadam
319 1844 440 1908 istorum
458 1842 646 1907 cavillatione
663 1854 770 1928 quanta
787 1843 825 1906 sit
841 1864 942 1906 eorum
960 1844 1106 1908 stoliditas
1124 1855 1256 1929 apparet.

101 1945 180 2011 Nam
205 1947 231 2010 si
254 1966 307 2031 pro
330 1966 367 2009 eo
388 1946 464 2029 quod
487 1941 624 2010 Christus
640 1968 747 2032 eorpus
763 1967 802 2010 ex
817 1943 1032 2010 Marianarum
1051 1959 1081 2011 et
1102 1947 1258 2011 bnnmnum

103 2061 149 2115 est
164 2061 252 2134 atque
275 2049 305 2111 in
319 2048 472 2133 scripturis
492 2068 561 2112 esse
580 2049 700 2128 dieitur,
733 2049 955 2134 quaternionem
973 2049 1082 2113 idcirco
1100 2071 1153 2135 pro
1177 2050 1260 2113 trini·

102 2165 166 2219 tare
182 2152 321 2217 constitui
346 2160 449 2236 putant
465 2171 501 2214 eu
516 2151 591 2234 quod
613 2152 753 2235 quaedam
771 2151 834 2215 heri
853 2151 988 2214 rideatur
1005 2152 1138 2238 corporis
1158 2173 1259 2217 acces-

102 2258 160 2337 sio,
185 2256 376 2321 vehementer
393 2265 494 2317 errant
510 2254 559 2338 qui
575 2254 719 2319 condituri
734 2256 978 2339 opiheiumsuum
995 2254 1117 2340 aequale
1136 2254 1258 2334 laniunt,

103 2371 134 2424 et
150 2361 187 2422 nd
206 2357 388 2422 divinitatem
412 2358 555 2421 accedere
579 2377 666 2442 posse
689 2358 796 2442 aliquid
821 2357 1018 2437 arbitrantur,
1052 2379 1107 2420 nee
1129 2358 1197 2422 illud
1216 2357 1261 2420 in·

103 2462 257 2547 telligunt,
292 2481 352 2524 nnn
376 2460 412 2523 ad
436 2459 524 2523 ullam
550 2459 648 2523 carnis
674 2461 876 2525 accessionem
901 2460 1022 2523 verbum
1049 2480 1168 2524 carnem
1194 2481 1262 2524 esse

103 2567 229 2644 laetum,
261 2564 315 2628 sed
333 2574 365 2627 ut
382 2584 453 2627 caro
471 2563 535 2648 ipsa
557 2574 747 2646 resurgeret,
780 2585 875 2648 neque
899 2564 1038 2642 verbum,
1073 2564 1262 2648 quoadme·
1308 2636 1320 2657 ι

102 2669 206 2733 liorem
223 2667 348 2752 aliquam
363 2665 559 2730 conditionem
584 2667 812 2744 transferretur,
843 2687 881 2730 ex
898 2663 995 2729 Maria
1015 2665 1177 2751 prodiisse,
1209 2665 1263 2730 sed

105 2783 136 2835 ut
162 2769 309 2833 homiuum
329 2790 423 2855 genus
445 2768 616 2832 redimeret.
662 2767 723 2832 lam
745 2790 819 2833 vero
841 2770 987 2854 quomodo
1003 2768 1066 2831 heri
1084 2778 1181 2853 potest
1197 2787 1264 2831 cur·

106 2895 160 2959 pus
183 2882 215 2936 ut
237 2872 323 2951 illud,
357 2856 432 2955 quud
449 2872 635 2957 perverbum
653 2872 833 2958 redemptum
851 2894 886 2936 ac
902 2873 962 2935 vita
979 2874 1116 2935 donatum
1136 2883 1200 2948 est,
1235 2870 1263 2933 ei

107 2996 203 3059 aquo
227 2975 316 3039 uitam
343 2975 456 3058 aceepit
484 2975 571 3039 ullam
600 2973 761 3038 diuinitatis
788 2976 989 3040 accessionem
1015 2976 1109 3059 possit
1132 2975 1263 3038 allerre'l

106 3074 185 3140 Nam
202 3096 219 3140 e
237 3077 387 3141 contrario
403 3075 551 3142 uberrima
565 3078 615 3142 illa
630 3078 747 3163 quidem
765 3080 801 3143 ad
818 3079 974 3142 humanum
992 3100 1099 3165 corpus
1116 3099 1156 3141 ex
1172 3075 1264 3141 divini

107 3177 192 3244 verbi
207 3180 410 3243 communione
426 3181 686 3266 commistioneque
704 3183 781 3245 lacta
799 3192 844 3244 est
861 3181 1008 3246 accessio.
1054 3179 1205 3266 Siquidem
1223 3199 1264 3243 ex

107 3281 223 3375 mortali
238 3281 418 3362 immortale,
442 3303 481 3347 ex
498 3285 615 3348 animali
633 3284 766 3370 spiritale
784 3285 928 3348 redditum
946 3294 1011 3364 est,
1042 3296 1129 3369 atque
1148 3304 1164 3346 c
1183 3293 1265 3346 terra

109 3387 268 3472 prolectam
286 3384 360 3447 coeli
383 3398 481 3469 portas
498 3387 674 3472 penetravit.
721 3383 862 3455 Ceteram
882 3388 997 3451 trinitas
1014 3387 1097 3472 ipsa,
1130 3383 1264 3471 quamvis

108 3487 231 3552 verbnm
253 3483 381 3550 eMaria
396 3508 502 3571 corpus
519 3489 683 3574 acceperit,
707 3491 823 3553 trinitas
839 3502 904 3570 est,
936 3491 982 3555 eni
1008 3511 1063 3554 nec
1080 3490 1145 3552 addi
1169 3495 1266 3571 petest

110 3590 273 3675 quidpiam,
305 3608 400 3673 neque
420 3590 556 3688 detrahi,
588 3591 641 3654 sed
658 3593 787 3676 perlecta
809 3614 927 3679 semper
948 3605 1011 3673 est,
1042 3593 1115 3656 etin
1135 3588 1267 3652 trinitate

110 3692 269 3778 singularis
291 3691 428 3755 divinitas
447 3692 618 3776 agnoscitur
634 3703 722 3777 atque
741 3696 782 3758 ita
798 3696 913 3760 demum
932 3717 1006 3761 unus
1025 3696 1098 3760 deus
1116 3692 1200 3758 verbi
1215 3713 1266 3779 pa·

109 3804 157 3860 ter
178 3796 207 3858 in
231 3794 358 3858 ecclesia
382 3795 578 3880 praedicatur.
1085 3864 1089 3875 ¹

195 3895 307 3962 Eadem
323 3918 412 3982 porro
427 3895 540 3960 ratione
557 3908 588 3960 et
603 3917 636 3961 os
655 3895 713 3959 illis
731 3899 902 3964 occludatur
924 3902 971 3985 qni
994 3901 1093 3963 dicere
1112 3897 1266 3982 aliqnando
1285 3923 1344 3994 eq,
1360 3922 1419 3976 χῃ,

110 4001 174 4067 ausi
197 4011 267 4066 sunt
282 4020 349 4064 euna
367 4001 417 4086 qni
441 4020 481 4063 ex
497 3997 595 4064 Maria
619 4001 764 4086 processit
786 4024 846 4066 non
867 4004 959 4086 ipsum
978 4023 1045 4068 esse
1064 3998 1215 4067 Christum
1233 4020 1267 4064 ec

147 4273 171 4328 9.
188 4273 281 4340 πολλὴν
298 4272 344 4342 τήν
360 4278 389 4327 Β.
742 4272 782 4328 tt.
798 4277 837 4344 τῷ
854 4274 923 4344 λόγῳ
939 4275 977 4344 τῷ
1000 4277 1076 4338 toea.
1092 4290 1119 4329 ra·
1136 4276 1166 4328 B.

149 4344 189 4394 10.
206 4341 236 4396 δὲ
256 4348 319 4394 abest
335 4358 351 4392 o
368 4346 397 4393 B.
743 4345 782 4396 15.
800 4347 837 4415 τῷ
856 4341 924 4409 date.
943 4346 969 4394 B.
988 4346 1064 4396 Recta

150 4415 189 4463 11.
205 4410 337 4478 γινομένης
353 4408 397 4465 διὰ
413 4407 442 4464 τὸ
460 4412 487 4462 n.
744 4413 782 4465 td.
801 4409 850 4467 eiad
869 4410 917 4481 γὰρ
934 4414 962 4463 Β.

150 4479 188 4529 l‘t.
207 4478 257 4532 τῶν
273 4475 413 4545 ἀνθρώπων
429 4481 458 4530 Β.
743 4479 803 4534 Gan.
817 4483 876 4533 ΧΙΙ.
895 4510 928 4521 -
963 4480 986 4533 1.
1003 4476 1036 4548 δὴ
1055 4483 1082 4533 Β.

150 4549 189 4599 13.
207 4545 343 4601 clamored
361 4551 387 4597 Β.

166 4628 470 4686 comma-ermenus.
1025 4639 1066 4704 23
