3096 5070
391 291 527 345 PANARH
544 290 608 341 ute.
623 288 667 339 tii.
684 287 767 342 ΤΟΜ.
781 289 801 339 t.
818 287 917 338 ΗΑΕΒ.
931 286 1026 338 uxxt.
1255 269 1296 335 43

135 415 202 479 bum
219 413 326 478 reterri
342 425 480 500 oportere
498 409 653 473 iudicaret.
698 406 777 471 Nam
797 407 841 471 bis
858 406 975 484 verbis,
999 410 1147 469 Faraumns
1160 409 1297 468 nminem
1310 429 1369 476 aaa.
1385 431 1404 481 1.
1417 427 1450 473 ι

135 523 175 580 ud
186 523 337 598 imaginem
355 529 480 578 nostram
499 525 530 575 et
546 516 585 573 nd
604 515 830 584 similitudinem,
865 509 987 571 corbum
1013 529 1097 572 suum
1120 520 1203 593 pater
1225 507 1297 571 ailo·

135 621 244 705 quitur.
291 617 369 703 Quid
384 617 493 702 igitur?
537 612 628 691 Erat,
654 613 765 697 iuquit,
791 613 818 674 in
840 623 922 696 patre
938 609 1079 688 verbum,
1102 611 1153 672 sed
1170 610 1297 674 nondum

136 734 201 787 erat
218 723 306 785 fitius.
354 719 446 794 item,
480 719 877 788 Plcn'tdommusndoma'no,
910 714 986 796 quod
1014 711 1043 775 in
1067 722 1149 797 patre
1173 711 1296 775 verbum
1344 785 1352 800 θ

137 835 228 889 esset.
283 821 338 899 Et,
365 825 446 894 Va'da',
480 819 592 902 iuquit,
626 821 835 879 descendentem
854 837 941 897 snpra
963 805 1066 888 nabes{
1099 819 1184 896 qnasi
1196 804 1450 914 filaumssfflfssb

136 931 273 999 dominas,
314 924 390 1007 quod
416 922 497 985 velut
520 932 588 983 aute
610 921 787 983 denuntians
809 919 900 996 dixita
931 917 1077 1002 oouquod
1101 917 1194 979 adhuc
1222 913 1297 978 fliius

137 1032 300 1103 existeret,
330 1027 382 1087 sed
400 1024 492 1108 ipsum
509 1022 622 1100 solum,
655 1023 702 1085 eui
721 1021 769 1084 utii
788 1042 894 1084 nomeu
912 1031 978 1084 erat
995 1019 1150 1104 aliquando
1167 1017 1299 1081 tribuen-

139 1133 227 1206 dum,
259 1138 326 1212 post
349 1124 472 1190 Muciam
499 1125 654 1202 videlicet,
686 1125 990 1208 quodqueexearue
1014 1123 1195 1207 proditurum
1219 1129 1296 1196 erat,

139 1229 279 1298 Christus
305 1229 438 1293 nimirum
455 1230 492 1292 de
509 1227 613 1313 spiritu
632 1238 737 1290 sancto
757 1224 912 1311 Marioque
930 1226 1064 1309 genitum
1094 1222 1124 1288 iu
1150 1244 1235 1308 quem
1254 1221 1299 1286 sio

141 1345 276 1416 tauquam
307 1331 514 1416 anticipatione
539 1332 661 1415 quadam
692 1330 832 1393 anniversa
856 1330 1061 1392 contemnatur.
1114 1324 1298 1411 Quamquam

141 1436 267 1499 noandum
298 1435 378 1519 ipse,
412 1434 653 1519 quemadmodum
681 1443 711 1495 et
738 1432 860 1496 verbum
883 1431 970 1508 illud,
1004 1431 1080 1514 quod
1110 1429 1139 1492 iu
1164 1450 1210 1493 me
1239 1438 1297 1492 est.

140 1536 206 1600 dioc
227 1547 323 1600 autem
350 1537 436 1622 pauio
459 1547 528 1599 anta
551 1535 734 1613 monuimus,
764 1531 922 1597 Photinum
949 1554 989 1597 ex
1008 1529 1092 1597 Pauli
1111 1528 1299 1595 Samosateni

141 1639 265 1703 faotione
291 1660 376 1717 esse,
409 1639 569 1722 eademque
595 1659 661 1700 cum
679 1636 729 1699 itta
748 1637 925 1715 detendere3
958 1634 1073 1698 tametm
1103 1635 1182 1698 ilium
1204 1634 1298 1719 ipsum

139 1743 225 1806 novis
248 1742 401 1805 erroribus
423 1742 610 1824 inventisque
632 1740 794 1825 superavit.

224 1841 337 1907 Verum
359 1843 547 1907 nibilominus
571 1854 600 1905 et
617 1843 680 1927 ipse
701 1841 867 1920 retaliatum
899 1841 947 1924 qui
965 1841 995 1904 iu
1012 1852 1177 1904 extremam
1195 1838 1298 1924 impie·
1310 1845 1371 1916 cnp.
1388 1845 1433 1897 ur.

140 1959 244 2024 tatem,
268 1965 302 2007 ac
319 1945 408 2007 divini
428 1945 555 2009 numinis
568 1944 793 2029 abnegationem
812 1941 978 2028 prolapsus,
1002 1955 1033 2006 et
1048 1944 1144 2007 aliena
1162 1940 1301 2027 asempi·

142 2061 227 2113 terna
253 2047 313 2111 vita
336 2059 500 2110 commenta
525 2060 645 2111 secutus
670 2057 726 2112 est.
770 2044 849 2109 Nam
865 2046 889 2108 si
910 2066 1015 2110 recens
1036 2046 1111 2109 adeo
1128 2056 1192 2123 est,
1223 2045 1301 2129 quod

141 2152 177 2215 ad
196 2148 377 2213 divinitatem
404 2149 525 2227 attinet,
559 2151 604 2213 dei
623 2149 716 2228 fitius,
746 2169 932 2232 consequens
950 2160 1000 2228 ,est
1023 2170 1081 2212 non
1104 2147 1190 2211 modo
1209 2145 1302 2211 Davi·

142 2255 208 2317 dem
226 2252 277 2315 iilo
293 2253 471 2315 anteriorem
491 2271 575 2328 esse,
600 2252 651 2316 sed
671 2262 700 2314 et
718 2252 812 2315 eidem
830 2251 974 2315 conditori
990 2271 1045 2314 suo
1061 2253 1299 2336 praeterendum.

141 2356 239 2440 Atque
266 2355 338 2418 baec
357 2354 472 2438 quidem
497 2352 637 2417 baeretici
655 2354 731 2417 iilius
752 2355 850 2440 opinio
868 2354 938 2432 tuit,
963 2352 1010 2437 qui
1030 2374 1181 2417 sacrarum
1201 2352 1302 2416 litera·
1362 2361 1364 2364 '

140 2479 203 2522 rum
220 2456 396 2520 anrutoritate
413 2467 579 2541 contempta
603 2457 667 2520 eius
697 2459 865 2521 testimonio
895 2476 1047 2542 perperam
1078 2456 1226 2520 intellecto
1257 2452 1301 2518 siu

139 2561 280 2624 abutitur.
337 2559 514 2644 Apostolus,
545 2558 656 2644 inquit,
688 2563 727 2623 ita
750 2561 894 2644 loquitur:
926 2565 1038 2622 Pramus
1058 2563 1139 2621 homo
1163 2561 1197 2618 de
1217 2573 1451 2642 terrn1,0.‚,1n‚an‚

139 2676 286 2735 terrenus,
317 2666 457 2723 secumdam
477 2666 512 2723 de
534 2666 621 2723 coelo.
670 2663 759 2746 arqui
782 2664 879 2726 statim
906 2663 948 2726 itii
975 2662 1110 2725 veritatis
1134 2662 1302 2744 refragatur

139 2766 252 2842 oratio,
284 2785 318 2828 ac
345 2764 559 2827 tenebricosam
581 2764 658 2827 iltius
680 2776 807 2828 menatem
830 2766 992 2849 redarguit.
1037 2763 1199 2849 Apostolus
1222 2763 1300 2827 enim

140 2867 262 2952 duplicis
279 2867 403 2929 bominis
420 2867 598 2929 mentionem
615 2867 692 2952 agit,
725 2888 848 2951 quorum
868 2869 994 2951 priorem
1023 2872 1163 2930 Adumcm
1185 2891 1201 2929 e
1222 2880 1301 2930 terna

141 2982 299 3043 terrenum,
332 2970 456 3032 atterum
479 2991 495 3031 c
519 2969 603 3035 coeio
629 2969 783 3033 deductum
810 2970 942 3032 affirmat.
988 2972 1035 3033 Ac
1059 2970 1127 3033 iicet
1154 2970 1300 3034 bominem

140 3073 281 3157 appettet,
315 3093 373 3134 non
400 3082 496 3135 tamen
517 3093 534 3135 a
552 3072 635 3135 rocio
657 3094 727 3134 caro
752 3073 815 3157 ipsa
840 3073 1010 3150 descendit,
1041 3073 1093 3136 sed
1118 3072 1165 3136 vei
1190 3075 1301 3136 fatente

139 3174 204 3260 ipso
220 3196 236 3235 e
252 3171 349 3237 Maria
370 3184 507 3257 suscepta
530 3185 585 3237 est.
633 3171 678 3237 De
704 3175 787 3237 coeto
811 3195 884 3237 vcro
908 3197 965 3238 nou
983 3175 1075 3239 abusu
1097 3176 1220 3260 quodam
1237 3197 1302 3239 ser·

139 3278 235 3342 monis
254 3297 373 3339 carnem
392 3278 431 3339 nit
448 3297 515 3339 esse
532 3278 692 3361 delapsam,
717 3278 768 3339 sed
786 3278 946 3341 securandum
969 3279 1114 3343 bominem
1138 3279 1299 3357 duntaxatp

139 3400 178 3443 ex
194 3402 251 3465 quo
269 3380 390 3443 verbum
410 3400 426 3442 e
443 3380 527 3442 cocio
544 3380 712 3456 descendit,
742 3391 772 3440 et
786 3381 926 3442 tatianum
939 3386 969 3442 e'n
984 3384 1080 3456 natm,
1113 3383 1301 3464 quemadmo·
1317 3398 1395 3444 tmen.
1406 3399 1453 3457 aa

141 3482 206 3544 dum
226 3484 439 3567 scriptumest.
486 3480 685 3566 Quamobrem
700 3491 730 3544 et
746 3492 815 3544 aute
830 3482 964 3546 dominus
984 3484 1150 3561 existebat,
1181 3496 1211 3547 et
1232 3484 1302 3548 snb·

142 3578 209 3643 iride
225 3586 327 3661 adduit,
354 3589 411 3664 (ini
425 3590 531 3647 incenit
547 3607 653 3647 ornnem
670 3590 741 3647 cmm
759 3589 903 3647 serendae.
948 3584 1094 3650 Extitisse
1111 3608 1184 3650 vero
1200 3587 1298 3650 diviua
1313 3605 1394 3650 Beroe.

142 3683 287 3768 scriptura
304 3708 361 3748 non
378 3687 499 3750 dubitat.
546 3686 624 3750 Nam
642 3709 716 3770 quae
734 3699 896 3771 sequauntur
910 3699 980 3751 aute
999 3690 1079 3751 idum
1096 3689 1234 3751 extitisse
1251 3690 1301 3752 de-
1326 3657 1348 3713 ⁸’
1360 3659 1393 3703 ’τ’

142 3784 267 3847 uiaraut.
314 3785 404 3850 Velut
424 3794 500 3869 qnod
523 3811 627 3850 amnem
644 3796 716 3850 caum
735 3795 869 3852 scientiae
884 3795 1023 3871 reperisse
1043 3791 1172 3868 dicatur,
1197 3792 1302 3856 deinde

141 3892 171 3949 in
193 3899 271 3948 terra
290 3893 366 3948 nasus
382 3912 458 3962 esse,
491 3910 564 3971 quae
586 3893 709 3952 inituram
730 3892 981 3968 incarnationem,
1016 3893 1189 3976 quaudoque
1211 3892 1302 3977 signi·

142 3990 279 4053 licebant.
326 3986 386 4052 lam
406 4011 478 4051 cero
501 3991 576 4072 quod
600 4011 616 4050 e
639 3992 722 4053 coeto
744 4014 843 4055 secum
867 3993 1012 4056 bominem
1036 3994 1177 4059 detulisse
1200 4009 1303 4082 putant

143 4091 303 4169 baeretici,
335 4112 393 4154 riou
421 4092 476 4155 boo
499 4092 650 4177 apostolus
674 4092 760 4169 dicit,
792 4114 893 4158 verum
919 4096 956 4158 ob
984 4096 1136 4160 humanam
1168 4109 1300 4165 neutram

142 4216 206 4258 oum
230 4195 329 4257 divina
353 4195 550 4257 corisooiatnm
568 4193 715 4257 bonnioem
731 4194 811 4258 idum
828 4197 970 4281 appellat,
1003 4210 1090 4282 atque
1110 4201 1196 4264 etiam
1215 4202 1252 4265 ob
1267 4203 1301 4266 it-

142 4298 189 4360 lud
213 4307 327 4381 tempus
351 4299 426 4381 qarod
448 4299 593 4360 Adamum
620 4297 698 4361 iuter
716 4308 745 4361 et
770 4298 1000 4362 incarnationem
1029 4302 1210 4367 interiectum
1234 4315 1298 4385 est3

142 4420 200 4462 nou
219 4401 313 4483 quod,
338 4411 370 4462 ut
393 4400 442 4463 ilie
457 4400 512 4464 sibi
531 4403 704 4485 persuadet,
736 4401 890 4464 verbuma
913 4413 993 4487 patre
1008 4407 1198 4490 processerit,
1222 4417 1253 4470 et
1270 4407 1299 4472 in
