3096 5070
432 283 567 336 rannnu
583 284 648 336 ιιι
660 284 705 336 ιιι.
721 283 851 335 romu.
870 281 969 334 naen.
986 281 1099 331 cxxx.
1283 268 1346 330 479

190 403 323 491 mansit,
348 404 484 489 ideoque,
509 415 539 467 ut
556 424 620 467 eam
637 404 853 481 consolaretur,
877 400 961 464 officii
979 402 1073 484 legem
1092 399 1237 485 paululum
1252 408 1346 463 maus·

189 527 312 596 gressus
331 516 394 584 est,
425 527 460 570 ac
477 504 686 590 propterillins
704 506 856 583 solatium,
888 504 963 587 qnod
982 502 1019 565 ab
1034 523 1069 566 ea
1085 501 1189 580 fiebat,
1219 502 1255 564 ad
1274 511 1346 563 tem·

190 630 243 696 pus
268 620 314 672 est
339 629 462 693 passus,
496 629 560 671 cum
585 607 674 690 pedes
698 627 768 670 suos
788 626 805 668 a
823 604 945 670 muliere
967 615 1085 689 preater
1106 602 1346 667 consuetudinem

190 709 340 773 attrectari
359 710 518 772 calamitati
535 709 626 793 ipsius
644 729 679 770 ac
698 707 787 771 luctui
805 718 960 793 paratque
978 707 1100 790 aequale
1117 726 1183 770 esse
1199 704 1345 767 erederet.

190 809 303 878 Verum
320 811 387 894 quid
406 832 462 895 ego
478 810 587 874 diutius
605 810 634 872 iu
653 811 710 874 illis
727 809 888 872 refutandis
904 809 1063 886 immoror,
1093 808 1141 893 qui
1158 827 1260 871 canum
1280 827 1347 892 por-

189 911 516 998 oorumvespurcitiam
535 911 705 975 imitantur?
748 907 836 993 Quod
856 920 952 973 antem
976 906 1126 975 Christum
1144 930 1177 972 se
1196 929 1265 973 esse
1282 909 1346 992 qni·
1420 967 1423 979 ,

189 1017 262 1082 libet
276 1037 317 1079 ex
340 1015 403 1078 istis
422 1014 548 1092 asserit,
580 1013 646 1097 quis
669 1015 797 1098 prudens
822 1034 880 1075 non
900 1013 968 1076 illud
990 1012 1124 1075 insaniae
1147 1011 1346 1097 plenissimum

190 1118 367 1182 arbitretur?
388 1127 439 1180 nnt
452 1131 520 1180 cum
536 1137 570 1180 se
585 1116 742 1201 prophetas
759 1135 826 1178 asse
843 1115 983 1178 narrant?
1026 1113 1112 1198 erod
1128 1115 1205 1177 enirn
1220 1113 1344 1200 prophe-

190 1220 249 1283 tiae
265 1238 360 1302 genus
376 1220 450 1303 apud
469 1218 534 1282 illos
551 1221 691 1305 appareti
734 1214 890 1300 Quodnam
907 1236 997 1295 vero,
1029 1228 1062 1280 ut
1079 1237 1097 1280 a
1117 1213 1238 1282 Christo
1253 1236 1347 1300 quon·

190 1320 273 1399 dam,
304 1320 474 1384 admirabile
500 1331 546 1384 est
569 1322 604 1385 ab
632 1320 689 1385 illis
717 1339 790 1404 opus
815 1319 944 1382 editum?
987 1314 1074 1400 Quod
1099 1319 1124 1382 si
1150 1319 1276 1403 ipsemet
1301 1328 1346 1381 est

192 1417 341 1500 Christus,
366 1443 486 1506 ecquem
505 1422 535 1485 iu
551 1425 698 1487 dominnm
715 1421 846 1506 sperarit
862 1420 1054 1483 accredidit?
1097 1418 1181 1503 Quae
1198 1430 1266 1484 suut
1281 1419 1347 1482 illae

192 1526 307 1589 tandem
323 1524 433 1588 erroris
446 1524 585 1609 ineptiae,
608 1545 721 1608 quaeve
736 1522 907 1594 stolidorum
923 1522 1072 1586 homiuum
1087 1523 1243 1607 dogmata?
1285 1519 1346 1586 Sed

190 1628 333 1692 adversus
355 1627 441 1690 istam
462 1626 599 1692 fraeresin
622 1627 773 1710 hucusque
793 1626 958 1709 disputasse
980 1625 1053 1688 satis
1076 1635 1132 1688 est.

276 1727 332 1792 llic
358 1749 414 1811 ego
440 1740 588 1813 postremo
615 1730 667 1792 toti
693 1749 711 1791 a
733 1728 884 1814 meffoperi
910 1737 1048 1811 suscepto
1074 1728 1158 1792 finem
1184 1727 1341 1811 imponam.
1362 1735 1422 1804 Gap.
1440 1737 1475 1788 x.

191 1828 227 1896 ln
244 1852 301 1915 quo
315 1831 493 1915 singularem
516 1852 588 1915 crgo
605 1851 659 1894 nos
676 1829 768 1893 divini
790 1828 916 1894 numinis
932 1849 1016 1913 opem
1032 1850 1067 1893 ao
1083 1831 1279 1913 praesentiam
1297 1850 1346 1894 su-

192 1955 256 1998 mus
281 1932 418 2018 experti,
451 1934 526 2016 quod
553 1942 673 1996 extoto
694 1932 809 2010 animo,
841 1953 875 1995 ac
894 1941 992 1995 mente
1009 1932 1160 2006 confiteri,
1194 1932 1345 2017 eidemque

191 2034 309 2099 domiuo
328 2035 439 2119 gratias
457 2054 546 2118 agere
565 2019 723 2113 debemur,
755 2032 988 2118 quandoquidem
1007 2035 1056 2097 illo
1075 2035 1193 2098 iuvante
1212 2035 1346 2118 quicquid

192 2147 341 2223 receptum
356 2159 373 2202 a
388 2137 473 2201 uobis
486 2136 718 2222 promissumque
735 2136 800 2213 luit,
826 2137 950 2200 feliciter
963 2137 1000 2198 ad
1015 2136 1128 2198 exitum
1143 2137 1345 2220 perduximus,

190 2259 227 2302 ao
248 2260 313 2303 oum
333 2240 472 2303 haereses
497 2259 600 2302 omues
624 2237 814 2323 exposuimus
840 2237 1107 2321 refutavimnsqne,
1139 2250 1198 2301 tnm
1222 2239 1288 2322 quid
1310 2239 1347 2303 ub

191 2361 364 2425 unaquaque
388 2353 509 2426 geratur
530 2363 583 2427 pro
608 2341 712 2406 sirium
738 2350 905 2404 nostrarum
928 2338 1125 2403 imbecillitate
1145 2342 1345 2424 patefecimus.

191 2437 332 2509 Ceterum
353 2464 419 2507 cnm
437 2444 586 2528 octoginta
610 2443 791 2522 haereseon,
825 2463 898 2526 qnas
915 2441 945 2505 in
961 2441 1061 2504 orbem
1086 2453 1231 2506 terrarum
1254 2444 1346 2507 intro·

190 2545 293 2610 ductas
310 2547 346 2610 ud
366 2546 440 2610 banc
459 2546 534 2610 diem
553 2546 735 2622 andivimus,
760 2564 938 2629 quarumque
958 2565 1108 2608 numerum
1129 2555 1160 2608 et
1176 2546 1347 2631 appellatio-

191 2667 262 2725 nes,
295 2649 499 2712 nonnullarum
523 2647 611 2712 etiam
636 2648 755 2710 decreta
771 2657 801 2711 et
824 2656 1015 2731 argumenta,
1047 2647 1276 2732 affectionesque
1298 2670 1347 2713 eo·

191 2749 367 2831 prosimus,
398 2772 481 2828 cum,
512 2749 649 2835 iuquam,
685 2750 799 2813 illarum
826 2749 957 2834 origines
985 2770 1163 2834 caussasque
1190 2751 1270 2814 nulla
1300 2772 1345 2830 re,

192 2851 287 2933 quoad
306 2852 368 2914 lieri
384 2852 494 2935 potuit,
519 2851 727 2937 praetermissa
739 2851 937 2931 docuerimus,
963 2853 1153 2916 vehementer
1170 2853 1238 2917 illnd
1256 2854 1347 2918 admi·

192 2952 252 3016 rari
278 2952 354 3016 subit
377 2955 454 3037 quod
476 2954 505 3017 in
527 2955 619 3018 sacris
637 2954 730 3019 literis
744 2954 927 3018 continetur:
962 2958 1120 3036 Secugebtc
1133 2969 1201 3019 sunt
1215 2962 1343 3037 regmae,
1360 2961 1453 3021 ⁰¹¹⁰·
1465 2965 1487 3010 ῖ-

193 3064 221 3116 et
235 3060 399 3135 octuagenta
417 3058 604 3131 concubinam,
634 3069 663 3118 et
683 3060 909 3120 adolescentulae
931 3079 1050 3138 purorum
1073 3061 1171 3120 nulfus
1190 3073 1234 3122 est
1251 3082 1346 3122 nurne-

192 3177 260 3232 rus3
293 3178 348 3219 unu
363 3162 547 3221 esteofnmdn
569 3183 645 3234 mec,
674 3164 802 3244 perpasto
827 3183 897 3223 meu.
946 3159 991 3223 lle
1019 3160 1063 3224 bis
1085 3161 1176 3245 igitur
1197 3164 1346 3248 octogiuta

192 3258 343 3343 pellicibus
365 3260 506 3325 hactenns
532 3245 664 3346 egimus,
698 3260 904 3341 barbarismo,
929 3261 1129 3341 Hellenismo‚
1162 3261 1345 3351 Scytbismo,

192 3357 358 3439 ludaismo,
381 3373 412 3426 et
429 3360 650 3443 Samaritismo,
683 3387 757 3449 quae
783 3387 908 3429 uxorum
933 3366 1051 3429 minime
1075 3365 1269 3450 legitimarum
1293 3389 1348 3432 no·

193 3463 373 3542 minacem,
407 3462 567 3528 cuiusmodi
590 3487 685 3550 neque
702 3469 738 3531 ab
757 3489 827 3551 rege
848 3469 945 3533 dotem
970 3479 1162 3551 acceperunt,
1196 3490 1291 3553 neque
1317 3472 1347 3534 in

192 3565 359 3628 testamenti
387 3564 493 3628 tabulis
517 3588 580 3629 oum
600 3567 666 3630 filiis
691 3569 814 3633 heredes
833 3569 960 3653 scriptae
979 3581 1059 3633 sunt.
1104 3568 1222 3635 Etenim
1239 3571 1265 3635 si
1280 3593 1347 3656 pro-

192 3666 256 3752 prie
274 3667 352 3751 loqui
370 3668 512 3745 velimus,
543 3665 664 3731 LXXV
684 3680 752 3731 sunt
767 3670 925 3748 haereses,
957 3694 1078 3756 quarum
1095 3685 1203 3736 matres
1220 3675 1346 3758 quinque

192 3779 272 3848 snut,
296 3785 364 3855 puta
381 3767 592 3848 llelleuismus‚
617 3770 681 3833 sive
699 3772 849 3853 gentilium
869 3783 962 3847 secta,
986 3796 1004 3836 a
1020 3795 1076 3858 qna
1091 3775 1217 3858 gentiles
1232 3777 1347 3839 oriundi

192 3884 279 3951 suut,
312 3870 495 3949 Iudaismus,
527 3873 603 3936 unde
628 3872 725 3935 ludaei
748 3884 779 3936 et
800 3873 957 3954 haereses,
990 3897 1025 3940 sc
1050 3874 1225 3942 Samaritica
1251 3889 1345 3959 secta,

192 3976 268 4039 uude
285 3971 524 4052 Samaritismns‚
556 3986 585 4038 et
601 3971 857 4039 Christianismus.
904 3978 952 4040 Ab
975 3977 1020 4041 bis
1036 3980 1117 4043 velut
1138 3978 1211 4043 rami
1231 3979 1346 4065 quidam

192 4089 347 4171 separatae
365 4077 503 4140 haereses
518 4078 639 4140 avulsae
658 4088 737 4140 sunt.
783 4074 868 4160 Quae
887 4078 955 4143 licet
974 4075 1085 4144 Christi
1104 4102 1210 4145 nomen
1230 4104 1298 4168 prae
1313 4103 1346 4146 se

184 4180 307 4258 ferant,
340 4180 411 4243 nihil
434 4191 531 4242 tamen
558 4181 593 4242 ad
618 4180 697 4242 illum
720 4181 884 4265 pertinent,
916 4183 968 4246 sed
988 4183 1092 4266 partim
1111 4182 1226 4268 longius
1244 4185 1279 4248 ab
1297 4185 1346 4248 illo

194 4279 312 4359 distant,
334 4282 438 4366 partim
453 4282 599 4344 minimam
613 4282 650 4345 ob
666 4303 800 4346 caussam
816 4283 852 4347 ob
869 4284 947 4346 omni
961 4284 1039 4348 illius
1059 4284 1220 4350 hereditate
1234 4286 1345 4351 alienas

193 4402 229 4447 ao
246 4385 415 4469 peregrinas
440 4403 474 4447 se
499 4385 624 4464 faciunt,
656 4405 712 4448 una
734 4406 798 4449 cum
817 4386 946 4470 ipsarum
971 4387 1089 4466 liberis3
1120 4409 1185 4452 cnm
1210 4387 1346 4454 videlieet

227 4520 251 4571 5.
269 4513 333 4574 oded
351 4522 403 4571 cod.
418 4522 516 4586 ltbedfp.
