3096 5070
159 265 220 329 172
581 277 894 330 εεασιιενιεεικειιι

156 392 190 461 τό
206 391 351 473 δυνατόν,
373 397 424 460 ῖνα
439 392 481 477 μή
497 392 667 478 άμάρτυρον
682 398 748 480 περί
765 393 931 478 πνεύματος
946 398 997 460 καί
1013 398 1046 462 ἐν
1060 403 1103 485 τρῦ
1117 394 1241 479 παρόντι
1257 423 1315 462 ποι-

158 496 330 582 ρείεάσομαι
352 495 408 579 τήν
431 494 590 582 ὑφήγησιν.
634 496 744 574 Εόθός
767 499 821 580 μὲν
841 496 895 583 γάρ
919 495 937 563 ό
956 498 1054 583 πατήρ
1075 521 1151 580 φησι
1172 501 1240 583 περί
1261 506 1317 582 τῆς

157 607 212 668 τοῦ
225 603 296 665 νίοῦ
310 605 476 683 παρουσίας
490 598 552 678 ὅτι,
578 603 714 683 Θήσομαι
728 599 762 667 τό
781 600 898 683 πνεῦμά
914 626 973 679 μου
988 599 1034 667 ἐπ’
1051 601 1158 680 αὐτόν,
1187 603 1238 667 καί
1253 605 1317 687 κρί-

157 726 204 769 σιν
220 713 282 780 τοῖς
297 706 415 769 ἔθνεσιν
434 702 605 789 άπαγγελεῖ,
632 707 683 768 ῖνα
701 703 825 789 γνήσιον
842 703 955 794 κηρόξη
978 703 1053 770 θεόν
1069 705 1102 770 τό
1120 703 1207 790 άγιον
1221 702 1317 770 αάτοῦ

157 813 285 888 κνιῦμα,
307 812 379 871 τιιῖσι
397 815 512 882 πιστοῖς
526 809 568 883 είς
583 810 739 892 σωτηρίαν.
784 808 826 870 Et
839 809 871 871 δὲ
888 805 907 871 ὃ
923 807 1084 893 μονογενής
1099 815 1135 897 τῇ
1149 805 1226 897 αῦτη
1242 831 1316 892 μαρ-

158 912 244 996 τυρίᾳ
262 911 408 993 προσθείς
426 907 550 990 φάσκει,
585 916 708 990 Πνεῦμα
723 913 831 995 κυρίου
847 907 892 973 ἐπ’
915 910 979 993 ίμέ,
1009 903 1048 977 οῦ
1070 914 1203 975 ιεἵνεκεν
1221 910 1319 992 ῖγρισί

158 1035 207 1094 με,
229 1015 280 1076 ῖυα
298 1009 319 1094 ή
337 1014 478 1094 ἐνσαρκος
493 1009 587 1077 αότοῦ
602 1016 768 1095 παρουσία,
790 1013 840 1077 καί
856 1019 898 1100 τῷ
913 1010 1057 1094 πνεύματι
1070 1021 1111 1101 τρῦ
1128 1009 1202 1101 άγίρο
1219 1009 1320 1094 ήσφα·

156 1116 290 1197 λισμίνη,
323 1117 374 1179 καί
400 1123 516 1189 πιστοῖς
542 1115 743 1197 κηρυττομένη
766 1122 871 1195 σαφῶς
896 1111 1070 1204 ὁμολογηθῇ
1096 1111 1157 1181 άπό
1182 1121 1234 1196 τής
1259 1121 1318 1181 τοῦ

161 1224 294 1303 Χριστοῦ
304 1221 475 1300 μαρτυρίας,
498 1215 544 1282 ὅτι
557 1216 614 1281 οῦκ
627 1214 780 1302 α’λλότριον
793 1214 826 1281 τό
844 1216 962 1298 πνεῦμά
978 1220 1038 1283 ἐστι
1052 1225 1106 1282 τοῦ
1120 1224 1205 1282 θεοῦ.
1250 1214 1319 1281 Πά-

157 1329 202 1387 λιν
221 1322 252 1386 θλ
268 1316 287 1385 ό
304 1318 408 1404 κόριος
424 1320 492 1403 περὶ
512 1327 566 1385 τοῦ
583 1319 751 1402 πνεύματος
768 1317 830 1397 ότι,
864 1319 904 1385 Τό
919 1327 1036 1401 πνεῦμα
1051 1326 1106 1386 τοῦ
1127 1317 1240 1403 πατρός
1254 1317 1317 1400 μοό

159 1426 220 1489 ἐστι
239 1421 273 1488 τό
289 1429 398 1488 λαλοῦν
416 1424 448 1487 ἐν
463 1419 543 1504 ὑμῖν.
588 1424 650 1487 Καὶ
666 1420 768 1498 πάλιν,
802 1419 843 1498 οῖς
864 1420 921 1487 οόκ
937 1421 1090 1506 άλλοτρίου
1112 1428 1166 1488 τοῦ
1185 1420 1318 1504 πνεῦμα·

159 1550 210 1602 τος
224 1524 419 1610 τυγχάνοντος
440 1531 494 1608 τῆς
516 1531 570 1590 τοῦ
589 1532 667 1590 θεοῦ
682 1523 841 1607 θεότητος,
867 1524 1067 1608 Ἐνεφάσησεν
1085 1527 1127 1601 είς
1144 1522 1178 1590 τό
1200 1522 1317 1610 πρόςω·

160 1635 290 1693 κοντῶν
307 1635 468 1710 μαθητῶν,
490 1629 541 1693 καλ
562 1625 639 1703 είπε,
663 1627 778 1711 Λάβετε
794 1635 909 1710 πνεῦμα
925 1626 1020 1713 άγιου.
1065 1629 1127 1691 Καί
1141 1625 1244 1705 πάλιν,
1265 1630 1318 1692 ἵνα

159 1734 240 1821 δείξῃ
257 1728 309 1812 τήν
332 1731 441 1796 ἐαυτοῦ
459 1729 578 1813 ἰσότητα
595 1733 646 1796 καί
662 1728 877 1813 όμοουσιότητα
899 1729 975 1815 πρός
992 1729 1024 1796 τό
1041 1737 1158 1811 πνεῦμα
1176 1728 1270 1794 αῦτοῦ
1285 1753 1318 1795 τε

159 1835 281 1898 καὶτοῦ
299 1831 411 1918 πατρός
426 1830 520 1899 αὐτοῦ
535 1831 567 1898 τό
585 1832 686 1919 άγιον,
709 1836 799 1916 φησί,
820 1831 891 1898 Ἐάν
908 1831 1040 1918 άγαπᾶτί
1058 1857 1107 1914 με,
1129 1831 1183 1908 τάς
1197 1833 1318 1907 ἐντολάς

160 1963 218 2020 μου
235 1935 384 2019 τηρήσετε·
408 1934 464 2021 eyn*
480 1934 617 2019 ἐρωτήσω
633 1934 686 2001 τόν
701 1938 827 2021 πατέρα,
849 1938 900 2001 καί
918 1934 1004 2002 ἄλλον
1021 1934 1211 2020 παράκλητον
1227 1933 1318 2000 ῦιίσει

158 2035 244 2121 άμῖν·
274 2035 315 2114 ῶς
335 2035 428 2102 αὐτοῦ
449 2046 502 2103 τοῦ
525 2043 631 2122 κυρίου
657 2037 848 2121 παράκλητον
869 2037 969 2116 ὄντος,
1000 2041 1052 2103 καῖ
1072 2044 1127 2104 τοῦ
1148 2036 1318 2119 πνεύματος

157 2150 212 2207 τοῦ
227 2139 313 2226 άγίον
324 2139 574 2225 συμπαρακλήτου
590 2139 676 2217 ὄντος
697 2139 815 2223 ὁμοίως.
863 2144 904 2206 Οί
916 2142 948 2206 θλ
960 2138 1120 2206 άπόστολοι
1133 2138 1318 2217 θεικνάουτες

158 2242 206 2309 ότι
220 2241 257 2308 ου’
275 2247 383 2309 δοῦλον
406 2243 540 2329 τυγγάνει
565 2243 598 2309 τό
623 2252 756 2326 πνεῦμα,
789 2242 861 2308 άλλά
882 2251 936 2326 τῆς
959 2242 1051 2327 αότής
1072 2242 1233 2325 θεότητος,
1261 2240 1315 2325 τήν

159 2345 254 2412 αῦτοῦ
269 2345 427 2412 σάθεντίαν
447 2344 676 2422 άποδεικνόντες
696 2349 786 2428 φασί,
818 2349 879 2411 Καί
901 2343 965 2412 είπε
986 2345 1019 2411 τό
1040 2353 1156 2425 πνεῦμα
1173 2344 1205 2411 τό
1223 2344 1311 2431 ῦγισν,

157 2446 332 2531 Ἀφορίσατί
353 2476 404 2531 μοι
425 2450 584 2532 Βαρνάβαν
610 2451 662 2514 καί
683 2456 802 2514 Σαῦλον
824 2452 866 2525 είς
887 2446 920 2514 τό
947 2452 1033 2534 ἔργον
1055 2448 1073 2515 3
1099 2451 1315 2532 προςκίκλημιι

159 2551 285 2632 αὐτοῦς,
320 2555 371 2617 καί
387 2551 423 2617 τά
437 2554 512 2635 ἐξής.
555 2550 589 2616 Ὁ
605 2553 636 2617 δὲ
651 2550 815 2628 άπόστολος
836 2558 940 2631 σαφῶς
956 2553 1022 2635 περὶ
1041 2548 1159 2616 ἀὐτοῦ
1173 2552 1263 2636 λέγει,
1282 2544 1317 2614 Ὀ

158 2655 191 2720 θλ
207 2654 312 2740 κόριός
331 2657 392 2720 ἐστι
414 2652 448 2720 τό
467 2663 597 2737 πνεῦμα·
625 2647 664 2720 οὗ
682 2656 714 2720 δὲ
728 2652 761 2720 τό
779 2661 894 2735 πνεῦμα
917 2659 1042 2738 κυρίου,
1070 2656 1132 2719 ἐκεῖ
1150 2655 1318 2737 ἐλευθερία·

158 2759 225 2837 καί,
242 2755 340 2839 ’Τμεῖς
356 2758 430 2834 ναός
446 2764 521 2823 θεοῦ
540 2759 612 2835 ἐστε,
634 2758 686 2822 καί
706 2755 740 2822 τό
761 2764 877 2837 πνεῦμα
892 2762 998 2841 κυρίου
1015 2758 1093 2821 οίκεῖ
1106 2758 1138 2820 ἐν
1153 2753 1232 2838 ὑμῖν.
1277 2756 1322 2819 Et

158 2864 257 2924 τοίνυν
276 2859 360 2935 Ναός
375 2868 452 2925 θεοῦ
465 2858 637 2941 καλοόμεθα
654 2858 705 2924 διά
721 2862 838 2942 οίκησιν
853 2855 941 2944 άγίου
957 2858 1132 2942 πνεύματος,
1156 2864 1199 2933 τίς
1212 2856 1321 2940 τολμή-

159 2982 217 3026 σειε
246 2961 487 3046 παραιτήσασθαι
515 2961 549 3027 τό
577 2969 710 3044 πνεῦμα,
742 2963 792 3026 καί
822 2959 1054 3046 άπαλλοτριῶσαι
1085 2967 1136 3043 τῆς
1164 2967 1218 3026 τοῦ
1240 2966 1320 3025 θεοῦ

159 3063 278 3142 οάσίας,
308 3072 413 3146 σαφῶς
435 3072 490 3130 τοῦ
513 3062 681 3130 άποστόλου
703 3066 839 3149 λέγοντος
863 3061 942 3147 ήμᾶς
963 3063 1054 3140 ναοός
1072 3070 1150 3128 θεοῦ
1172 3067 1320 3149 γίνεσθαι,

32 3169 140 3226 ΝΜ
162 3164 213 3232 διά
229 3165 261 3231 τό
277 3169 414 3232 ἐνοικοῦν
425 3175 542 3249 πνεῦμα
558 3166 643 3253 άγιον
660 3169 692 3232 ίυ
704 3176 767 3243 τοῖς
779 3165 886 3244 άξίοις,
933 3172 1005 3241 Πῶς
1020 3167 1053 3231 δέ
1072 3165 1225 3252 άλλότρτον
1242 3172 1322 3231 θεοῦ

159 3272 240 3335 ἔσται
262 3267 295 3335 τό
319 3277 435 3352 πνεῦμα
462 3268 494 3335 τό
522 3268 607 3352 βάθη
630 3276 685 3333 τοῦ
708 3276 785 3334 θεοῦ
807 3271 949 3354 ἐρευνῶν,
1005 3271 1065 3333 Καὶ
1093 3268 1134 3350 μή
1165 3271 1227 3354 λίγε
1255 3293 1321 3350 μοι,

158 3370 299 3462 Ἐρευνᾷ,
329 3375 379 3437 καῖ
397 3372 482 3438 οὔπω
501 3372 651 3458 γινῶσκει,
675 3370 716 3446 ῶς
731 3397 807 3447 τινες
821 3379 947 3453 τολμῶσι
960 3376 1159 3455 βλασφημεῖν,
1183 3373 1235 3435 καὶ
1249 3372 1322 3436 ἐσυ-

159 3474 230 3552 τοῦς
257 3473 445 3541 ’άπολλόεικ
487 3473 569 3539 Ἐπεί
595 3474 632 3538 άν
654 3476 705 3538 καί
732 3472 830 3539 4αάτό
848 3477 950 3552 λίξωσι
969 3477 1037 3559 περί
1055 3479 1109 3539 τοῦ
1126 3471 1250 3554 πατρός,
1273 3471 1323 3539 ’ότι

159 3581 210 3644 καῖ
226 3581 293 3664 περὶ
309 3577 403 3645 αότοῦ
419 3582 576 3664 γέγραπται
595 3576 640 3643 ὅτι
653 3580 758 3665 ἐρευνᾷ
774 3586 876 3658 ταμεῖα
893 3581 1038 3652 ὕκοιλίας.
1084 3579 1145 3641 Καὶ
1162 3579 1189 3640 εῖ
1203 3574 1324 3658 άσεβῶς

159 3682 289 3764 νοήσεις,
320 3681 369 3747 διά
398 3680 452 3746 οτό
480 3679 521 3762 μή
548 3683 716 3745 ίπικεῖσθαι
741 3687 781 3766 τῷ
809 3682 932 3764 ἐρευνῶν
958 3678 991 3744 τό
1018 3679 1172 3764 γινωσκειν
1195 3679 1244 3743 ἐπί
1265 3686 1323 3743 τοῦ

161 3784 340 3868 πνεύματος,
372 3782 533 3864 άσεβήσαις
560 3779 598 3846 άν
615 3783 665 3845 καῖ
689 3783 756 3864 περί
771 3790 824 3846 τοῦ
841 3780 954 3866 πατρός
974 3781 1027 3864 τήν
1047 3779 1140 3864 αότήν
1159 3778 1323 3865 άναγκαζό-

160 3912 247 3970 μενος
279 3888 501 3971 7παρεκφέρειν
523 3882 679 3950 ὑπόνοιαν.
737 3882 782 3948 Οῦ
805 3909 836 3949 τε
855 3883 911 3970 γάρ
934 3885 984 3949 ἐπί
1006 3881 1119 3968 πατρός
1140 3886 1324 3967 ἐρευνῶντας

159 3998 264 4072 ταμεῖα
287 3993 399 4064 κοιλίας
424 3987 595 4074 πρόςκειται
616 3985 649 4052 τό
672 3985 835 4073 γινώσκειν.
883 3985 928 4050 Οό
942 4011 973 4049 τε
989 3985 1045 4071 γάρ
1064 3992 1145 4070 χρεία
1161 3978 1200 4067 ήν
1215 3987 1322 4066 εἰπεῖν,

161 4100 264 4173 σαφῶς
284 4094 467 4174 θηλονμίνης
483 4098 538 4173 τής
559 4097 612 4155 τοῦ
632 4097 708 4154 θεοῦ
726 4094 914 4175 προγνωσίας
931 4085 992 4155 άπό
1012 4096 1064 4155 τοῦ
1084 4091 1207 4173 ἐρευνᾶν
1221 4085 1254 4152 τό
1274 4089 1321 4153 τί-

195 4266 252 4318 Cn.
263 4267 333 4314 ΧΗΙ.
353 4294 376 4303 -
404 4265 425 4316 1.
437 4264 530 4318 εἵνεκεν
545 4271 639 4328 uterque
652 4265 721 4315 codd.
757 4265 836 4313 θοίοπ.
854 4268 924 4323 repet.
943 4266 1013 4313 υιτθο
1031 4257 1046 4315 ό
1063 4260 1093 4316 δέ
1109 4260 1249 4322 ἀπόπολις
1269 4278 1323 4316 σα-

160 4349 215 4385 ιιιεε.
250 4333 332 4385 ἕνεκεν
353 4336 415 4384 editi.
756 4333 813 4397 φῶς
827 4325 940 4383 ιτ.αυ’τοῦ
956 4331 1024 4397 λέγει
1040 4336 1135 4383 omnino
1151 4349 1199 4384 κου
1222 4347 1323 4396 compa·
1366 4332 1392 4401 ξ

194 4406 219 4452 2.
237 4396 313 4453 αὐτοῦ
328 4405 417 4451 restitui
439 4416 469 4451 τοι
488 4406 583 4463 utroque
603 4403 662 4451 libro
678 4415 722 4449 ms.
756 4406 805 4449 τινε
1343 4400 1375 4423 ··

161 4473 240 4521 Etiam
254 4472 381 4521 Οοικιοιίιιι
396 4475 496 4518 verterat
510 4485 540 4517 ex
556 4468 621 4536 ipso.
656 4473 684 4517 At
697 4471 723 4517 ιἰι
789 4467 814 4518 3.
832 4461 947 4521 άπολόειν
965 4471 1018 4518 edit
1039 4471 1121 4520 Ριίιιν.

161 4541 229 4591 editis
254 4540 323 4600 υνιςο
346 4542 379 4588 ιιι
400 4532 491 4592 αὐτῶν.
526 4539 554 4589 ln
578 4538 615 4591 ed.
641 4538 722 4589 Ριιου.
790 4533 813 4589 4.
831 4530 908 4596 αῦτός
924 4539 993 4590 codd.
1012 4552 1068 4587 οιτι.
1303 4544 1385 4643 ’νῦν
