3096 5070
357 283 632 337 conminuunt.
657 283 738 336 ron.
753 283 785 334 n.
811 281 925 332 nxros.
944 280 1010 332 ιιι).
1029 279 1172 333 cernon
1280 268 1342 332 525

188 403 291 469 rimus.
336 401 414 468 Nam
431 423 502 491 prae
516 402 622 468 veneni
637 402 714 467 illius
730 402 876 479 molestia,
894 420 958 465 cum
975 399 1081 483 alioqui
1099 399 1183 463 facile
1200 399 1228 462 in
1243 420 1343 483 qnem-

189 529 274 593 quam
293 507 369 570 dicta
388 507 487 570 iacere
510 527 568 570 uon
585 506 748 582 soleamus,
782 524 905 568 necesse
926 501 1078 566 habuimus
1095 501 1260 566 istiusmodi
1277 501 1343 566 illos

189 608 334 696 appellare
358 608 478 687 uerbis,
501 619 533 671 nt
551 608 587 671 ab
603 628 638 670 er
656 607 825 692 suspicione
844 606 1032 690 quorumdam
1053 624 1262 670 revocaremus
1280 603 1343 668 ani-

188 733 271 791 mos,
307 712 383 796 quod
408 710 438 774 in
465 711 580 774 illorum
604 709 688 773 dictis
714 710 856 792 lacusque
879 706 1063 790 divulgaudis
1087 718 1216 791 apertam
1238 705 1344 770 nullam

189 815 278 878 animi
294 812 388 877 nostri
405 813 646 896 significationem
665 811 859 888 dedissemus,
884 832 938 874 nos
958 809 994 873 ah
1017 809 1105 895 impia
1119 807 1260 893 cuiusque
1276 809 1344 872 hae·

187 916 265 980 rasis
280 915 416 1002 opinione
435 937 494 978 non
515 914 686 978 abhorrere.
733 912 800 997 Qua
819 913 854 977 de
870 934 903 976 re
921 912 1021 998 paucis
1038 912 1136 997 operis
1156 911 1241 975 huius
1261 911 1345 976 initio

189 1019 312 1105 praefati
338 1038 458 1097 snmus,
490 1038 524 1080 ac
548 1017 807 1103 praemuniendum
825 1017 965 1079 lectorem
989 1015 1170 1100 putavimus,
1203 1036 1261 1078 non
1281 1014 1346 1078 sine

189 1119 372 1206 praelatione
392 1120 516 1200 veniae,
541 1140 578 1183 ue
592 1120 657 1205 quis
673 1116 844 1183 iniuriarum
862 1139 916 1181 nos
934 1138 1002 1180 reos
1019 1127 1139 1201 ageret,
1164 1118 1247 1201 quasi
1261 1139 1346 1185 caus·

189 1241 241 1286 sae
263 1221 393 1286 bonitate
416 1221 486 1286 victi
508 1222 543 1285 ad
567 1220 689 1285 dicteria
710 1221 873 1307 probraque
901 1221 1138 1305 confugeremus.
1186 1217 1219 1283 ln
1241 1218 1344 1284 eodem

190 1343 263 1388 vero
287 1324 419 1409 proe’mio
447 1323 696 1408 significavimus,
727 1344 905 1408 quaenama
929 1321 1013 1385 nobis
1043 1324 1211 1386 tractandae
1243 1333 1346 1387 essent

189 1423 348 1505 haereses,
374 1437 433 1490 tum
450 1437 520 1509 quot
535 1425 565 1489 in
581 1426 673 1490 libros
690 1437 782 1489 totum
802 1446 875 1511 opus
889 1435 970 1489 esset
987 1423 1183 1487 distributum.
1229 1422 1345 1489 Deinde

190 1538 262 1612 qnot
283 1538 314 1590 et
335 1528 497 1592 cuiusmodi
527 1529 557 1592 in
579 1548 813 1613 unumquemque
844 1528 948 1592 librum
980 1527 1114 1590 coniecta
1143 1526 1213 1591 sint.
1259 1526 1363 1611 Quae,

190 1631 348 1695 memoriae
371 1651 474 1695 caussa
497 1631 532 1694 ad
555 1631 696 1695 lectorum
721 1631 873 1695 utilitatem
896 1629 967 1694 libet
989 1629 1043 1693 hoc
1066 1631 1131 1693 loco
1153 1641 1300 1716 repetere.

276 1733 355 1798 Tres
381 1734 480 1817 itaque
501 1733 566 1797 libri
589 1744 658 1797 sunt
681 1743 793 1816 septem
818 1733 847 1796 in
866 1743 961 1796 tomos
981 1732 1091 1818 partiti.
1136 1730 1253 1798 Primus
1271 1733 1347 1798 liber
1391 1752 1457 1820 esp.v

191 1835 329 1900 haereses
346 1856 403 1899 sex
416 1846 446 1899 et
462 1834 654 1920 qnadraginta
668 1834 881 1920 complectitur,
906 1855 1027 1920 quarum
1043 1835 1160 1900 nomina
1177 1835 1344 1920 singillatim
1378 1821 1455 1873 m·

189 1948 418 2023 praeemantur,
451 1948 570 2002 servato
593 1937 716 2022 prioris,
749 1937 922 2021 posterioris
946 1959 981 2001 ac
1000 1937 1177 2021 reliquarum
1204 1938 1343 2024 deinceps

190 2040 227 2104 ad
251 2051 426 2126 postremam
454 2060 547 2124 usque
573 2040 638 2103 libri
662 2039 751 2103 totius
773 2040 888 2103 ordine.
935 2037 1017 2125 Ergo
1041 2041 1150 2125 primus
1166 2041 1241 2104 liber
1258 2040 1344 2105 tomis

191 2143 284 2206 tribus
301 2139 408 2206 XLVI
428 2142 568 2206 haereses
593 2142 734 2205 continet.
782 2138 936 2206 Secundus
960 2143 1046 2205 tomis
1070 2142 1181 2206 dnobus
1206 2142 1344 2207 haereses

191 2240 314 2308 xxttl.
362 2243 485 2307 Tertius
508 2242 633 2328 deniqne
656 2245 775 2308 totidem
802 2244 890 2307 tomis
910 2244 1048 2308 haereses
1066 2242 1126 2308 Xl.
1172 2243 1236 2309 Vos
1256 2246 1345 2330 igitur

192 2367 311 2426 omnes,
336 2348 384 2431 qui
398 2366 581 2410 communem
596 2345 673 2410 hunc
689 2369 803 2411 mecum
819 2346 948 2411 lahorem
964 2347 1129 2432 capessitis,
1154 2357 1184 2411 et
1201 2347 1276 2411 hanc
1293 2370 1345 2412 no·

191 2459 282 2513 stram
306 2448 537 2512 lucubrationem
555 2448 700 2534 patienter
722 2450 862 2513 evolvere
881 2449 1022 2528 studetis,
1056 2471 1128 2535 rogo
1146 2448 1298 2535 plurimum
1317 2462 1346 2514 et

191 2550 352 2628 exhortor,
384 2561 413 2613 et
428 2551 470 2614 uti
487 2551 566 2635 digni
586 2551 650 2615 sitis
666 2551 800 2637 postulo,
831 2553 956 2615 lructum
974 2551 1061 2616 istinc
1078 2552 1202 2636 aliquem
1220 2563 1250 2615 et
1268 2552 1345 2616 utili·

191 2663 281 2716 tatem
297 2673 421 2738 capere,
453 2662 540 2737 atque
566 2653 728 2717 haereseon
753 2654 914 2717 molestiam
935 2676 973 2744 ac
998 2653 1155 2740 perniciem
1179 2654 1214 2718 ab
1239 2654 1345 2720 animis

191 2755 300 2818 vestris
315 2754 485 2839 longissime
501 2776 666 2820 removere.
712 2753 782 2819 Non
801 2756 878 2819 enim
895 2756 959 2820 illas
976 2756 1144 2842 cuiusquam
1160 2758 1195 2819 ad
1214 2758 1345 2822 fraudem

192 2854 373 2942 exitiumque
391 2856 599 2942 patefecimus,
633 2858 684 2922 sed
707 2860 742 2921 ad
761 2859 912 2922 utilitatem
931 2871 1018 2944 atque
1041 2861 1224 2938 cautionem,
1257 2861 1344 2924 need

194 2970 437 3023 commemoratas
459 2960 523 3024 illas
546 2960 686 3024 haereses
714 2961 861 3026 illecebris
879 2961 944 3025 ullis
968 2962 1118 3047 quisquam
1147 2964 1342 3048 pertrahatur.

191 3056 288 3124 Porro
306 3060 355 3124 uhi
370 3071 461 3126 totum
478 3062 555 3125 istud
574 3083 664 3148 opus,
689 3063 792 3128 eiusne
809 3075 920 3148 partem
939 3064 1065 3149 aliquam
1084 3065 1207 3149 legendo
1225 3086 1343 3151 percur-

192 3162 311 3243 reritis,
344 3164 428 3228 deum
454 3187 506 3251 pro
525 3165 609 3229 uobis
635 3166 838 3247 obsecratote,
871 3177 901 3229 et
922 3166 991 3230 illud
1010 3167 1166 3251 impetrare
1184 3170 1343 3250 studetote,

194 3265 279 3329 nobis
299 3276 330 3329 ut
346 3266 396 3329 ille
414 3267 508 3331 locum
527 3267 652 3353 aliquem
671 3269 700 3332 iu
719 3279 821 3333 sancta
838 3270 958 3354 solaque
977 3269 1119 3333 catholica
1139 3281 1168 3334 et
1186 3272 1345 3357 apostolica

194 3368 337 3447 ecclesia,
372 3370 530 3455 eademque
555 3390 642 3449 vera,
674 3371 790 3436 vivilica
808 3372 987 3457 salutarique
1007 3372 1131 3451 tribnat,
1164 3385 1224 3438 tum
1241 3386 1273 3438 ut
1290 3395 1345 3439 nos

194 3471 230 3534 ab
256 3469 388 3535 haeresis
410 3472 504 3535 omnis
527 3474 701 3558 contagione
726 3474 843 3538 liberet.
894 3472 1028 3557 Quodsi
1051 3474 1211 3562 quicpiam,
1245 3488 1344 3562 utpote

193 3570 344 3652 homines,
369 3574 417 3657 qui
434 3574 756 3659 incomprehensibilem
774 3587 804 3640 et
819 3577 1053 3662 inexplicabilem
1068 3577 1147 3641 illam
1164 3578 1344 3644 divinitatem

193 3675 310 3761 penitus
333 3677 469 3762 assequi,
501 3687 531 3740 et
559 3678 594 3740 ad
615 3687 779 3741 extremum
804 3699 895 3763 nsque
922 3692 1077 3764 penetrare
1100 3702 1157 3743 non
1177 3704 1343 3766 possumus,

193 3779 292 3844 sedin
316 3779 467 3864 angustias
491 3799 542 3842 eas
559 3777 702 3856 coniecti,
733 3791 764 3843 ut
784 3781 873 3845 divini
891 3781 1017 3845 numinis
1035 3785 1234 3868 propugnandi
1252 3785 1344 3870 gratia

194 3882 335 3968 quaedam
353 3904 406 3967 pro
423 3882 548 3946 humano
566 3892 652 3967 captu
669 3881 816 3945 disserere
832 3883 925 3947 coacti
943 3883 1046 3962 simus,
1070 3884 1190 3968 siquid,
1215 3887 1343 3972 inquam,

193 3986 280 4072 paulo
302 3984 440 4048 audacius
466 3984 605 4062 lecimus,
637 3983 820 4048 condonante
840 3988 912 4066 deo,
943 4007 997 4050 vos
1015 3997 1047 4050 et
1062 3987 1138 4050 istud
1154 3987 1222 4052 mihi
1237 3990 1346 4053 condo·

194 4108 267 4152 uere
282 4087 391 4152 velitis.
438 4088 483 4151 Ac
497 4082 613 4151 rursum
630 4086 698 4150 illud
714 4107 780 4149 mea
794 4109 897 4151 caussa
914 4089 1014 4175 petite,
1038 4089 1080 4154 uti
1098 4091 1244 4170 dominus,
1260 4113 1345 4177 quam

195 4188 231 4251 ab
246 4210 282 4253 eo
297 4201 407 4253 sortem
425 4189 678 4273 conditionemque
697 4190 807 4274 precati
826 4211 946 4270 snmus,
975 4191 1006 4255 in
1023 4193 1208 4258 sanctissima
1228 4215 1281 4258 sua
1298 4216 1345 4259 re-

194 4288 322 4374 ligione,
347 4313 421 4376 qnae
436 4291 500 4355 sola
515 4291 551 4354 ab
566 4293 644 4355 omui
663 4292 894 4357 contradictione
912 4293 1003 4357 libera
1021 4305 1084 4373 cst,
1108 4296 1271 4360 concedere
1286 4319 1344 4360 nou

195 4404 352 4478 gravetur,
385 4415 419 4458 ac
435 4404 620 4480 peccatorum
637 4415 785 4477 meorum,
817 4417 890 4481 quae
908 4396 983 4463 bene
999 4397 1088 4466 multa
1105 4409 1191 4481 suut,
1222 4399 1344 4483 gratiam
