3096 5070
452 310 537 362 τοιιι
554 307 681 362 ναιοιιιο
699 307 781 361 νινε
799 307 990 364 νοετεενοιι.
1238 301 1297 364 641

143 447 216 498 μενος
231 431 305 491 Ven.¹
325 428 366 497 qui
381 428 457 497 ρεαΙο
474 440 532 497 ροσε
549 428 620 480 delet
636 426 685 497 γάρ
700 442 758 497 post
776 429 853 497 μένει.
871 459 902 469 -
929 429 945 480 Ι.
957 429 994 482 19.
1012 425 1220 499 όπσρεντνγγάνει
1238 427 1301 498 ότεὶρ

141 512 216 582 ήμῶν
234 531 298 569 στεν
318 516 380 564 Ven.
415 513 483 564 Idem
508 513 572 565 liber
598 532 648 565 om.
672 514 747 582 paulo
772 526 831 583 ροιε
855 514 925 565 artic.
949 514 988 584 τῷ
1012 526 1072 583 pout
1095 513 1247 584 έντνγγάνει.
1267 543 1300 557 -

142 600 159 651 1.
169 598 211 652 24.
229 601 273 654 τοῦ
290 595 393 666 Ἱέρακα
410 599 454 652 καὶ
471 617 501 652 cu
519 598 576 663 (εἰσ,
595 599 662 666 quod
679 599 739 667 quid
755 599 877 666 significet
897 598 938 650 alii
955 599 1077 660 divinent)
1094 597 1141 666 τήν
1158 593 1302 667 α’νατροπήν

140 686 259 752 ποιοῦμαι
277 687 339 735 Ven.
356 715 391 725 -
424 683 498 737 120.
516 683 596 753 Μιλγ.
616 683 661 736 καὶ
678 677 749 738 ἄλλοι
766 686 828 735 ven.
853 714 877 724 -
913 685 989 736 123.
1011 684 1151 752 νομίζουσιν
1168 679 1231 737 εἶναι
1248 682 1302 739 νἰόν

140 771 184 825 τοῦ
202 770 265 824 Νῶε
288 767 332 824 τόν
357 767 422 837 Σήμ
440 772 501 820 Ven.
520 799 555 809 -
589 769 606 820 1.
621 770 662 822 30.
685 765 767 823 πάντα
790 767 837 837 τήν
862 765 987 839 άλήεειαν
1012 773 1075 821 Ven.
1093 798 1127 809 -
1160 769 1177 819 l.
1193 768 1236 820 31.
1255 767 1301 836 έτη

141 851 254 922 ἱκάστης
269 859 320 909 τῶν
336 855 450 922 πατέρων
464 856 535 919 ζωῆς
550 855 595 908 καλ
608 855 732 923 διαδοχῆς
747 849 922 922 α’ριθμήσασα.
950 849 1017 908 ’Ὅτε
1032 852 1080 921 γάρ
1097 849 1170 925 ’Δβρ
1190 849 1302 923 όπῆργεν

140 938 184 1008 πη’
202 933 221 1008 ή
239 940 284 994 καὶ
300 937 448 1009 ἐνενήκοντα
466 943 528 992 Veu.
555 940 624 992 ldem
641 941 715 1008 paulo
732 951 790 1008 ροεε
807 941 875 992 delet
890 933 910 1006 ή
926 951 984 992 ante
1001 939 1112 996 έλάσσω.
1130 969 1163 981 -
1198 938 1252 991 15.
1269 938 1301 990 ιδ

142 1076 189 1127 inf.
206 1073 276 1146 αὐτῷ
295 1073 421 1143 όπηντᾶτο
438 1077 482 1130 καὶ
499 1023 616 1148 έξέβαλξν
634 1076 695 1144 (εἰσ)
714 1072 784 1147 αότῷ
803 1071 893 1144 ἄρτους
911 1079 973 1128 Ven.
992 1105 1026 1116 -
1060 1075 1078 1126 1.
1092 1076 1109 1130 3
1124 1087 1151 1128 et
1166 1076 1191 1129 2.
1208 1075 1240 1126 ab
1255 1074 1302 1128 inf.

144 1161 250 1228 αἵματος
267 1156 344 1216 αότοό
362 1164 406 1216 τοῦ
425 1161 455 1215 έκ
471 1165 520 1230 τής
536 1167 576 1216 πλ.
597 1158 673 1218 αότοῦ
693 1160 827 1229 ῥεόσαντος
844 1161 881 1223 εἰς
898 1159 956 1216 aas.
976 1165 1038 1213 Ven.

211 1248 291 1318 hg.
308 1248 385 1304 1³8.
418 1246 435 1298 l·
453 1248 477 1298 2.
496 1240 525 1315 ή,
542 1260 601 1300 ante
618 1245 737 1308 έλάσσω,
756 1265 805 1299 om.
825 1250 885 1298 Ven.
904 1277 932 1286 -
971 1247 988 1298 1.
1003 1246 1028 1298 3.
1045 1244 1221 1316 έβδσμήκσντα
1239 1245 1302 1301 ἐτῶν

144 1335 205 1382 νεα
224 1360 256 1371 -
290 1330 348 1383 10.
365 1332 473 1398 πρῶτον,
491 1344 549 1400 ροιε
566 1331 789 1394 πεντακοσιοστόν,
808 1349 855 1383 om.
873 1333 936 1383 Ven.
974 1332 1041 1383 Idem
1052 1333 1118 1401 *liber
1135 1332 1195 1383 ibid.
1214 1328 1302 1399 Φαλλγ

144 1415 174 1471 δὲ
189 1415 307 1484 ἐγέννησε
321 1413 364 1470 τόν
376 1407 485 1484 Ῥαγαό,
503 1408 538 1471 ῶν
556 1414 604 1485 ρλέ
625 1417 698 1479 έτῶν,
717 1419 761 1472 καὶ
778 1418 876 1486 γέγονεν
895 1416 939 1484 έτη
955 1414 1077 1479 ἑξακόσια
1091 1415 1302 1484 τριακονταέννεα.

138 1497 223 1573 Ἔβερ
247 1498 277 1555 δλ
300 1499 419 1569 έγέννησε
444 1499 486 1556 τόν
504 1500 592 1570 Φαλλγ
617 1502 642 1556 έν
666 1502 717 1558 έτει
742 1500 803 1570 ρλδ.
827 1533 853 1543 -
888 1503 906 1553 l.
922 1505 948 1555 3.
965 1499 1055 1556 Σαλλά
1075 1500 1105 1556 δὲ
1124 1501 1244 1569 έγέννησε
1259 1498 1303 1556 τόν

138 1579 222 1656 Ἔβερ
243 1587 304 1636 Veu.
321 1615 354 1625 -
388 1585 444 1639 19.
462 1583 579 1655 ήλικέας,
607 1588 652 1641 καλ
669 1589 773 1655 γέγοναν
798 1586 932 1647 έννακόσια
957 1584 1114 1652 πεντήκοντα
1140 1585 1192 1654 ότη.
1227 1583 1303 1651 Κηνιλ

144 1670 174 1727 δλ
190 1669 278 1739 έγέννα
294 1667 336 1725 τόν
353 1669 436 1730 Σαλά,
456 1670 510 1732 έτος
525 1672 642 1740 κατάγων
660 1671 699 1739 ρξε’
718 1675 766 1740 τής
783 1668 860 1727 αότσῦ
882 1676 958 1738 ζωῆς,
977 1670 1021 1724 καὶ
1038 1671 1139 1738 γέγοναν
1157 1672 1224 1741 γέλια
1240 1670 1303 1725 τέσ-

146 1774 212 1824 σαρα
229 1755 282 1824 έιη.
316 1751 449 1824 'Ameana
467 1754 497 1810 δὲ
514 1755 577 1810 έτῶν
595 1754 630 1824 ρε’
649 1752 684 1811 ῶν
701 1756 820 1825 ἐγέννησε
836 1756 880 1812 τόν
896 1756 993 1823 Κηνάν,
1010 1756 1055 1810 καὶ
1070 1755 1172 1824 γέγοναν
1184 1756 1253 1826 γέλια
1266 1754 1301 1824 ρλ’

146 1842 198 1909 έτη.
235 1839 302 1909 Σήμ
318 1837 347 1895 δέ
365 1837 403 1910 pff
423 1839 474 1894 έτει
495 1842 545 1908 τῆς
561 1837 638 1896 αότοῦ
664 1844 749 1909 ζωῆς,
775 1839 985 1910 όπροειρημένος
1001 1840 1046 1894 καὶ
1062 1858 1169 1910 ραντασ.
1187 1845 1251 1893 Ven.
1269 1871 1304 1882 -

145 1927 162 1979 1.
186 1928 221 1979 12.
247 1922 311 1993 όμσό
328 1924 430 1993 γέγοναν
456 1925 500 1992 lm
525 1927 594 1995 χίλια
615 1923 736 1982 διακόσια
752 1925 984 1995 τεσσαράκονταένα
1008 1929 1063 1996 (εἰσ)
1083 1931 1145 1979 Ven.
1163 1956 1197 1968 -
1229 1925 1303 1980 113.

146 2013 228 2081 Μελγ.
248 2007 281 2065 δι’
298 2001 334 2064 ῶν
351 2005 402 2065 άπό
424 2011 473 2077 τῆς
491 2011 573 2078 κοπῆς
588 2012 639 2066 τῶν
655 2012 713 2079 περὶ
729 2007 850 2081 Ἀμαφὰρ
868 2013 913 2067 καλ
931 2009 1031 2082 Ἀρηόχ
1049 2012 1094 2066 καὶ
1110 2007 1303 2079 Χοδολλογομόρ

146 2096 191 2151 καὶ
211 2093 301 2164 Θάγαρ
318 2097 368 2150 τῶν
393 2096 516 2164 βασιλέων
534 2099 596 2147 Ven.
616 2126 647 2137 -
681 2098 699 2148 1.
717 2097 758 2151 16.
782 2093 847 2152 άλλά
865 2095 955 2152 ἑκατόν
980 2097 1052 2152 έννέα
1068 2095 1113 2162 έτη
1131 2089 1167 2150 ῶν
1185 2096 1305 2164 έγέννησε

147 2184 209 2234 Ven.
227 2212 258 2222 -
293 2181 310 2232 1.
331 2182 367 2235 11.
386 2180 430 2234 καὶ
446 2179 523 2247 έζησε
538 2178 603 2249 μετὰ
620 2184 709 2244 ταῦτα,
726 2183 804 2250 φησὶν
822 2179 840 2251 ή
859 2183 916 2237 ’.λεία
932 2180 1029 2250 γραφή,
1047 2179 1092 2249 έτη
1111 2180 1155 2234 καὶ
1173 2181 1304 2249 έγέννησεν

148 2269 212 2318 Ven.
228 2297 262 2307 -
287 2267 304 2317 1.
324 2266 359 2318 19.
378 2263 501 2328 ἑξακόσια
518 2267 562 2320 καὶ
578 2263 625 2321 δόο
639 2266 683 2335 έτη
701 2270 763 2319 Ven.
782 2297 814 2309 -
841 2269 858 2320 1.
874 2270 915 2321 20.
933 2265 1034 2337 φῑλάσαι
1052 2265 1090 2328 εἰς
1106 2267 1175 2336 χίλια
1190 2265 1235 2319 καὶ
1250 2270 1305 2321 δια·

145 2349 223 2407 κόσια
238 2347 428 2418 τεσσαράκοντα
446 2351 489 2404 καὶ
508 2350 550 2406 ἵνα
569 2351 624 2420 (εἰσ)
644 2352 705 2420 ἔτη,
722 2353 763 2407 ἵνα
781 2351 795 2407 ό
813 2351 878 2422 Σήμ
896 2356 959 2404 Ven.
994 2353 1064 2404 Idem
1079 2351 1142 2403 liber
1157 2352 1232 2421 paulo
1247 2362 1306 2421 ροεε

145 2437 206 2489 ibid.
224 2438 268 2490 τοῦ
295 2436 359 2490 Νῶε
383 2438 427 2490 τοῦ
454 2434 502 2503 πρό
529 2437 594 2492 δέκα
619 2439 710 2505 γενεῶν
735 2444 779 2492 τοῦ
805 2431 924 2508 ’Δβραόιμ
941 2437 1049 2505 κληθείη
1067 2438 1149 2506 Μελγ.
1166 2455 1191 2491 π
1209 2434 1306 2498 τοότοις

147 2519 211 2590 μετά
228 2522 293 2576 δέκα
309 2518 413 2589 γενεάς,
440 2521 485 2590 έιη
503 2521 533 2576 δλ
550 2523 619 2592 χίλια
641 2521 763 2578 διακόσια
778 2521 967 2591 τεσσαράκοντα
985 2522 1036 2578 ένα.
1068 2523 1122 2576 Καὶ
1138 2510 1161 2575 ῶ
1178 2523 1228 2588 τῆς
1242 2523 1305 2576 πολ·

147 2607 195 2674 λῆς
211 2608 261 2660 τῶν
277 2600 341 2674 άνθρ
358 2610 399 2660 πλ.
425 2635 454 2646 —-
489 2607 506 2658 1.
525 2609 567 2660 23.
585 2603 744 2677 ἀντιγράφων
758 2604 813 2664 ἀντὶ
828 2610 877 2676 τῆς
889 2605 939 2663 άπό
957 2609 1002 2662 τοῦ
1019 2605 1084 2675 Σήμ
1101 2603 1144 2673 ήλ.
1162 2604 1248 2671 (ἐξότε
1262 2622 1305 2675 γε·

145 2691 262 2759 γέννηται
278 2688 292 2744 ό
309 2686 391 2752 αότός
408 2689 474 2759 Σήμ
491 2691 593 2748 desunt)
613 2695 674 2743 Ven.
693 2721 724 2734 -
759 2695 776 2744 l.
793 2696 834 2747 25.
850 2696 894 2748 τοῦ
911 2695 1010 2763 Μελχ.,
1027 2688 1086 2760 ήτις
1101 2682 1134 2759 ήν
1152 2691 1177 2747 έν
1194 2689 1237 2760 πη’
1255 2691 1307 2747 έτει

145 2863 208 2913 ven.
227 2890 258 2900 -
293 2859 309 2910 l.
327 2860 368 2913 29.
386 2859 542 2930 πανταχόθεν
558 2861 603 2914 καὶ
616 2859 635 2929 ή
650 2863 701 2917 τῶν
717 2865 787 2931 Σαμ.
803 2868 864 2917 Ven.
882 2894 916 2906 ·-
949 2863 1111 2919 1.31.1ινεο
1131 2861 1304 2932 Ῥαάβηιιί·

145 2956 188 2998 tue
206 2945 282 2996 verba
306 2942 355 3012 γάρ
373 2945 417 2998 καὶ
424 2983 433 3007 ,
459 2963 523 3014 quae
541 2945 687 2999 exciderunt
703 2949 779 3000 etiam
797 2951 822 3001 in
845 2951 885 3003 ed.
906 2952 992 3003 Petav.
1009 2950 1064 3001 col.
1084 2979 1116 2991 -
1159 2948 1222 3001 15111
1243 2951 1305 3001 ven·

147 3030 250 3100 Ζαμβρὶ
263 3029 402 3098 γέγραπται
419 3029 463 3084 καὶ
479 3028 587 3100 Χεεβιή.
607 3061 638 3071 -
672 3033 688 3085 1.
703 3034 746 3088 36.
763 3033 805 3089 διὰ
822 3037 870 3102 τής
887 3033 968 3104 θύρας
986 3038 1048 3089 ven.
1067 3063 1099 3076 -
1133 3035 1208 3088 101
1228 3028 1305 3091 αάτόν

147 3115 275 3184 νομίζουσι
291 3132 319 3184 φ.
336 3113 380 3170 τόν
398 3113 451 3170 υἱόν
468 3134 491 3169 τ.
510 3118 544 3183 2.,
563 3115 589 3170 έν
607 3116 677 3174 εἰδέα
693 3118 724 3174 δέ
740 3113 875 3187 άνξλριόπου
893 3123 957 3171 Ven.
1339 3178 1346 3195 Ι

212 3200 292 3272 Pas.
310 3201 386 3256 140.
419 3201 437 3252 1.
453 3200 478 3253 2.
497 3196 569 3257 αότολ
592 3205 636 3257 τοῦ
661 3205 841 3273 προειρημένον
859 3208 922 3257 Ven.
940 3235 972 3247 -
1008 3206 1024 3257 l.
1042 3206 1066 3260 3.
1092 3200 1305 3275 ’Δρομοιοόμενσς

150 3289 215 3336 ven.
240 3281 446 3353 Ἀφομοιωμένος
461 3289 515 3338 Bu.
535 3318 567 3327 -
602 3288 620 3339 1.
633 3291 656 3342 5.
677 3289 779 3358 corrige
796 3287 970 3359 Ἰσραηλιτῶν.
990 3320 1023 3333 -
1057 3292 1074 3343 1.
1090 3291 1116 3345 0.
1133 3291 1161 3355 έξ
1174 3287 1245 3359 άνξλρ.
1259 3285 1308 3345 άλ-

148 3374 205 3425 λων.
241 3366 347 3424 Τοότων
364 3368 463 3424 πάντων
480 3370 523 3427 τόν
540 3371 678 3440 κατάλογον
695 3373 861 3443 ποιησόμενοι
883 3375 926 3431 διό
942 3375 989 3445 τήν
1016 3377 1111 3445 αἳρεσιν
1135 3375 1230 3442 ταύτην
1247 3375 1308 3431 έπε-

149 3453 299 3523 μνήσ1ημεν
319 3457 380 3506 Ven.
398 3483 432 3494 -
466 3457 483 3506 1.
502 3458 533 3509 10
549 3466 575 3508 et
593 3461 632 3511 11.
658 3457 722 3526 πρός
744 3457 788 3513 τόν
811 3459 869 3515 θεόν
886 3462 968 3530 λέγει,
987 3461 1032 3516 καὶ
1052 3455 1085 3515 δι’
1103 3455 1180 3514 αὐτοῦ
1195 3462 1256 3511 Ven.
1274 3489 1307 3501 -

148 3539 166 3591 1.
182 3542 219 3591 12.
239 3535 277 3595 ἐπ’
291 3535 352 3595 aa&
370 3540 444 3594 τοῦτο
459 3557 564 3595 καταστ.
583 3544 647 3593 ven.
667 3573 700 3583 -
732 3544 750 3594 l.
768 3545 806 3596 12.
824 3563 861 3599 πν.
877 3565 916 3607 τις
931 3541 966 3601 ῶν
981 3546 1026 3602 καὶ
1039 3545 1075 3607 εἰς
1090 3543 1229 3613 1ερωσόνην
1246 3546 1306 3600 θεοῦ

148 3641 253 3692 τεταγμ.
272 3629 333 3677 Ven.
355 3655 385 3666 -
419 3626 491 3681 115.
511 3624 594 3688 όδῶν,
613 3637 671 3695 ροεε
688 3626 718 3682 έκ
734 3630 847 3696 πολλῶν,
865 3648 914 3682 om.
929 3633 992 3685 Ven.
1009 3663 1042 3675 -
1076 3633 1148 3685 120.
1168 3631 1309 3698 Θεωρεέται

149 3727 175 3762 π
192 3701 278 3772 οὗτος,
304 3710 349 3764 καὶ
370 3705 410 3765 ότι
425 3709 454 3766 τό
470 3702 552 3777 ήσσον
568 3709 597 3764 έκ
613 3730 635 3764 τ.
653 3731 679 3779 μ.
696 3708 851 3780 εὐλογεῖται,
878 3715 922 3770 καὶ
936 3716 980 3772 διά
997 3718 1070 3772 τοῦτο
1084 3719 1148 3771 Ven.
1168 3747 1202 3759 -
1234 3715 1307 3769 122

149 3787 222 3855 όπως
236 3791 292 3864 τόγ.
310 3794 355 3849 καλ
378 3791 451 3850 αὐτοὶ
467 3792 545 3863 ήμεῖς
567 3790 625 3862 παρ’
650 3791 727 3850 αότοῡ
742 3800 804 3850 Ven.
822 3829 855 3839 -
890 3801 1036 3857 121Κα1
1056 3793 1078 3857 ῶ
1102 3809 1198 3872 ματαία
1219 3801 1309 3857 πασῶν

151 3875 229 3948 αἱρή
246 3876 352 3934 διάνοια.
377 3871 773 3949 '1303ydpxoe303102Vem-
797 3884 815 3935 1.
823 3886 863 3937 25.
883 3882 969 3949 αότοῦ,
987 3899 1046 3956 ροσε
1062 3886 1129 3958 έδέῳ,
1145 3891 1264 3940 owen.
1275 3917 1309 3928 -

149 3965 224 4020 127.
241 3965 294 4028 τοῦ,
313 3975 373 4016 unte
387 3963 492 4033 πατρός,
510 3983 559 4017 om.
573 3966 635 4017 Ven.
653 3994 685 4004 -
720 3967 737 4018 1.
750 3968 791 4020 28.
809 3973 944 4039 διηγεῖται,
963 3963 986 4041 ᾦ
1001 3969 1069 4026 εἶπεν
1085 3970 1099 4028 ό
1116 3971 1210 4041 πατήρ,
1225 3969 1310 4039 Ποιη-

151 4069 236 4119 σωμεν
252 4053 314 4102 ven.
331 4081 365 4091 -
399 4050 475 4104 130.
501 4045 558 4120 ον’γὶ
582 4051 620 4120 τῷ
646 4052 728 4122 Μελγ.
761 4054 796 4108 Εἰ
814 4053 858 4122 μὶν
874 4054 922 4125 γάρ
941 4057 985 4112 καὶ
1001 4055 1085 4126 ἱερεύς
1107 4057 1161 4114 έστι
1187 4059 1230 4112 τοῦ
1248 4059 1308 4112 θεοῦ

150 4138 194 4190 τοῦ
210 4133 329 4202 όψέστον,
347 4130 412 4190 άλλά
426 4135 471 4190 καὶ
488 4136 513 4190 έν
528 4137 562 4206 τῇ
580 4135 633 4207 ἰδέᾳ
645 4138 720 4208 γενεᾷ
736 4140 877 4209 γεγένηται,
894 4141 940 4195 καὶ
957 4138 1004 4196 οόκ
1022 4142 1095 4213 έσγεν
1112 4141 1234 4213 διαδοχήν
1246 4146 1309 4195 ven.

151 4221 214 4272 lbid.
231 4240 278 4291 pro
295 4220 363 4275 έστιν
379 4223 450 4288 (ante
471 4222 515 4275 τοῦ
535 4219 656 4292 όψόστον)
677 4241 741 4276 corr.
758 4225 819 4279 έστι.
837 4256 870 4268 -
904 4227 921 4277 l.
936 4229 978 4281 32.
996 4223 1046 4284 α’πό
1063 4225 1168 4297 ον’ρανοό
1184 4231 1246 4280 Ven.
1279 4231 1308 4281 1ε

151 4304 240 4357 eodem
258 4307 323 4359 libro
341 4305 416 4375 ρειεΙο
435 4317 492 4374 post
509 4307 683 4361 desiderantur
699 4311 775 4362 verba
793 4313 830 4381 τῷ
846 4308 972 4383 Ἁβραάμ.
990 4344 1023 4354 -
1047 4315 1064 4365 1.
1080 4318 1105 4367 5.
1121 4316 1154 4366 ιδ
1170 4314 1217 4366 inf.
1235 4310 1309 4383 α’λλό,

150 4384 305 4459 Ἔξήνεγκίν
318 4409 348 4447 τε
363 4385 434 4463 αότῷ
451 4393 496 4446 καλ
511 4398 566 4455 τοῖς
579 4395 642 4446 Vm
656 4422 691 4435 -
707 4393 759 4449 11.
770 4397 801 4448 ab
814 4397 860 4448 inf.
880 4401 937 4468 βασ.
954 4395 1140 4466 ἀποδεξάμενος
1152 4398 1195 4454 τόν
1209 4396 1308 4471 διερχό-

68 4477 78 4495 ⁰
152 4492 224 4542 μενον
239 4478 301 4528 ven.
320 4506 349 4516 -
379 4477 433 4532 13.
450 4478 482 4529 ιδ
497 4478 543 4530 inf.
561 4481 700 4548 προςοῦσαν
718 4476 788 4551 αὐτῷ
801 4483 839 4550 τῶ
853 4477 970 4552 ’Δβραάμ
984 4483 1144 4553 δικαιοσύνην
1163 4487 1224 4537 von.

219 4562 300 4635 Peg.
313 4566 390 4622 142.
424 4562 557 4633 1.3.μ1ν,
577 4576 637 4634 pont
653 4561 814 4634 ἀπέστρεψε,
831 4584 880 4618 om.
896 4568 957 4619 Vm
976 4597 1009 4610 -·
1043 4570 1060 4624 1.
1075 4572 1099 4624 3.
1119 4568 1184 4639 μετὰ
1197 4574 1245 4640 τῆς
1259 4567 1306 4627 δά·

204 4645 293 4704 Οοῐριιε
304 4646 442 4695 11εεεεεσο1.
461 4646 490 4693 11
503 4649 523 4692 Ι.
1065 4665 1103 4727 41
