3066 5078
288 281 329 345 64
709 289 1019 343 οιυοτιτειειιιιιιι

289 412 382 498 βουλῇ
399 409 450 473 καί
465 404 551 496 δόξη,
580 407 637 472 οῦκ
655 404 790 491 όψυγος,
822 405 891 473 οῦδέ
909 407 1065 490 ἀκίνητος,
1096 408 1127 472 έν
1145 407 1233 495 ἑτέρῳ
1249 405 1303 484 μέν
1317 403 1350 471 τό
1366 401 1445 472 είναι

289 511 411 593 ἔχουσα,
440 511 489 576 καί
507 512 697 596 γραφομένη,
729 508 805 592 αῦτη
822 509 875 590 μέν
890 511 922 575 ἒν
936 510 1025 598 ἑαυτῇ
1040 511 1090 574 καί
1107 505 1146 574 δι’
1162 509 1281 590 ἑαυτῆς,
1313 511 1345 574 έν
1360 506 1445 593 κινή-

289 633 330 677 σει
347 610 388 696 μη
403 603 485 677 οὖσα.
530 614 592 678 Καὶ
619 614 705 679 είκῶν
730 614 808 678 έστιν
831 611 1071 695 όιπαρόλλακτος,
1101 608 1139 678 ού
1154 617 1208 695 τῆς
1225 609 1447 697 δπαραλίαξίας

289 717 401 800 πατέρα
421 712 583 798 ποιούσης,
605 713 664 779 ἄλλ’
686 713 754 781 υίδν
776 711 1035 800 α’πηκριβωμένον.

371 816 619 904 4ίίεπλήρωνται
639 815 676 882 τό
697 816 809 885 ένθόδε
825 818 976 884 Ἀκακίου.

374 1131 442 1189 Νῦν
458 1126 491 1190 δέ
508 1147 600 1205 φασιν
617 1128 649 1189 οί
662 1125 825 1210 δρθόδοξοι
840 1128 891 1191 καί
909 1124 1032 1206 ιἰδελφοί
1045 1121 1180 1208 ἡμέτεροι
1194 1126 1247 1190 καί
1264 1122 1448 1212 όμολογηταί

286 1225 369 1312 παρά
384 1254 473 1293 τινων
492 1224 551 1293 ύπδ
570 1230 750 1307 Μαρκέλλου
775 1230 1031 1309 καταλειφθέντων
1056 1235 1201 1311 μαθητῶν
1220 1230 1342 1294 ἔκθεσιν
1369 1233 1447 1314 είλη-

288 1332 377 1408 φέναι
391 1326 550 1417 όμολογίας
572 1331 639 1412 περί
663 1336 787 1407 πίστεως
811 1331 1067 1417 ἀπολογουμένης·
1098 1323 1135 1414 ἧς
1152 1329 1189 1396 τό
1205 1331 1446 1417 λεπτολογῆματα

288 1430 380 1508 αύτός
401 1431 442 1515 μὴ
463 1430 646 1515 κατειληφῶς
667 1432 759 1519 αύτην
782 1436 914 1499 ἐνταῦθα
939 1435 1118 1519 παρεθέμην.
1164 1435 1224 1498 Καί
1240 1431 1348 1500 έστιτό
1365 1432 1444 1501 ύντί-

289 1559 406 1620 γραφον
426 1531 503 1600 τόδε.

474 1793 503 1848 Η
520 1792 712 1848 ΕΠΙΓΡΔΦΗ
728 1793 920 1848 *ΠΙΣΤΕΩΣ
938 1793 1011 1848 ΤΟΥ
1026 1793 1257 1848 ΜΔΡΚΕΛΛΟΥ.

154 1926 222 1994 Κεφ.
237 1925 277 1980 ια’.
378 1917 448 1987 Τοῖς
466 1910 705 1994 αίδεσιμωτότυις
719 1915 770 1978 καὶ
786 1909 959 1997 όγιωτότοις
976 1913 1162 1992 έπισκόπυις,
1193 1921 1256 1988 τοῖς
1272 1913 1305 1978 έν
1320 1918 1436 1978 Διοκαι·

289 2018 390 2102 σαρείρι
405 2010 645 2100 ύπερορισθεῖσιν
663 2011 738 2099 ύπέρ
754 2023 807 2098 τῆς
822 2017 864 2091 είς
881 2014 933 2080 τόν
948 2022 1065 2099 σωτῆρα
1083 2012 1167 2098 ἡμῶν
1176 2014 1297 2096 Ἰησοῦν
1316 2013 1443 2099 Χριστόν

290 2115 459 2202 ὄρθοδόξον
488 2120 626 2194 πίστεως,
664 2114 817 2205 Εύλυγίρι,
851 2115 1013 2205 Ἀδελφίρι,
1049 2115 1244 2206 Ἀλεξάνδρῳ,
1276 2112 1444 2207 Ἀμμωνίᾳ,

288 2216 535 2305 Ἅρπακρατίωνι,
555 2215 669 2298 ’ίσαῶκ,
689 2218 840 2306 Ἰσιδῶρρι,
857 2218 1062 2301 Ἀννουβίωνι,
1087 2223 1214 2308 Πιτίμρι,
1244 2218 1436 2306 ιΕαίφριιιίμ,

284 2319 440 2412 Ἀαρῶνη,
467 2324 499 2386 οί
521 2319 582 2386 ιἰπό
603 2318 746 2406 Ἀγκύρας
767 2328 820 2404 τῆς
847 2326 1018 2399 έΓαλατίας
1040 2322 1249 2407 πρεσβύτεροι,
1283 2317 1434 2397 Φωτανός,

286 2421 473 2502 Εύστόδιυς,
501 2425 599 2507 ἕτερος
620 2421 786 2502 Φωτεινός,
816 2425 967 2510 Σιγέριος,
999 2426 1051 2489 καί
1076 2422 1215 2498 διάκονος
1233 2420 1369 2510 ’Τγῖνοῢ
1391 2422 1438 2489 καί

288 2521 491 2602 ύποδιύιιονος
506 2522 708 2608 Ἡρακλείδης,
738 2527 788 2590 καί
813 2522 1001 2611 ἄναγνῶστης
1016 2523 1178 2604 Ἐλπίδιος,
1207 2527 1260 2591 καί
1279 2524 1441 2613 προστύσρς

291 2626 460 2714 Κυριακός,
484 2630 516 2693 έν
536 2634 630 2717 κυρίῳ
650 2632 767 2712 χαίρειν.

162 2766 269 2826 ΝΜ,
371 2728 631 2813 Ἐνδεδημηκότων
656 2726 742 2813 ἡμῶν
766 2730 841 2814 πρός
864 2729 918 2812 τὴν
941 2727 1084 2816 ύμετέραν
1109 2732 1282 2814 θεοσέβειαν
1307 2728 1371 2799 α’πδ
1395 2736 1445 2813 τῆς

289 2834 502 2919 προειρημένης
527 2828 668 2915 ἡμετέρας
683 2836 839 2916 πατρίδος,
868 2831 922 2915 τήν
941 2832 1150 2918 προςήκουσαν
1168 2836 1328 2915 έπίσκεψιν
1342 2831 1445 2900 ποιού-

290 2961 388 3018 μενοι,
420 2936 472 3000 καί
493 2935 727 3018 ἒπερωτωμένων
750 2931 833 3017 ἡμῶν
853 2932 934 3018 παρὰ
958 2942 1011 3017 τῆς
1033 2932 1175 3020 ύμετέρας
1198 2932 1356 3019 όσιότητος
1379 2936 1446 3021 περί

290 3046 342 3120 τῆς
358 3040 388 3103 έν
403 3033 475 3119 ἡμῖν
492 3041 617 3113 πίστεως
633 3035 716 3113 ὅπως
732 3038 850 3119 ίίχομεν,
879 3038 930 3102 καί
951 3035 1164 3120 δποδεξύμενοι
1179 3034 1264 3119 ύμῶν
1277 3036 1332 3122 τὴν
1348 3034 1447 3105 τοιαύ-

290 3165 344 3222 την
356 3138 553 3222 κηδεμονικὴν
568 3147 687 3218 πεῦσιν,
714 3137 807 3224 ἥνπερ
830 3137 1026 3220 ἐποιήσασθε,
1060 3139 1132 3205 8διαί
1147 3139 1270 3223 μάλιστα
1285 3138 1361 3217 τούς
1375 3144 1448 3224 βου·

289 3242 431 3324 λομένους
454 3246 583 3324 ματαίως
604 3249 741 3325 θρυλλεῖν
762 3243 830 3325 περὶ
853 3237 938 3323 ἡμῶν
955 3269 1020 3306 τινα
1043 3246 1158 3324 ψευδῆ,
1188 3242 1355 3329 ἀναγκαῖον
1375 3240 1446 3330 ἡγη-

290 3341 410 3427 σόμεθα
423 3352 649 3429 πληροφορῆσαι
660 3340 738 3426 ὑμᾶς
752 3345 820 3425 περί
832 3344 954 3421 τούτου,
977 3342 1014 3409 ού
1027 3344 1120 3427 μόνον
1133 3347 1166 3411 ἐκ
1183 3352 1242 3411 τῶν
1254 3342 1449 3430 ύποδειγδέν-

288 3473 349 3513 των
364 3454 402 3537 τῇ
414 3443 540 3534 ύμετέρμ
554 3442 684 3528 ὁσιότητι
702 3443 770 3530 παρ’
784 3444 869 3528 ἡμῶν
884 3445 1064 3531 γραμμάτων
1079 3455 1262 3514 κοινωνικῶν
1277 3446 1355 3533 πρός
1368 3446 1450 3532 ἡμᾶς

291 3551 466 3635 γραφέντων
482 3556 536 3614 τοῦ
553 3551 763 3633 τριςμακαρίου
788 3545 875 3612 πόπα
894 3546 1096 3628 Ἀθανασίον,
1129 3547 1199 3616 όλλδ
1220 3552 1272 3616 καί
1290 3553 1322 3616 έιι
1339 3550 1450 3634 ταύτης

289 3648 375 3735 ἡμῶν
387 3658 441 3735 τῆς
456 3648 609 3738 έγγρόφον
628 3646 800 3734 όμολογίας,
831 3646 872 3725 ῶς
887 3648 933 3716 ότι
950 3649 1017 3716 οὔτε
1033 3660 1217 3736 φρονοῦμεν,
1247 3650 1315 3719 ούτε
1334 3679 1449 3738 πεφρο-

292 3754 421 3837 νήκαμέν
439 3758 468 3819 τί
483 3777 554 3819 ποτε
570 3749 654 3828 έκτιίς
672 3758 725 3835 τῆς
741 3749 815 3817 κατὰ
837 3757 967 3817 Νίκαιαν
988 3751 1158 3839 ὁρισθείσης
1175 3757 1384 3840 υίκουμενικῆς
1396 3757 1450 3823 καί

292 3857 529 3940 ίιικλησιαστικῆς
545 3859 684 3929 πίστεως·
714 3851 808 3939 ἥνπερ
826 3850 1026 3940 ὁμολογοῦμεν
1048 3856 1173 3940 δυνάμει
1188 3858 1299 3941 ταύτην
1313 3866 1450 3943 φρονεῖν,

293 3955 554 4041 ιίναθεμιιτίζοντες
576 3954 646 4032 τούς
668 3962 834 4038 τολμῶντας
856 3961 962 4039 κτίσμα
983 3961 1075 4044 λέγειν
1098 3958 1131 4024 τό
1154 3967 1271 4042 πνεῦμα
1292 3957 1324 4025 τό
1348 3958 1450 4046 ἅγιον,

291 4060 343 4126 καί
360 4059 412 4141 τὴν
430 4057 579 4145 ’Λρειανήν
596 4061 725 4144 αἵρεσιν,
747 4060 795 4123 καί
813 4062 992 4142 Σαβελλίου,
1020 4064 1071 4125 καί
1094 4067 1261 4139 Φωτεινοῦ,
1291 4062 1343 4128 καί
1363 4059 1451 4128 Παύ-

291 4169 345 4228 λου
360 4167 413 4227 τοῦ
423 4164 628 4243 Σαμοσατέως,
644 4162 695 4226 καί
709 4157 778 4235 τούς
791 4159 831 4244 μη
842 4161 1045 4247 λέγονταςτήν
1060 4160 1147 4249 ἇγίαυ
1160 4161 1266 4250 τριάδα
1277 4168 1343 4245 τρία
1357 4190 1451 4251 προς

294 4288 363 4330 ωπα
380 4259 582 4348 όπερίγραφα,
603 4265 655 4328 καί
671 4260 870 4343 έυυπόστατα,
892 4265 943 4328 καί
961 4261 1122 4348 όμοούσια,
1144 4268 1196 4332 καί
1213 4269 1368 4346 σνναίδια,
1397 4269 1452 4334 καί

326 4448 352 4505 ί.
388 4455 461 4505 Verba
486 4451 670 4519 Πεπλήρωνται
702 4450 735 4507 τὰ
760 4453 852 4508 mane
883 4460 933 4517 ρίο.
966 4458 1013 4506 Pro
1036 4454 1211 4523 πεπληρωιται
1233 4459 1259 4507 in
1281 4458 1333 4509 οοδ.
1351 4460 1451 4525 m.

292 4517 413 4578 ’Δκωιίου
432 4525 459 4573 ίιι
475 4523 541 4573 αδδ
560 4534 615 4573 νεα.
634 4525 705 4576 rubro
725 4528 779 4575 ιιιιν
794 4525 852 4575 ται·-
884 4528 906 4574 et
922 4524 991 4575 ιδίειι
1006 4530 1040 4576 αι
1056 4522 1232 4593 πεπλήρωται
