3096 5070
337 270 473 321 Peneum
492 271 553 320 nte.
567 271 611 320 tlt.
628 271 711 322 Tom.
730 271 761 320 ll.
780 268 881 320 HAER.
901 269 1024 318 Lxxttt.
1202 256 1264 316 447

104 400 184 468 star,
216 388 431 474 sapientissima
448 390 493 453 dei
519 389 650 453 doctrina
675 412 710 453 ac
731 388 860 474 potentia
885 391 975 470 (quoe
995 386 1074 449 velot
1091 396 1198 471 styrax
1216 408 1263 448 or·

104 493 169 556 bem
194 503 338 555 terrorum
364 493 525 575 fragrantia
544 513 615 570 sua,
648 491 703 555 hoo
727 502 773 554 est
796 501 964 554 sanctorum
992 488 1168 571 virginitatis
1192 487 1263 551 lilio·

103 617 186 672 rum,
221 593 306 657 ouius
323 594 407 657 beata
427 594 511 678 virgo
535 593 670 678 princeps
693 605 756 669 est,
790 592 897 656 virtute
920 590 1108 675 complevit),
1137 600 1168 651 et
1186 589 1263 653 illius

104 696 251 783 praesidio
267 696 314 779 qui
329 717 382 780 per
396 699 519 758 eandem
539 696 683 777 virginem
703 694 769 757 lruic
790 694 897 757 mundo
916 694 1011 756 lumen
1031 690 1164 769 invexit,
1197 712 1260 754 cum

104 799 246 864 hactenus
268 800 297 861 iu
322 798 414 861 lucem
440 798 623 872 mouerimus,
656 807 742 880 atque
765 796 895 859 exitialis
920 795 995 857 illius
1015 793 1161 877 nequitiae
1180 793 1261 856 virus

103 901 348 988 patelecerimus‚
372 898 408 961 ad
427 911 542 963 ceteras
559 897 723 962 orationem
741 897 994 982 promovebimus,
1019 918 1076 979 quo
1095 895 1161 958 huic
1179 895 1261 979 operi

103 1004 245 1088 singulari
264 1003 309 1066 dei
328 1022 385 1086 ope
403 1012 541 1085 suscepto
560 1001 645 1064 linem
662 1001 818 1083 aliquando
836 1001 952 1064 tandem
973 997 1174 1062 adhibeamus.

267 1224 570 1300 ADVERSUS
608 1221 1096 1312 GOLLYRIDIANOS,

207 1344 264 1440 qui
288 1345 413 1419 Mariae
440 1345 637 1419 sacrificium
664 1345 819 1419 oderunt.
872 1343 1032 1418 Hacrcsis
1051 1341 1159 1432 LIX,

555 1466 627 1541 sire
647 1463 807 1539 LXXIX.

187 1613 261 1678 Post
274 1616 457 1703 superiorem
472 1617 552 1681 illam
571 1615 724 1693 haeresin,
751 1616 884 1700 proxime
899 1617 934 1678 ad
951 1637 1004 1678 nos
1023 1614 1144 1679 alterius
1162 1616 1259 1678 cuius·
1291 1619 1350 1688 cap.
1362 1622 1379 1670 t.

104 1717 168 1780 dam
188 1719 262 1782 lama
281 1720 391 1803 perlata
416 1730 479 1796 est,
511 1720 547 1782 de
575 1741 631 1803 qua
660 1716 752 1781 Paulo
779 1728 847 1780 ante
874 1719 1050 1782 mentionem
1079 1718 1108 1781 in
1136 1717 1260 1802 epistola

103 1819 153 1883 itta
173 1820 351 1884 faciebamus
368 1842 452 1903 quom
468 1821 503 1883 de
519 1817 616 1884 Mario
631 1820 745 1902 virgine
761 1820 789 1882 in
806 1821 942 1883 Arabiam
960 1820 1143 1906 scripsimus.
1178 1819 1260 1884 llaec

103 1921 181 1985 enim
200 1923 331 1986 haeresis
350 1922 379 1985 in
398 1923 538 1986 Arabiam
557 1943 573 1986 e
595 1922 726 1986 Tbraeis
741 1943 776 1984 ac
792 1922 945 2007 superiore
962 1921 1085 2008 Scythia
1101 1922 1205 1988 dillusa
1224 1923 1258 1986 sd

103 2043 191 2087 sures
210 2046 302 2109 usque
327 2036 443 2088 nostras
462 2026 606 2110 pervenit.
654 2022 739 2107 Quae
758 2025 872 2108 quidem
897 2026 971 2110 apud
991 2027 1151 2109 prudentes
1168 2023 1260 2087 bomi-

104 2146 157 2189 oes
173 2127 294 2190 ridicula
310 2150 346 2190 sc
362 2126 487 2190 ludibrio
504 2127 588 2210 digna
605 2138 754 2191 censetor.
801 2123 862 2190 Sed
878 2147 932 2190 nos
948 2147 1068 2190 errores
1083 2126 1162 2205 illius
1178 2127 1259 2191 dete·

102 2250 174 2311 gere
192 2229 312 2314 ecquid
338 2230 403 2313 ipsa
427 2228 598 2312 profiteatur
615 2230 730 2314 aperire
753 2229 936 2292 conabimur.
983 2227 1049 2292 Nec
1071 2228 1172 2292 dubito
1190 2228 1259 2312 quio

101 2331 244 2395 mabiliae
268 2331 442 2417 plurimum,
474 2330 635 2416 sapientiae
659 2353 696 2394 ue
719 2332 868 2395 minimum
887 2331 1001 2412 quidem
1026 2331 1132 2394 babere
1150 2329 1259 2395 iudico·

103 2443 166 2511 tur,
199 2433 362 2497 cuiusmodi
381 2444 496 2497 ceteras
514 2453 617 2496 omnes
636 2433 701 2497 boio
721 2435 821 2497 affines
839 2455 908 2497 esse
929 2432 1134 2517 cognovimus.
1179 2431 1257 2497 Nam

101 2544 134 2599 ut
150 2536 235 2620 paolo
258 2547 326 2600 sote
344 2536 392 2620 qoi
416 2536 598 2620 superiorem
619 2536 696 2598 illam
716 2546 825 2600 sectam
845 2536 974 2621 amplexi
989 2547 1076 2613 sunt,
1108 2545 1258 2598 contume-

47 2707 57 2721 ,
102 2636 191 2700 liosas
209 2637 238 2699 in
257 2638 372 2702 beotam
392 2637 535 2720 virginem
556 2638 709 2722 opiniones
733 2638 879 2702 hominurn
904 2639 1029 2722 ingeniis
1055 2649 1257 2722 asperserunt,

101 2737 145 2800 sic
159 2737 207 2801 isti
225 2741 402 2803 contrariom
418 2741 446 2803 in
465 2752 575 2825 portem
593 2740 773 2803 declinantes
790 2752 954 2804 extremam
968 2739 998 2803 in
1018 2762 1127 2803 rioxam
1140 2762 1174 2802 ac
1192 2760 1258 2824 pcr-

102 2838 208 2903 oiciem
232 2840 414 2918 inciderunt,
446 2853 478 2905 ut
500 2842 652 2926 gentilium
673 2842 909 2927 pbilosophorum
926 2841 1043 2905 celebre
1062 2843 1129 2905 illud
1148 2841 1256 2906 dictum

100 2940 131 3004 io
153 2941 224 3025 ipsis
248 2943 471 3027 comprobetur,
503 2949 695 3006 extremitates
716 2949 901 3026 aequalitates
918 2969 988 3009 esce.
1037 2941 1185 3029 Siquidem
1206 2965 1258 3030 par

101 3053 132 3106 et
148 3042 225 3108 idem
242 3065 282 3108 ex
297 3045 438 3110 ambabus
453 3045 625 3111 baeresibus
642 3047 847 3111 detrimentum
866 3049 982 3126 accidit,
1007 3070 1071 3111 cum
1091 3048 1139 3110 alii
1156 3069 1257 3110 sacro·

100 3155 222 3210 sanctae
238 3147 361 3230 virginis
382 3148 551 3232 dignitatem
569 3150 700 3228 elevent,
724 3149 774 3213 alii
791 3161 908 3235 praeter
925 3151 1040 3214 modum
1059 3171 1093 3214 ac
1113 3151 1255 3214 rationem

99 3247 245 3312 attollant.
290 3247 368 3313 Nam
396 3254 471 3335 quod
498 3253 534 3315 ad
559 3251 706 3337 posterius
730 3252 784 3315 hoc
807 3253 911 3337 dogma
935 3253 1079 3336 pertinet,
1113 3273 1254 3336 quostiam

100 3360 218 3435 praeter
235 3350 421 3415 mulierculas
438 3364 587 3433 auctores,
607 3375 644 3418 ao
659 3365 800 3439 patronos
814 3355 921 3419 habet?
952 3351 1038 3438 Quod
1055 3377 1149 3439 genus
1166 3354 1256 3419 lubri-

100 3473 165 3515 cum
185 3462 216 3514 et
238 3453 267 3515 in
286 3473 416 3517 errorem
437 3456 582 3540 proclive,
596 3476 648 3519 ·ac
670 3456 766 3541 pusilli
791 3458 945 3521 admodum
971 3469 1001 3520 et
1026 3456 1144 3543 angusti
1167 3455 1255 3520 anirni

100 3571 168 3616 esse
184 3554 271 3618 solet.
316 3553 377 3618 Per
392 3576 443 3619 eas
460 3557 558 3639 itaque
574 3557 707 3621 diabolos
724 3560 893 3622 evomuisse
910 3560 979 3623 illud
997 3561 1129 3636 videtur,
1165 3559 1254 3620 idem·

99 3676 156 3739 que
182 3658 235 3719 bac
259 3658 287 3720 io
314 3669 398 3741 parte
423 3659 529 3721 secisse
558 3659 633 3741 quod
662 3679 714 3739 per
743 3658 913 3743 Quintilian
939 3683 974 3726 ac
1001 3659 1197 3726 Maximillam
1225 3670 1256 3722 et

97 3753 262 3823 Priscillam
279 3760 308 3822 io
329 3759 457 3823 ridiculis
472 3759 529 3822 illie
548 3757 772 3824 disseminandis
788 3762 938 3827 erroribus
957 3764 1155 3848 praestiterat.
1201 3760 1254 3824 Et-

97 3859 175 3924 enim
202 3860 341 3924 mulieres
367 3863 507 3945 quaedam
530 3881 648 3924 currum
674 3857 740 3924 sivo
764 3863 866 3929 sellam
883 3867 1053 3949 quadratam
1077 3866 1254 3928 adornantes

97 3981 133 4026 ac
152 3963 242 4026 linteo
267 3965 393 4049 desuper
416 3975 540 4028 extento
563 3962 688 4027 sollemni
714 3974 843 4050 tempore
865 3987 918 4050 per
936 3966 1047 4050 aliquot
1064 3967 1127 4030 dies
1152 3987 1254 4052 paoem

98 4076 275 4150 proponunt,
301 4077 331 4129 et
347 4067 376 4128 in
389 4064 507 4130 Mariae
523 4087 629 4130 nomen
643 4066 783 4129 oderunt.
830 4065 907 4130 Tum
925 4069 960 4131 ad
979 4090 1065 4131 uuam
1083 4090 1185 4133 omnes
1205 4069 1254 4132 illo

98 4179 269 4232 vescuntur.
315 4165 362 4230 De
389 4191 446 4251 quo
472 4170 501 4232 in
527 4168 650 4253 epistola
678 4168 726 4230 illa
754 4191 837 4252 quam
863 4170 893 4232 in
919 4169 1061 4233 Arabiam
1084 4170 1253 4253 scripsimus

99 4270 230 4333 nonnibil
253 4271 482 4356 disputavimusz
514 4293 591 4335 nunc
613 4291 686 4335 vero
708 4271 875 4335 accuratius
893 4270 1007 4356 singulo
1030 4294 1250 4358 prosequemur,

98 4429 163 4470 astes
175 4425 338 4485 interpretatus
350 4425 394 4488 cst)
407 4431 428 4475 st
437 4429 548 4476 Petuotos
559 4438 663 4477 eomm-
731 4426 754 4476 5.
772 4428 864 4488 sepone
879 4441 907 4478 τε
919 4441 964 4488 pro
981 4422 1017 4479 di.

97 4494 159 4540 ruat.
196 4485 356 4556 μακρότητες
366 4495 434 4544 codd.
443 4496 490 4545 tm.
502 4495 597 4558 ltbsdtp.
612 4497 659 4544 Po·
727 4491 751 4544 o.
771 4497 808 4557 Cf.
824 4496 956 4545 Gctsltmus
971 4497 1031 4558 Opp.
1049 4497 1113 4546 cmo.
1127 4510 1185 4560 pop.
1193 4493 1251 4550 814.

95 4559 137 4609 rte
174 4554 354 4626 μακαρότητες
367 4562 424 4613 eddi
438 4564 500 4614 turs
