3096 5070
366 265 500 321 reuuuu
518 266 582 316 em.
600 267 644 317 ru.
661 265 743 318 rou.
757 267 790 316 n.
809 265 908 315 enan.
924 264 1068 316 nxxrur.
1227 251 1284 315 43!

137 390 213 449 Veeo
226 406 324 448 nomen
342 391 413 460 ee'oe,
438 392 494 448 er'to
509 389 657 448 demum
671 389 773 466 poteo,
798 390 901 466 raptato
913 387 1054 465 praedm
1071 393 1130 446 ete.
1175 379 1289 466 Quibus
1303 396 1357 441 nne.
1372 398 1392 452 t,
1405 395 1437 440 tt

138 487 236 553 vernis
257 485 407 552 Gabrielis
426 489 461 553 ad
478 484 606 552 Mariam
623 488 788 572 iugressum
805 487 952 565 ostendit,
976 507 1041 549 oum
1060 486 1096 548 ad
1114 505 1178 548 eam
1200 485 1291 562 veuit,

137 599 170 657 ut
183 590 331 654 nuntiaret
348 590 436 655 lilium
452 591 542 673 ipsam
560 590 606 654 dei
630 611 664 654 ae
682 590 860 653 salvatorem
880 588 943 651 sine
965 587 1023 651 ullo
1041 587 1118 651 virili
1135 596 1218 664 satu,
1242 588 1293 651 sed

136 690 231 763 saneti
250 693 372 778 spiritus
388 692 576 771 interventu,
609 693 716 755 mundo
734 712 801 756 esse
819 690 990 776 parituram.
1036 686 1207 772 Quinetiam
1224 685 1293 751 Phi·
1306 706 1354 746 tea
1365 701 1401 757 ¹1,
1413 702 1433 746 t.

137 793 231 880 lippus
255 794 438 878 evangelista
462 804 588 877 quatuor
605 793 706 856 hebuit
727 793 822 867 afflatu
843 792 1015 878 prophetico
1035 791 1197 876 praeditas,
1221 812 1296 874 quae

137 896 174 961 alr
194 896 374 980 virginitatis
397 896 486 958 denus
509 896 688 960 vaticinandi
713 916 817 959 munus
841 895 910 958 illud
934 893 1135 957 obtinuerunt.
1183 889 1242 957 Sed
1267 902 1298 956 et

136 996 249 1063 Thecla
275 1019 340 1061 eum
366 998 396 1060 in
422 994 553 1061 Paulum
576 998 744 1076 incidisset,
776 1008 876 1081 pactas
907 996 1021 1081 nuptias
1048 995 1199 1073 dissolvit,
1223 1017 1296 1059 oum

137 1099 276 1184 primario
295 1099 407 1163 cuidam
427 1098 555 1164 civitatis
573 1100 662 1165 totius
677 1122 711 1164 ao
731 1100 818 1184 longe
838 1099 937 1176 diviti,
969 1098 1168 1178 nobilissimo,
1199 1097 1296 1182 splen·

138 1200 348 1285 didissimoque
368 1202 513 1288 desponsa
533 1202 591 1266 iam
609 1202 726 1266 fuisset.
772 1200 883 1265 Verum
904 1214 1021 1266 terrena
1048 1203 1114 1265 ideo
1129 1211 1231 1266 saneta
1248 1200 1298 1265 illa

139 1303 333 1388 contempsit,
367 1314 399 1367 ut
416 1304 587 1368 coelestium
613 1325 825 1389 enmposesse
850 1316 961 1389 posset.
1007 1301 1109 1387 Quare
1133 1325 1197 1367 eum
1224 1302 1297 1368 haee

138 1405 175 1470 ab
192 1406 249 1470 illis
275 1406 413 1491 praestita
437 1407 608 1486 videamus,
640 1407 860 1490 quantomagis
880 1407 955 1470 idem
977 1426 993 1467 a
1012 1404 1109 1470 Maria
1128 1416 1296 1490 susceptum

138 1507 230 1573 luisse
258 1508 428 1587 fatebimur,
459 1509 489 1572 iu
512 1532 569 1594 qna
592 1508 763 1573 admirabile
788 1508 858 1572 illud
886 1509 1099 1572 iucarnationis
1124 1509 1295 1594 mysterium

140 1619 185 1675 est
203 1611 383 1695 perlectum?
427 1608 580 1694 Quaenam
607 1632 678 1675 vero
698 1611 816 1674 anobis
839 1610 906 1674 iniri
924 1611 1000 1674 ratio
1015 1620 1112 1695 potest
1130 1622 1160 1674 ut
1175 1621 1206 1674 et
1224 1611 1296 1674 isto·

139 1733 203 1777 rum
228 1723 341 1777 mentes
365 1713 400 1776 ad
424 1714 544 1777 meliora
570 1714 775 1792 traderemus,
807 1725 836 1776 et
852 1734 968 1776 omnem
986 1714 1021 1776 iis
1040 1714 1230 1778 discutiamus
1249 1736 1296 1777 er-

139 1814 217 1878 roris
234 1814 408 1898 caliginem,
433 1817 480 1899 qui
500 1816 614 1880 nefaria
631 1815 781 1899 dogmata,
806 1815 887 1879 velut
903 1814 1169 1900 perniciosissimos
1186 1818 1294 1895 foetus,

139 1915 506 2002 iutraseeoueeperun13
539 1916 580 1981 uti
603 1918 824 2002 scriptumest,
860 1922 992 1999 Concepit
1006 1920 1144 1993 laborem,
1176 1930 1452 2002 etpepe-enrnnpn

140 2023 394 2100 ra'ta'rupm‘totern?
437 2015 481 2084 illi
507 2019 585 2082 enim
606 2021 705 2104 ntique
729 2020 938 2104 cogitationum
965 2019 1127 2084 molestiam
1152 2020 1296 2084 laborem-

141 2141 197 2206 que
219 2121 406 2206 corripiunt,
430 2132 460 2185 et
481 2121 757 2186 contumeliosarum
782 2144 886 2186 vooum
910 2122 1087 2207 impietatem
1111 2123 1237 2208 pariunt.
1317 2165 1321 2178 ι

227 2221 287 2289 Sed
313 2245 421 2288 vereor
445 2245 482 2287 ue
505 2224 572 2308 quis
595 2224 673 2288 illum
697 2225 790 2310 ipsum
816 2246 948 2290 errorem
975 2225 1004 2287 in
1029 2225 1155 2288 animum
1181 2225 1299 2290 indurat
1346 2238 1406 2307 cap.

141 2346 244 2405 suum,
278 2326 395 2410 aliaque
416 2327 530 2391 ratione
550 2327 690 2410 impulsus
708 2327 736 2390 in
756 2327 855 2413 seipso
879 2327 960 2391 velut
978 2348 1137 2391 conserere
1160 2337 1295 2407 conetur,
1332 2309 1415 2360 Μ·

141 2439 228 2513 atque
247 2427 278 2492 in
301 2429 376 2493 huno
396 2430 510 2493 modum
536 2430 706 2494 ratiocinari
727 2430 813 2493 velita
847 2427 924 2513 Quid
948 2441 994 2494 est
1017 2430 1093 2514 quod
1112 2431 1296 2514 evangelium

141 2541 259 2611 narrat,
291 2537 408 2595 Inventa
430 2545 474 2594 est
497 2538 526 2594 r'n
549 2545 629 2595 utero
649 2534 753 2594 habens
775 2537 810 2595 de
827 2538 931 2614 spiritu
947 2545 1045 2594 sarecto
1066 2537 1179 2607 Murro,
1212 2546 1291 2596 ante·
1326 2544 1413 2640 pingiu·

139 2657 222 2716 quam
248 2640 453 2697 conuenirent?
495 2633 668 2700 Utrumnam
697 2635 785 2718 igitur
808 2634 965 2699 conventio
989 2635 1037 2698 illa
1062 2655 1096 2698 ae
1118 2655 1296 2720 congressus
1349 2628 1356 2648 '
1393 2630 1399 2641 “

141 2736 370 2821 expectabatur,
406 2736 549 2822 ideaque,
582 2743 743 2818 Antequam
768 2743 963 2812 conuenirent,
997 2737 1093 2802 dixit?
1136 2734 1296 2801 Praeterea

140 2838 171 2903 iu
191 2840 293 2902 eodem
313 2839 468 2922 evaugelio
486 2839 543 2902 alio
560 2839 627 2903 loeo
649 2840 867 2924 scriptumest,
903 2843 1031 2923 [Iuventa
1049 2853 1093 2903 est
1107 2845 1136 2902 r'n
1151 2853 1231 2902 utero
1246 2844 1359 2906 ira-nne.
1373 2863 1429 2919 ur.

142 2941 208 3002 dene
232 2954 379 3022 numquam
402 2946 598 3016 converterent,
632 2942 697 3021 vel,
725 2947 766 3005 Et
783 2948 909 3024 peperit,
940 2957 968 3006 et
991 2967 1046 3006 non
1070 2947 1202 3024 eeguom’t
1223 2966 1294 3018 eom,
1401 3025 1404 3032 Ι

142 3043 229 3122 sive,
260 3047 373 3125 Peperit
385 3047 485 3124 filium
501 3067 582 3107 suurn
594 3051 830 3126 primogenitum,
865 3060 893 3109 et
907 3069 962 3108 non
980 3048 1166 3128 cognoscebat
1182 3051 1295 3128 φωνή,

141 3147 184 3209 Et
194 3167 250 3207 non
267 3152 400 3226 cognouit
411 3169 490 3222 eum,
523 3151 609 3210 donea
626 3154 738 3229 peperat
746 3151 845 3228 filriem
861 3172 942 3220 suum
957 3155 1186 3231 perungentem.
1234 3146 1295 3214 Sed
1303 3171 1386 3218 renem.
1397 3174 1451 3230 naa.

143 3258 174 3313 et
188 3246 259 3311 illud
274 3247 406 3312 homiues
423 3249 472 3313 isti
489 3272 547 3315 nou
566 3251 678 3330 vident,
703 3250 751 3335 qui
768 3272 802 3314 se
819 3272 855 3316 ea
871 3273 945 3336 quae
960 3252 989 3314 in
1001 3252 1154 3338 seripturis
1169 3262 1297 3316 tractan-

144 3361 192 3414 tnr
213 3350 349 3414 distinete
374 3351 576 3437 explicataque
599 3355 747 3417 disserere
764 3355 953 3444 profitentur,
987 3377 1021 3418 ae
1039 3354 1173 3419 sublimia
1189 3354 1238 3418 illa
1255 3355 1299 3418 al-

143 3453 315 3536 tissimaque
342 3453 480 3537 mysteria
506 3455 684 3538 perscrutari
705 3456 843 3536 student,
875 3457 950 3520 hano
973 3478 1041 3521 esse
1067 3457 1245 3521 narrationis
1264 3457 1299 3521 il-

142 3552 534 3638 liuslneiqueseoteutiam.
581 3553 615 3620 Si
634 3557 712 3620 enim
730 3553 830 3623 Maria
851 3560 947 3623 denuo
974 3561 1153 3647 peperisset,
1184 3572 1299 3623 eetero-

143 3676 207 3720 rum
227 3653 338 3720 Christi
356 3657 477 3719 fratrum
500 3669 586 3720 erant
607 3660 781 3742 proferenda
798 3661 928 3725 nomina.
975 3660 1063 3746 Quod
1079 3674 1175 3727 autem
1188 3667 1296 3744 primo-
1310 3691 1361 3736 σοι,
1374 3691 1394 3749 t,
1407 3693 1439 3737 ts

140 3764 256 3840 geneum
279 3770 428 3821 creaturae
448 3764 537 3821 omnm
565 3758 612 3822 ille
638 3760 741 3824 uniens
766 3762 943 3846 appellatur,
977 3777 1098 3829 nonest
1121 3767 1197 3850 qnod
1217 3789 1251 3831 ea
1270 3779 1298 3831 te

142 3881 193 3926 res
224 3862 386 3946 perturbet.
441 3860 511 3924 Non
544 3860 620 3924 enim
652 3860 744 3939 dixit,
780 3863 930 3949 peperisse
963 3866 1040 3929 illam
1073 3867 1297 3953 primogenitum

143 3985 246 4042 auum,
270 3963 322 4028 sed
341 3964 395 4027 lme
411 3964 524 4041 solum,
549 3967 613 4024 Non
631 3969 763 4043 cognovit
778 3987 849 4040 eom,
874 3972 961 4029 donee
971 3972 1186 4049 peperr'tfilr'um
1202 3995 1295 4038 auam.

143 4064 201 4132 Ubi
218 4089 275 4131 narr
293 4072 512 4147 promogenitum
529 4089 628 4141 suum,
665 4066 717 4129 sed
732 4072 950 4148 prrinogem'tum
969 4069 1111 4135 duntaxat
1128 4075 1296 4159 appellavit.

143 4165 222 4233 Nam
240 4171 294 4232 hoe
309 4169 374 4254 ipso
389 4170 465 4253 quod
483 4173 586 4231 Filium
600 4191 681 4231 suom
700 4168 790 4247 dixit,
816 4180 914 4234 natum
934 4170 1009 4235 hune
1027 4193 1066 4237 ex
1082 4175 1143 4252 illa,
1168 4178 1244 4262 quod
1263 4180 1298 4242 ad

145 4290 262 4335 earnem
281 4272 424 4356 pertinet,
457 4271 597 4336 ostendit.
644 4271 690 4335 Ad
707 4277 894 4352 primogeniti
907 4295 996 4359 porro
1014 4277 1206 4360 vocabulum,
1239 4303 1297 4345 non

178 4439 202 4492 3.
221 4438 319 4500 εἰςτὰς
336 4444 386 4493 eod.
403 4444 501 4506 tttedtp.
736 4447 836 4493 correxit
861 4445 980 4497 Petuntur.
1014 4449 1175 4502 Necessitatem
1199 4465 1245 4502 oon
1260 4456 1297 4502 ot-

180 4510 201 4560 t.
229 4509 337 4574 stupere
359 4511 409 4560 eod.
426 4513 472 4561 teo.
508 4511 530 4562 5.
548 4505 577 4564 eu’
595 4511 702 4564 τοιοῦτον
735 4512 788 4575 dea,
804 4526 858 4563 eum
872 4513 980 4567 τοιοῦτον
996 4517 1029 4567 aa
1042 4521 1160 4580 sequentia
1173 4523 1297 4582 perterreat.
