<?xml version="1.0" encoding="UTF-8"?>
<!DOCTYPE html PUBLIC "-//W3C//DTD XHTML 1.0 Transitional//EN"
    "http://www.w3.org/TR/xhtml1/DTD/xhtml1-transitional.dtd">
<html xmlns="http://www.w3.org/1999/xhtml" xml:lang="en" lang="en">
 <head>
  <title>
</title>
<meta http-equiv="Content-Type" content="text/html;charset=utf-8" />
  <meta name='ocr-system' content='tesseract 3.04.00' />
  <meta name='ocr-capabilities' content='ocr_page ocr_carea ocr_par ocr_line ocrx_word'/>
</head>
<body>
  <div class='ocr_page' id='page_1' title='image "./corporishaerese00unkngoog/corporishaerese00unkngoog_0568.png"; bbox 0 0 3096 5070; ppageno 0'>
   <div class='ocr_carea' id='block_1_1' title="bbox 602 290 1339 363">
    <p class='ocr_par' dir='ltr' id='par_1_1' title="bbox 602 290 1339 363">
     <span class='ocr_line' id='line_1_1' title="bbox 602 290 1339 363; baseline -0.008 0"><span class='ocrx_word' id='word_1_1' title='bbox 602 302 931 363; x_wconf 66' lang='lat' dir='ltr'>salmaniticensis.</span> <span class='ocrx_word' id='word_1_2' title='bbox 1280 290 1339 358; x_wconf 79' lang='lat' dir='ltr'>bbt</span> 
     </span>
    </p>
   </div>
   <div class='ocr_carea' id='block_1_2' title="bbox 122 416 1345 822">
    <p class='ocr_par' dir='ltr' id='par_1_2' title="bbox 122 416 1345 822">
     <span class='ocr_line' id='line_1_2' title="bbox 188 416 1344 511; baseline -0.014 -6"><span class='ocrx_word' id='word_1_3' title='bbox 188 457 191 460; x_wconf 74' lang='grc'>’</span> <span class='ocrx_word' id='word_1_4' title='bbox 271 434 443 504; x_wconf 74' lang='lat' dir='ltr'><strong>Nicolaitae</strong></span> <span class='ocrx_word' id='word_1_5' title='bbox 461 416 618 500; x_wconf 88' lang='lat' dir='ltr'>aNicnlao</span> <span class='ocrx_word' id='word_1_6' title='bbox 640 431 691 494; x_wconf 96' lang='lat' dir='ltr'>illo</span> <span class='ocrx_word' id='word_1_7' title='bbox 716 430 841 493; x_wconf 80' lang='lat' dir='ltr'>derivati</span> <span class='ocrx_word' id='word_1_8' title='bbox 864 439 933 492; x_wconf 87' lang='lat' dir='ltr'>sunt</span> <span class='ocrx_word' id='word_1_9' title='bbox 959 427 1005 491; x_wconf 93' lang='lat' dir='ltr'>cui</span> <span class='ocrx_word' id='word_1_10' title='bbox 1030 427 1066 490; x_wconf 88' lang='lat' dir='ltr'>ab</span> <span class='ocrx_word' id='word_1_11' title='bbox 1084 425 1224 511; x_wconf 88' lang='lat' dir='ltr'>apostolis</span> <span class='ocrx_word' id='word_1_12' title='bbox 1242 426 1344 489; x_wconf 84' lang='lat' dir='ltr'>vidua·</span> 
     </span>
     <span class='ocr_line' id='line_1_3' title="bbox 188 529 1342 617; baseline -0.013 -10"><span class='ocrx_word' id='word_1_13' title='bbox 188 565 252 608; x_wconf 93' lang='lat' dir='ltr'>rum</span> <span class='ocrx_word' id='word_1_14' title='bbox 279 563 350 606; x_wconf 91' lang='lat' dir='ltr'>cura</span> <span class='ocrx_word' id='word_1_15' title='bbox 376 539 533 604; x_wconf 91' lang='lat' dir='ltr'>commissa</span> <span class='ocrx_word' id='word_1_16' title='bbox 559 537 664 597; x_wconf 86' lang='lat' dir='ltr'>luerat.</span> <span class='ocrx_word' id='word_1_17' title='bbox 722 532 778 596; x_wconf 87' lang='lat' dir='ltr'>llic</span> <span class='ocrx_word' id='word_1_18' title='bbox 806 531 954 617; x_wconf 80' lang='lat' dir='ltr'>zelotypia</span> <span class='ocrx_word' id='word_1_19' title='bbox 981 529 1018 592; x_wconf 94' lang='lat' dir='ltr'>oh</span> <span class='ocrx_word' id='word_1_20' title='bbox 1042 550 1167 592; x_wconf 84' lang='lat' dir='ltr'>uxorem</span> <span class='ocrx_word' id='word_1_21' title='bbox 1190 539 1342 606; x_wconf 87' lang='lat' dir='ltr'>aestuans,</span> 
     </span>
     <span class='ocr_line' id='line_1_4' title="bbox 122 624 1345 729; baseline -0.013 -20"><span class='ocrx_word' id='word_1_22' title='bbox 122 668 128 679; x_wconf 64' lang='lat'><strong><em>³</em></strong></span> <span class='ocrx_word' id='word_1_23' title='bbox 188 654 252 708; x_wconf 89' lang='lat' dir='ltr'>cnm</span> <span class='ocrx_word' id='word_1_24' title='bbox 266 645 332 707; x_wconf 87' lang='lat' dir='ltr'>aliis</span> <span class='ocrx_word' id='word_1_25' title='bbox 347 650 566 729; x_wconf 89' lang='lat' dir='ltr'>praeposteram</span> <span class='ocrx_word' id='word_1_26' title='bbox 582 636 729 700; x_wconf 79' lang='lat' dir='ltr'>libidinem</span> <span class='ocrx_word' id='word_1_27' title='bbox 745 653 890 699; x_wconf 84' lang='lat' dir='ltr'>exercere</span> <span class='ocrx_word' id='word_1_28' title='bbox 904 624 975 696; x_wconf 87' lang='lat' dir='ltr'>suns</span> <span class='ocrx_word' id='word_1_29' title='bbox 990 632 1099 695; x_wconf 86' lang='lat' dir='ltr'>docuit.</span> <span class='ocrx_word' id='word_1_30' title='bbox 1146 628 1206 695; x_wconf 82' lang='lat' dir='ltr'>Sed</span> <span class='ocrx_word' id='word_1_31' title='bbox 1221 641 1251 695; x_wconf 91' lang='lat' dir='ltr'>et</span> <span class='ocrx_word' id='word_1_32' title='bbox 1265 627 1345 694; x_wconf 86' lang='lat' dir='ltr'>Cau-</span> 
     </span>
     <span class='ocr_line' id='line_1_5' title="bbox 188 732 1343 822; baseline -0.014 -10"><span class='ocrx_word' id='word_1_33' title='bbox 188 747 289 813; x_wconf 90' lang='lat' dir='ltr'>lacach</span> <span class='ocrx_word' id='word_1_34' title='bbox 306 757 337 809; x_wconf 91' lang='lat' dir='ltr'>ct</span> <span class='ocrx_word' id='word_1_35' title='bbox 353 743 528 819; x_wconf 87' lang='lat' dir='ltr'>Prunlcum,</span> <span class='ocrx_word' id='word_1_36' title='bbox 554 738 657 803; x_wconf 84' lang='lat' dir='ltr'>etalio</span> <span class='ocrx_word' id='word_1_37' title='bbox 675 739 824 802; x_wconf 84' lang='lat' dir='ltr'>nominum</span> <span class='ocrx_word' id='word_1_38' title='bbox 840 747 991 822; x_wconf 89' lang='lat' dir='ltr'>portenta,</span> <span class='ocrx_word' id='word_1_39' title='bbox 1016 735 1046 796; x_wconf 87' lang='lat' dir='ltr'>in</span> <span class='ocrx_word' id='word_1_40' title='bbox 1064 735 1201 798; x_wconf 87' lang='lat' dir='ltr'>mnndum</span> <span class='ocrx_word' id='word_1_41' title='bbox 1216 732 1343 798; x_wconf 77' lang='lat' dir='ltr'>invexit.</span> 
     </span>
    </p>
   </div>
   <div class='ocr_carea' id='block_1_3' title="bbox 189 939 1345 1442">
    <p class='ocr_par' dir='ltr' id='par_1_3' title="bbox 189 939 1345 1442">
     <span class='ocr_line' id='line_1_6' title="bbox 276 939 1345 1027; baseline -0.01 -13"><span class='ocrx_word' id='word_1_42' title='bbox 276 950 389 1014; x_wconf 86' lang='lat' dir='ltr'>Harum</span> <span class='ocrx_word' id='word_1_43' title='bbox 403 945 539 1011; x_wconf 86' lang='lat' dir='ltr'>Gnostici</span> <span class='ocrx_word' id='word_1_44' title='bbox 557 963 748 1010; x_wconf 87' lang='lat' dir='ltr'>successores</span> <span class='ocrx_word' id='word_1_45' title='bbox 765 943 918 1005; x_wconf 75' lang='lat' dir='ltr'>haeresum</span> <span class='ocrx_word' id='word_1_46' title='bbox 936 942 1024 1024; x_wconf 85' lang='lat' dir='ltr'>longe</span> <span class='ocrx_word' id='word_1_47' title='bbox 1038 960 1141 1004; x_wconf 86' lang='lat' dir='ltr'>ornnes</span> <span class='ocrx_word' id='word_1_48' title='bbox 1157 939 1345 1027; x_wconf 74' lang='lat' dir='ltr'>turpitudinis</span> 
     </span>
     <span class='ocr_line' id='line_1_7' title="bbox 189 1039 1345 1138; baseline -0.012 -20"><span class='ocrx_word' id='word_1_49' title='bbox 189 1065 276 1138; x_wconf 89' lang='lat' dir='ltr'>atque</span> <span class='ocrx_word' id='word_1_50' title='bbox 293 1050 497 1115; x_wconf 81' lang='lat' dir='ltr'>exsecrandae</span> <span class='ocrx_word' id='word_1_51' title='bbox 513 1046 661 1111; x_wconf 69' lang='lat' dir='ltr'>foeditatis</span> <span class='ocrx_word' id='word_1_52' title='bbox 677 1045 1001 1130; x_wconf 70' lang='lat' dir='ltr'>vesania‘snperarnnt.</span> <span class='ocrx_word' id='word_1_53' title='bbox 1047 1039 1193 1107; x_wconf 76' lang='lat' dir='ltr'>Militares</span> <span class='ocrx_word' id='word_1_54' title='bbox 1209 1062 1298 1127; x_wconf 89' lang='lat' dir='ltr'>porro</span> <span class='ocrx_word' id='word_1_55' title='bbox 1313 1043 1345 1104; x_wconf 94' lang='lat' dir='ltr'>in</span> 
     </span>
     <span class='ocr_line' id='line_1_8' title="bbox 189 1138 1345 1243; baseline -0.009 -25"><span class='ocrx_word' id='word_1_56' title='bbox 189 1155 328 1243; x_wconf 76' lang='lat' dir='ltr'>Aegypto</span> <span class='ocrx_word' id='word_1_57' title='bbox 353 1138 489 1215; x_wconf 91' lang='lat' dir='ltr'>dicuntur</span> <span class='ocrx_word' id='word_1_58' title='bbox 514 1161 544 1213; x_wconf 88' lang='lat' dir='ltr'>et</span> <span class='ocrx_word' id='word_1_59' title='bbox 563 1147 764 1227; x_wconf 86' lang='lat' dir='ltr'>Phihinnitae,</span> <span class='ocrx_word' id='word_1_60' title='bbox 800 1149 830 1211; x_wconf 92' lang='lat' dir='ltr'>in</span> <span class='ocrx_word' id='word_1_61' title='bbox 854 1148 1006 1233; x_wconf 84' lang='lat' dir='ltr'>superiore</span> <span class='ocrx_word' id='word_1_62' title='bbox 1030 1156 1126 1241; x_wconf 87' lang='lat' dir='ltr'>tractu</span> <span class='ocrx_word' id='word_1_63' title='bbox 1150 1143 1345 1225; x_wconf 86' lang='lat' dir='ltr'>Secundiani,</span> 
     </span>
     <span class='ocr_line' id='line_1_9' title="bbox 189 1244 1344 1334; baseline -0.009 -15"><span class='ocrx_word' id='word_1_64' title='bbox 189 1257 257 1319; x_wconf 87' lang='lat' dir='ltr'>alibi</span> <span class='ocrx_word' id='word_1_65' title='bbox 280 1252 465 1330; x_wconf 77' lang='lat' dir='ltr'>socratitas,</span> <span class='ocrx_word' id='word_1_66' title='bbox 490 1253 526 1315; x_wconf 90' lang='lat' dir='ltr'>ab</span> <span class='ocrx_word' id='word_1_67' title='bbox 547 1253 612 1316; x_wconf 85' lang='lat' dir='ltr'>odiis</span> <span class='ocrx_word' id='word_1_68' title='bbox 626 1249 789 1317; x_wconf 74' lang='lat' dir='ltr'>‘Zacchaei</span> <span class='ocrx_word' id='word_1_69' title='bbox 835 1247 912 1314; x_wconf 87' lang='lat' dir='ltr'>Sunt</span> <span class='ocrx_word' id='word_1_70' title='bbox 928 1250 975 1334; x_wconf 87' lang='lat' dir='ltr'>qui</span> <span class='ocrx_word' id='word_1_71' title='bbox 993 1271 1047 1313; x_wconf 92' lang='lat' dir='ltr'>eos</span> <span class='ocrx_word' id='word_1_72' title='bbox 1065 1244 1344 1313; x_wconf 83' lang='lat' dir='ltr'>Cnddianosnomi-</span> 
     </span>
     <span class='ocr_line' id='line_1_10' title="bbox 190 1354 1004 1442; baseline -0.007 -21"><span class='ocrx_word' id='word_1_73' title='bbox 190 1369 278 1437; x_wconf 91' lang='lat' dir='ltr'>nent,</span> <span class='ocrx_word' id='word_1_74' title='bbox 304 1357 419 1442; x_wconf 89' lang='lat' dir='ltr'>quidam</span> <span class='ocrx_word' id='word_1_75' title='bbox 443 1355 642 1438; x_wconf 79' lang='grc' dir='ltr'><strong><em>Βορβορίτας,</em></strong></span> <span class='ocrx_word' id='word_1_76' title='bbox 665 1355 729 1417; x_wconf 82' lang='lat' dir='ltr'>sire</span> <span class='ocrx_word' id='word_1_77' title='bbox 753 1354 924 1418; x_wconf 88' lang='lat' dir='ltr'>lutulentos.</span> <span class='ocrx_word' id='word_1_78' title='bbox 1001 1371 1004 1375; x_wconf 77' lang='lat'><strong>·</strong></span> 
     </span>
    </p>
   </div>
   <div class='ocr_carea' id='block_1_4' title="bbox 123 1556 1349 4409">
    <p class='ocr_par' dir='ltr' id='par_1_4' title="bbox 190 1556 1349 2871">
     <span class='ocr_line' id='line_1_11' title="bbox 251 1556 1345 1647; baseline -0.005 -22"><span class='ocrx_word' id='word_1_79' title='bbox 251 1590 254 1594; x_wconf 42' lang='lat'>¹</span> <span class='ocrx_word' id='word_1_80' title='bbox 275 1558 498 1647; x_wconf 89' lang='lat' dir='ltr'>Carpocratiani</span> <span class='ocrx_word' id='word_1_81' title='bbox 513 1581 530 1622; x_wconf 92' lang='lat' dir='ltr'>a</span> <span class='ocrx_word' id='word_1_82' title='bbox 547 1557 730 1644; x_wconf 77' lang='lat' dir='ltr'>carpocrate</span> <span class='ocrx_word' id='word_1_83' title='bbox 746 1559 870 1643; x_wconf 89' lang='lat' dir='ltr'>quodam</span> <span class='ocrx_word' id='word_1_84' title='bbox 887 1558 1019 1622; x_wconf 80' lang='lat' dir='ltr'>Asiatico</span> <span class='ocrx_word' id='word_1_85' title='bbox 1034 1558 1120 1637; x_wconf 90' lang='lat' dir='ltr'>dicti,</span> <span class='ocrx_word' id='word_1_86' title='bbox 1145 1556 1192 1641; x_wconf 88' lang='lat' dir='ltr'>qui</span> <span class='ocrx_word' id='word_1_87' title='bbox 1208 1556 1243 1619; x_wconf 93' lang='lat' dir='ltr'>ad</span> <span class='ocrx_word' id='word_1_88' title='bbox 1259 1576 1345 1619; x_wconf 89' lang='lat' dir='ltr'>omne</span> 
     </span>
     <span class='ocr_line' id='line_1_12' title="bbox 192 1652 1346 1750; baseline -0.006 -22"><span class='ocrx_word' id='word_1_89' title='bbox 192 1664 399 1750; x_wconf 90' lang='lat' dir='ltr'>turpitudinum</span> <span class='ocrx_word' id='word_1_90' title='bbox 426 1683 460 1727; x_wconf 91' lang='lat' dir='ltr'>ac</span> <span class='ocrx_word' id='word_1_91' title='bbox 481 1662 657 1745; x_wconf 83' lang='lat' dir='ltr'>flagitiorum</span> <span class='ocrx_word' id='word_1_92' title='bbox 683 1682 778 1744; x_wconf 83' lang='lat' dir='ltr'>genus</span> <span class='ocrx_word' id='word_1_93' title='bbox 802 1661 960 1745; x_wconf 86' lang='lat' dir='ltr'>discipulos</span> <span class='ocrx_word' id='word_1_94' title='bbox 980 1660 1169 1724; x_wconf 76' lang='lat' dir='ltr'>informabat.</span> <span class='ocrx_word' id='word_1_95' title='bbox 1216 1652 1302 1743; x_wconf 82' lang='lat' dir='ltr'>Quod</span> <span class='ocrx_word' id='word_1_96' title='bbox 1320 1658 1346 1721; x_wconf 90' lang='lat' dir='ltr'>si</span> 
     </span>
     <span class='ocr_line' id='line_1_13' title="bbox 191 1753 1347 1851; baseline -0.005 -22"><span class='ocrx_word' id='word_1_97' title='bbox 191 1768 274 1851; x_wconf 89' lang='lat' dir='ltr'>quis,</span> <span class='ocrx_word' id='word_1_98' title='bbox 300 1766 415 1843; x_wconf 86' lang='lat' dir='ltr'>aicbat,</span> <span class='ocrx_word' id='word_1_99' title='bbox 450 1762 508 1827; x_wconf 87' lang='lat' dir='ltr'>non</span> <span class='ocrx_word' id='word_1_100' title='bbox 526 1764 622 1827; x_wconf 90' lang='lat' dir='ltr'>omnia</span> <span class='ocrx_word' id='word_1_101' title='bbox 642 1763 840 1849; x_wconf 88' lang='lat' dir='ltr'>percurrerit,</span> <span class='ocrx_word' id='word_1_102' title='bbox 873 1782 966 1845; x_wconf 88' lang='lat' dir='ltr'>neque</span> <span class='ocrx_word' id='word_1_103' title='bbox 988 1753 1161 1826; x_wconf 85' lang='lat' dir='ltr'>daemonnm</span> <span class='ocrx_word' id='word_1_104' title='bbox 1180 1774 1210 1825; x_wconf 91' lang='lat' dir='ltr'>ct</span> <span class='ocrx_word' id='word_1_105' title='bbox 1228 1760 1347 1845; x_wconf 82' lang='lat' dir='ltr'>angelo·</span> 
     </span>
     <span class='ocr_line' id='line_1_14' title="bbox 191 1854 1347 1949; baseline -0.005 -18"><span class='ocrx_word' id='word_1_106' title='bbox 191 1890 257 1932; x_wconf 90' lang='lat' dir='ltr'>rum</span> <span class='ocrx_word' id='word_1_107' title='bbox 274 1869 407 1931; x_wconf 88' lang='lat' dir='ltr'>omnium</span> <span class='ocrx_word' id='word_1_108' title='bbox 426 1867 569 1929; x_wconf 88' lang='lat' dir='ltr'>voluntati</span> <span class='ocrx_word' id='word_1_109' title='bbox 589 1854 785 1942; x_wconf 75' lang='lat' dir='ltr'>satisfecerit,</span> <span class='ocrx_word' id='word_1_110' title='bbox 816 1884 983 1949; x_wconf 88' lang='lat' dir='ltr'>supremum</span> <span class='ocrx_word' id='word_1_111' title='bbox 1004 1864 1034 1926; x_wconf 92' lang='lat' dir='ltr'>in</span> <span class='ocrx_word' id='word_1_112' title='bbox 1051 1865 1274 1928; x_wconf 81' lang='lat' dir='ltr'>coelumenelri</span> <span class='ocrx_word' id='word_1_113' title='bbox 1292 1863 1347 1926; x_wconf 91' lang='lat' dir='ltr'>mi-</span> 
     </span>
     <span class='ocr_line' id='line_1_15' title="bbox 191 1967 1346 2054; baseline -0.003 -22"><span class='ocrx_word' id='word_1_114' title='bbox 191 1971 268 2033; x_wconf 87' lang='lat' dir='ltr'>nime</span> <span class='ocrx_word' id='word_1_115' title='bbox 288 1981 402 2054; x_wconf 88' lang='lat' dir='ltr'>potest,</span> <span class='ocrx_word' id='word_1_116' title='bbox 424 1989 529 2052; x_wconf 87' lang='lat' dir='ltr'>neque</span> <span class='ocrx_word' id='word_1_117' title='bbox 548 1968 728 2052; x_wconf 83' lang='lat' dir='ltr'>principatus</span> <span class='ocrx_word' id='word_1_118' title='bbox 747 1977 966 2052; x_wconf 84' lang='lat' dir='ltr'>potestatesque</span> <span class='ocrx_word' id='word_1_119' title='bbox 985 1967 1206 2030; x_wconf 86' lang='lat' dir='ltr'>transcendere.</span> <span class='ocrx_word' id='word_1_120' title='bbox 1251 1967 1346 2030; x_wconf 78' lang='lat' dir='ltr'>Asse-</span> 
     </span>
     <span class='ocr_line' id='line_1_16' title="bbox 190 2064 1347 2160; baseline -0.002 -26"><span class='ocrx_word' id='word_1_121' title='bbox 190 2071 274 2134; x_wconf 89' lang='lat' dir='ltr'>rebat</span> <span class='ocrx_word' id='word_1_122' title='bbox 290 2072 365 2134; x_wconf 88' lang='lat' dir='ltr'>idem</span> <span class='ocrx_word' id='word_1_123' title='bbox 382 2068 478 2135; x_wconf 89' lang='lat' dir='ltr'>lesum</span> <span class='ocrx_word' id='word_1_124' title='bbox 496 2081 593 2134; x_wconf 89' lang='lat' dir='ltr'>mente</span> <span class='ocrx_word' id='word_1_125' title='bbox 608 2071 767 2160; x_wconf 22' lang='lat' dir='ltr'>praedi-tam</span> <span class='ocrx_word' id='word_1_126' title='bbox 785 2070 910 2132; x_wconf 87' lang='lat' dir='ltr'>animam</span> <span class='ocrx_word' id='word_1_127' title='bbox 927 2064 1111 2154; x_wconf 83' lang='lat' dir='ltr'>sumpsisse,</span> <span class='ocrx_word' id='word_1_128' title='bbox 1129 2070 1159 2132; x_wconf 83' lang='lat' dir='ltr'>et</span> <span class='ocrx_word' id='word_1_129' title='bbox 1175 2069 1347 2132; x_wconf 88' lang='lat' dir='ltr'>coelestium</span> 
     </span>
     <span class='ocr_line' id='line_1_17' title="bbox 191 2171 1347 2258; baseline -0.003 -21"><span class='ocrx_word' id='word_1_130' title='bbox 191 2195 225 2237; x_wconf 88' lang='lat' dir='ltr'>ac</span> <span class='ocrx_word' id='word_1_131' title='bbox 243 2185 427 2238; x_wconf 89' lang='lat' dir='ltr'>terrenorum</span> <span class='ocrx_word' id='word_1_132' title='bbox 452 2172 620 2255; x_wconf 76' lang='lat' dir='ltr'>cognitione</span> <span class='ocrx_word' id='word_1_133' title='bbox 649 2173 809 2258; x_wconf 87' lang='lat' dir='ltr'>praeditum</span> <span class='ocrx_word' id='word_1_134' title='bbox 830 2171 994 2235; x_wconf 88' lang='lat' dir='ltr'>hominihus</span> <span class='ocrx_word' id='word_1_135' title='bbox 1017 2184 1052 2234; x_wconf 86' lang='lat' dir='ltr'>en</span> <span class='ocrx_word' id='word_1_136' title='bbox 1070 2171 1238 2250; x_wconf 89' lang='lat' dir='ltr'>nuntiasse,</span> <span class='ocrx_word' id='word_1_137' title='bbox 1271 2172 1347 2235; x_wconf 88' lang='lat' dir='ltr'>acsi</span> 
     </span>
     <span class='ocr_line' id='line_1_18' title="bbox 191 2273 1344 2360; baseline -0.002 -20"><span class='ocrx_word' id='word_1_138' title='bbox 191 2278 256 2360; x_wconf 87' lang='lat' dir='ltr'>quis</span> <span class='ocrx_word' id='word_1_139' title='bbox 272 2277 374 2340; x_wconf 89' lang='lat' dir='ltr'>eadem</span> <span class='ocrx_word' id='word_1_140' title='bbox 393 2296 467 2360; x_wconf 87' lang='lat' dir='ltr'>qnae</span> <span class='ocrx_word' id='word_1_141' title='bbox 484 2273 567 2337; x_wconf 88' lang='lat' dir='ltr'>lesus</span> <span class='ocrx_word' id='word_1_142' title='bbox 583 2275 651 2337; x_wconf 95' lang='lat' dir='ltr'>olim</span> <span class='ocrx_word' id='word_1_143' title='bbox 671 2286 836 2360; x_wconf 88' lang='lat' dir='ltr'>perpetret,</span> <span class='ocrx_word' id='word_1_144' title='bbox 868 2274 943 2337; x_wconf 91' lang='lat' dir='ltr'>baud</span> <span class='ocrx_word' id='word_1_145' title='bbox 962 2295 997 2337; x_wconf 90' lang='lat' dir='ltr'>eo</span> <span class='ocrx_word' id='word_1_146' title='bbox 1017 2274 1187 2337; x_wconf 82' lang='lat' dir='ltr'>interiorem</span> <span class='ocrx_word' id='word_1_147' title='bbox 1205 2275 1344 2338; x_wconf 83' lang='lat' dir='ltr'>interum.</span> 
     </span>
     <span class='ocr_line' id='line_1_19' title="bbox 191 2371 1348 2462; baseline -0.003 -20"><span class='ocrx_word' id='word_1_148' title='bbox 191 2377 318 2443; x_wconf 81' lang='lat' dir='ltr'>Domum</span> <span class='ocrx_word' id='word_1_149' title='bbox 340 2379 433 2462; x_wconf 84' lang='lat' dir='ltr'>legem</span> <span class='ocrx_word' id='word_1_150' title='bbox 451 2398 509 2440; x_wconf 88' lang='lat' dir='ltr'>nnn</span> <span class='ocrx_word' id='word_1_151' title='bbox 527 2398 592 2440; x_wconf 91' lang='lat' dir='ltr'>cum</span> <span class='ocrx_word' id='word_1_152' title='bbox 609 2371 789 2441; x_wconf 88' lang='lat' dir='ltr'>mortuorum</span> <span class='ocrx_word' id='word_1_153' title='bbox 805 2377 1028 2440; x_wconf 81' lang='lat' dir='ltr'>resurrectione</span> <span class='ocrx_word' id='word_1_154' title='bbox 1043 2376 1215 2456; x_wconf 90' lang='lat' dir='ltr'>damnabat,</span> <span class='ocrx_word' id='word_1_155' title='bbox 1247 2398 1348 2461; x_wconf 92' lang='lat' dir='ltr'>qnem-</span> 
     </span>
     <span class='ocr_line' id='line_1_20' title="bbox 192 2477 1346 2564; baseline -0.002 -20"><span class='ocrx_word' id='word_1_156' title='bbox 192 2482 345 2545; x_wconf 89' lang='lat' dir='ltr'>admndnm</span> <span class='ocrx_word' id='word_1_157' title='bbox 362 2493 392 2544; x_wconf 91' lang='lat' dir='ltr'>et</span> <span class='ocrx_word' id='word_1_158' title='bbox 409 2477 585 2558; x_wconf 90' lang='lat' dir='ltr'>Simoniani,</span> <span class='ocrx_word' id='word_1_159' title='bbox 610 2480 759 2563; x_wconf 87' lang='lat' dir='ltr'>ceterique</span> <span class='ocrx_word' id='word_1_160' title='bbox 778 2501 899 2557; x_wconf 89' lang='lat' dir='ltr'>omnes,</span> <span class='ocrx_word' id='word_1_161' title='bbox 922 2500 996 2563; x_wconf 90' lang='lat' dir='ltr'>quos</span> <span class='ocrx_word' id='word_1_162' title='bbox 1013 2480 1163 2564; x_wconf 82' lang='lat' dir='ltr'>hucusque</span> <span class='ocrx_word' id='word_1_163' title='bbox 1178 2479 1346 2563; x_wconf 88' lang='lat' dir='ltr'>percensui.</span> 
     </span>
     <span class='ocr_line' id='line_1_21' title="bbox 193 2578 1349 2666; baseline -0.002 -20"><span class='ocrx_word' id='word_1_164' title='bbox 193 2581 242 2646; x_wconf 85' lang='lat' dir='ltr'>Ex</span> <span class='ocrx_word' id='word_1_165' title='bbox 264 2585 348 2646; x_wconf 90' lang='lat' dir='ltr'>huius</span> <span class='ocrx_word' id='word_1_166' title='bbox 368 2603 459 2666; x_wconf 78' lang='lat' dir='ltr'>grege</span> <span class='ocrx_word' id='word_1_167' title='bbox 476 2580 650 2645; x_wconf 83' lang='lat' dir='ltr'>Marcelline</span> <span class='ocrx_word' id='word_1_168' title='bbox 667 2582 715 2644; x_wconf 87' lang='lat' dir='ltr'>illa</span> <span class='ocrx_word' id='word_1_169' title='bbox 733 2580 848 2646; x_wconf 83' lang='lat' dir='ltr'>Romae</span> <span class='ocrx_word' id='word_1_170' title='bbox 865 2583 929 2645; x_wconf 86' lang='lat' dir='ltr'>init.</span> <span class='ocrx_word' id='word_1_171' title='bbox 977 2583 1167 2666; x_wconf 71' lang='lat' dir='ltr'>Atque&#39;idem</span> <span class='ocrx_word' id='word_1_172' title='bbox 1187 2578 1255 2644; x_wconf 87' lang='lat' dir='ltr'>lesu</span> <span class='ocrx_word' id='word_1_173' title='bbox 1270 2578 1349 2644; x_wconf 89' lang='lat' dir='ltr'>Pan·</span> 
     </span>
     <span class='ocr_line' id='line_1_22' title="bbox 192 2681 1348 2769; baseline -0.002 -21"><span class='ocrx_word' id='word_1_174' title='bbox 192 2685 288 2768; x_wconf 87' lang='lat' dir='ltr'>lique,</span> <span class='ocrx_word' id='word_1_175' title='bbox 313 2706 439 2747; x_wconf 90' lang='lat' dir='ltr'>necnon</span> <span class='ocrx_word' id='word_1_176' title='bbox 459 2696 488 2747; x_wconf 89' lang='lat' dir='ltr'>et</span> <span class='ocrx_word' id='word_1_177' title='bbox 504 2683 625 2747; x_wconf 86' lang='lat' dir='ltr'>Homeri</span> <span class='ocrx_word' id='word_1_178' title='bbox 642 2705 676 2746; x_wconf 92' lang='lat' dir='ltr'>ac</span> <span class='ocrx_word' id='word_1_179' title='bbox 693 2681 882 2769; x_wconf 83' lang='lat' dir='ltr'>Pythagorae</span> <span class='ocrx_word' id='word_1_180' title='bbox 898 2685 1060 2748; x_wconf 89' lang='lat' dir='ltr'>clanculum</span> <span class='ocrx_word' id='word_1_181' title='bbox 1076 2683 1218 2768; x_wconf 80' lang='lat' dir='ltr'>imagines</span> <span class='ocrx_word' id='word_1_182' title='bbox 1234 2684 1348 2767; x_wconf 79' lang='lat' dir='ltr'>lingens</span> 
     </span>
     <span class='ocr_line' id='line_1_23' title="bbox 193 2786 927 2871; baseline 0.001 -22"><span class='ocrx_word' id='word_1_183' title='bbox 193 2788 334 2849; x_wconf 88' lang='lat' dir='ltr'>suffitibus</span> <span class='ocrx_word' id='word_1_184' title='bbox 357 2806 407 2849; x_wconf 86' lang='lat' dir='ltr'>eas</span> <span class='ocrx_word' id='word_1_185' title='bbox 431 2796 461 2848; x_wconf 93' lang='lat' dir='ltr'>et</span> <span class='ocrx_word' id='word_1_186' title='bbox 482 2786 652 2850; x_wconf 90' lang='lat' dir='ltr'>adoratione</span> <span class='ocrx_word' id='word_1_187' title='bbox 676 2799 848 2871; x_wconf 89' lang='lat' dir='ltr'>prosecutus</span> <span class='ocrx_word' id='word_1_188' title='bbox 870 2799 927 2851; x_wconf 88' lang='lat' dir='ltr'>est.</span> 
     </span>
    </p>

    <p class='ocr_par' dir='ltr' id='par_1_5' title="bbox 194 2883 1348 3278">
     <span class='ocr_line' id='line_1_24' title="bbox 279 2883 1348 2969; baseline -0.002 -18"><span class='ocrx_word' id='word_1_189' title='bbox 279 2885 482 2964; x_wconf 91' lang='lat' dir='ltr'>Cerinthiani,</span> <span class='ocrx_word' id='word_1_190' title='bbox 507 2888 570 2952; x_wconf 87' lang='lat' dir='ltr'>sive</span> <span class='ocrx_word' id='word_1_191' title='bbox 588 2886 800 2969; x_wconf 86' lang='lat' dir='ltr'>Meriothiani,</span> <span class='ocrx_word' id='word_1_192' title='bbox 833 2911 849 2952; x_wconf 90' lang='lat' dir='ltr'>a</span> <span class='ocrx_word' id='word_1_193' title='bbox 870 2887 1015 2954; x_wconf 86' lang='lat' dir='ltr'>Cerintho</span> <span class='ocrx_word' id='word_1_194' title='bbox 1032 2889 1080 2954; x_wconf 85' lang='lat' dir='ltr'>rel</span> <span class='ocrx_word' id='word_1_195' title='bbox 1096 2886 1265 2966; x_wconf 88' lang='lat' dir='ltr'>Merintbo,</span> <span class='ocrx_word' id='word_1_196' title='bbox 1296 2883 1348 2950; x_wconf 76' lang='lat' dir='ltr'>&#39;ln-</span> 
     </span>
     <span class='ocr_line' id='line_1_25' title="bbox 194 2983 1348 3076; baseline 0.001 -24"><span class='ocrx_word' id='word_1_197' title='bbox 194 2988 268 3052; x_wconf 90' lang='lat' dir='ltr'>daici</span> <span class='ocrx_word' id='word_1_198' title='bbox 282 2990 400 3073; x_wconf 77' lang='lat' dir='ltr'>generis</span> <span class='ocrx_word' id='word_1_199' title='bbox 417 2989 601 3069; x_wconf 85' lang='lat' dir='ltr'>extiterunt,</span> <span class='ocrx_word' id='word_1_200' title='bbox 618 2990 667 3074; x_wconf 86' lang='lat' dir='ltr'>qni</span> <span class='ocrx_word' id='word_1_201' title='bbox 684 2983 937 3055; x_wconf 82' lang='lat' dir='ltr'>circumcisionem</span> <span class='ocrx_word' id='word_1_202' title='bbox 954 3012 1024 3076; x_wconf 90' lang='lat' dir='ltr'>prae</span> <span class='ocrx_word' id='word_1_203' title='bbox 1039 3012 1072 3055; x_wconf 91' lang='lat' dir='ltr'>se</span> <span class='ocrx_word' id='word_1_204' title='bbox 1090 2990 1233 3055; x_wconf 86' lang='lat' dir='ltr'>terebant.</span> <span class='ocrx_word' id='word_1_205' title='bbox 1258 2988 1348 3053; x_wconf 89' lang='lat' dir='ltr'>Mnu-</span> 
     </span>
     <span class='ocr_line' id='line_1_26' title="bbox 194 3090 1348 3179; baseline 0.001 -23"><span class='ocrx_word' id='word_1_206' title='bbox 194 3095 261 3157; x_wconf 91' lang='lat' dir='ltr'>dum</span> <span class='ocrx_word' id='word_1_207' title='bbox 284 3092 319 3156; x_wconf 92' lang='lat' dir='ltr'>ah</span> <span class='ocrx_word' id='word_1_208' title='bbox 336 3091 449 3176; x_wconf 87' lang='lat' dir='ltr'>angelis</span> <span class='ocrx_word' id='word_1_209' title='bbox 469 3091 661 3170; x_wconf 80' lang='lat' dir='ltr'>fabricatum,</span> <span class='ocrx_word' id='word_1_210' title='bbox 694 3090 791 3157; x_wconf 91' lang='lat' dir='ltr'>lesum</span> <span class='ocrx_word' id='word_1_211' title='bbox 810 3094 845 3157; x_wconf 90' lang='lat' dir='ltr'>ad</span> <span class='ocrx_word' id='word_1_212' title='bbox 865 3092 975 3158; x_wconf 88' lang='lat' dir='ltr'>Christi</span> <span class='ocrx_word' id='word_1_213' title='bbox 995 3093 1164 3178; x_wconf 79' lang='lat' dir='ltr'>dignitatem</span> <span class='ocrx_word' id='word_1_214' title='bbox 1188 3114 1240 3179; x_wconf 92' lang='lat' dir='ltr'>per</span> <span class='ocrx_word' id='word_1_215' title='bbox 1255 3092 1348 3157; x_wconf 87' lang='lat' dir='ltr'>virtu·</span> 
     </span>
     <span class='ocr_line' id='line_1_27' title="bbox 195 3194 1079 3278; baseline 0 -19"><span class='ocrx_word' id='word_1_216' title='bbox 195 3207 253 3260; x_wconf 91' lang='lat' dir='ltr'>tum</span> <span class='ocrx_word' id='word_1_217' title='bbox 276 3194 458 3257; x_wconf 88' lang='lat' dir='ltr'>incrementa</span> <span class='ocrx_word' id='word_1_218' title='bbox 481 3194 653 3278; x_wconf 88' lang='lat' dir='ltr'>pervenisse</span> <span class='ocrx_word' id='word_1_219' title='bbox 676 3196 827 3260; x_wconf 81' lang='lat' dir='ltr'>dixerunt.</span> <span class='ocrx_word' id='word_1_220' title='bbox 1078 3195 1079 3199; x_wconf 68' lang='grc'>’</span> 
     </span>
    </p>

    <p class='ocr_par' dir='ltr' id='par_1_6' title="bbox 277 3294 1347 3386">
     <span class='ocr_line' id='line_1_28' title="bbox 277 3294 1347 3386; baseline 0.006 -26"><span class='ocrx_word' id='word_1_221' title='bbox 277 3295 430 3360; x_wconf 87' lang='lat' dir='ltr'>Nazareni</span> <span class='ocrx_word' id='word_1_222' title='bbox 455 3296 493 3358; x_wconf 90' lang='lat' dir='ltr'>ita</span> <span class='ocrx_word' id='word_1_223' title='bbox 510 3294 607 3360; x_wconf 88' lang='lat' dir='ltr'>lesum</span> <span class='ocrx_word' id='word_1_224' title='bbox 626 3319 693 3361; x_wconf 90' lang='lat' dir='ltr'>esse</span> <span class='ocrx_word' id='word_1_225' title='bbox 712 3295 880 3378; x_wconf 89' lang='lat' dir='ltr'>Christum,</span> <span class='ocrx_word' id='word_1_226' title='bbox 911 3298 1014 3386; x_wconf 85' lang='lat' dir='ltr'>deique</span> <span class='ocrx_word' id='word_1_227' title='bbox 1032 3299 1120 3361; x_wconf 86' lang='lat' dir='ltr'>lilium</span> <span class='ocrx_word' id='word_1_228' title='bbox 1143 3312 1347 3380; x_wconf 89' lang='lat' dir='ltr'>assernerunt,</span> 
     </span>
    </p>

    <p class='ocr_par' dir='ltr' id='par_1_7' title="bbox 123 3396 1349 4409">
     <span class='ocr_line' id='line_1_29' title="bbox 194 3396 1162 3480; baseline 0.002 -17"><span class='ocrx_word' id='word_1_229' title='bbox 194 3410 226 3463; x_wconf 91' lang='lat' dir='ltr'>ut</span> <span class='ocrx_word' id='word_1_230' title='bbox 247 3396 343 3461; x_wconf 86' lang='lat' dir='ltr'>Mosis</span> <span class='ocrx_word' id='word_1_231' title='bbox 366 3398 460 3480; x_wconf 81' lang='lat' dir='ltr'>legem</span> <span class='ocrx_word' id='word_1_232' title='bbox 484 3399 603 3461; x_wconf 89' lang='lat' dir='ltr'>omnino</span> <span class='ocrx_word' id='word_1_233' title='bbox 624 3399 705 3463; x_wconf 87' lang='lat' dir='ltr'>vitae</span> <span class='ocrx_word' id='word_1_234' title='bbox 727 3401 762 3463; x_wconf 91' lang='lat' dir='ltr'>ad</span> <span class='ocrx_word' id='word_1_235' title='bbox 786 3401 948 3465; x_wconf 89' lang='lat' dir='ltr'>institutum</span> <span class='ocrx_word' id='word_1_236' title='bbox 971 3401 1162 3465; x_wconf 81' lang='lat' dir='ltr'>adsciverint.</span> 
     </span>
     <span class='ocr_line' id='line_1_30' title="bbox 123 3492 1349 3588; baseline 0.005 -24"><span class='ocrx_word' id='word_1_237' title='bbox 123 3492 124 3495; x_wconf 28' lang='lat'>¹</span> <span class='ocrx_word' id='word_1_238' title='bbox 280 3497 499 3577; x_wconf 80' lang='lat' dir='ltr'>Corinthiacis,</span> <span class='ocrx_word' id='word_1_239' title='bbox 531 3520 566 3561; x_wconf 91' lang='lat' dir='ltr'>ac</span> <span class='ocrx_word' id='word_1_240' title='bbox 587 3498 757 3566; x_wconf 88' lang='lat' dir='ltr'>Nazarcnis</span> <span class='ocrx_word' id='word_1_241' title='bbox 781 3504 918 3567; x_wconf 77' lang='lat' dir='ltr'>simillimi</span> <span class='ocrx_word' id='word_1_242' title='bbox 942 3515 1010 3567; x_wconf 88' lang='lat' dir='ltr'>sunt</span> <span class='ocrx_word' id='word_1_243' title='bbox 1034 3502 1208 3583; x_wconf 85' lang='lat' dir='ltr'>Ebionitac,</span> <span class='ocrx_word' id='word_1_244' title='bbox 1244 3504 1349 3588; x_wconf 88' lang='lat' dir='ltr'>quihus</span> 
     </span>
     <span class='ocr_line' id='line_1_31' title="bbox 195 3595 1348 3690; baseline 0.004 -24"><span class='ocrx_word' id='word_1_245' title='bbox 195 3625 260 3666; x_wconf 83' lang='lat' dir='ltr'>curn</span> <span class='ocrx_word' id='word_1_246' title='bbox 279 3599 449 3687; x_wconf 88' lang='lat' dir='ltr'>Sampsaeis</span> <span class='ocrx_word' id='word_1_247' title='bbox 464 3611 494 3663; x_wconf 92' lang='lat' dir='ltr'>et</span> <span class='ocrx_word' id='word_1_248' title='bbox 511 3598 662 3666; x_wconf 85' lang='lat' dir='ltr'>Elcesaeis</span> <span class='ocrx_word' id='word_1_249' title='bbox 678 3603 772 3687; x_wconf 86' lang='lat' dir='ltr'>aliqua</span> <span class='ocrx_word' id='word_1_250' title='bbox 788 3625 827 3668; x_wconf 89' lang='lat' dir='ltr'>ex</span> <span class='ocrx_word' id='word_1_251' title='bbox 844 3617 927 3690; x_wconf 86' lang='lat' dir='ltr'>parte</span> <span class='ocrx_word' id='word_1_252' title='bbox 943 3595 1092 3670; x_wconf 86' lang='lat' dir='ltr'>convenit.</span> <span class='ocrx_word' id='word_1_253' title='bbox 1138 3604 1179 3669; x_wconf 86' lang='lat' dir='ltr'>lli</span> <span class='ocrx_word' id='word_1_254' title='bbox 1197 3603 1348 3671; x_wconf 90' lang='lat' dir='ltr'>Christum</span> 
     </span>
     <span class='ocr_line' id='line_1_32' title="bbox 195 3703 1347 3795; baseline 0.004 -27"><span class='ocrx_word' id='word_1_255' title='bbox 195 3706 224 3768; x_wconf 93' lang='lat' dir='ltr'>in</span> <span class='ocrx_word' id='word_1_256' title='bbox 242 3705 325 3768; x_wconf 91' lang='lat' dir='ltr'>coelo</span> <span class='ocrx_word' id='word_1_257' title='bbox 343 3715 490 3777; x_wconf 88' lang='lat' dir='ltr'>creatum,</span> <span class='ocrx_word' id='word_1_258' title='bbox 515 3703 639 3787; x_wconf 89' lang='lat' dir='ltr'>eiusque</span> <span class='ocrx_word' id='word_1_259' title='bbox 655 3716 786 3768; x_wconf 90' lang='lat' dir='ltr'>sanctum</span> <span class='ocrx_word' id='word_1_260' title='bbox 802 3707 934 3790; x_wconf 85' lang='lat' dir='ltr'>spiritum</span> <span class='ocrx_word' id='word_1_261' title='bbox 953 3709 1107 3773; x_wconf 83' lang='lat' dir='ltr'>affirmant.</span> <span class='ocrx_word' id='word_1_262' title='bbox 1153 3706 1238 3772; x_wconf 91' lang='lat' dir='ltr'>lllnm</span> <span class='ocrx_word' id='word_1_263' title='bbox 1253 3709 1347 3795; x_wconf 87' lang='lat' dir='ltr'>ipsum</span> 
     </span>
     <span class='ocr_line' id='line_1_33' title="bbox 194 3805 1348 3891; baseline 0.005 -21"><span class='ocrx_word' id='word_1_264' title='bbox 194 3807 224 3870; x_wconf 90' lang='lat' dir='ltr'>io</span> <span class='ocrx_word' id='word_1_265' title='bbox 245 3807 392 3870; x_wconf 82' lang='lat' dir='ltr'>hdamnm</span> <span class='ocrx_word' id='word_1_266' title='bbox 405 3825 473 3869; x_wconf 88' lang='lat' dir='ltr'>sese</span> <span class='ocrx_word' id='word_1_267' title='bbox 489 3805 633 3869; x_wconf 88' lang='lat' dir='ltr'>int&#39;ndisse</span> <span class='ocrx_word' id='word_1_268' title='bbox 657 3806 766 3890; x_wconf 85' lang='lat' dir='ltr'>primo,</span> <span class='ocrx_word' id='word_1_269' title='bbox 799 3828 833 3871; x_wconf 87' lang='lat' dir='ltr'>ac</span> <span class='ocrx_word' id='word_1_270' title='bbox 851 3808 954 3873; x_wconf 84' lang='lat' dir='ltr'>deinde</span> <span class='ocrx_word' id='word_1_271' title='bbox 973 3812 1093 3875; x_wconf 71' lang='lat' dir='ltr'>exilisse</span> <span class='ocrx_word' id='word_1_272' title='bbox 1114 3822 1254 3891; x_wconf 83' lang='lat' dir='ltr'>narrant3</span> <span class='ocrx_word' id='word_1_273' title='bbox 1289 3823 1348 3876; x_wconf 88' lang='lat' dir='ltr'>tom</span> 
     </span>
     <span class='ocr_line' id='line_1_34' title="bbox 193 3908 1348 4000; baseline 0.003 -26"><span class='ocrx_word' id='word_1_274' title='bbox 193 3910 321 3974; x_wconf 89' lang='lat' dir='ltr'>snhiisse</span> <span class='ocrx_word' id='word_1_275' title='bbox 344 3911 456 3986; x_wconf 88' lang='lat' dir='ltr'>denno,</span> <span class='ocrx_word' id='word_1_276' title='bbox 488 3908 575 3992; x_wconf 86' lang='lat' dir='ltr'>idque</span> <span class='ocrx_word' id='word_1_277' title='bbox 600 3910 781 3972; x_wconf 87' lang='lat' dir='ltr'>commodum</span> <span class='ocrx_word' id='word_1_278' title='bbox 807 3911 931 3991; x_wconf 86' lang='lat' dir='ltr'>iecisse,</span> <span class='ocrx_word' id='word_1_279' title='bbox 964 3933 1030 3976; x_wconf 92' lang='lat' dir='ltr'>cnm</span> <span class='ocrx_word' id='word_1_280' title='bbox 1053 3914 1082 3976; x_wconf 92' lang='lat' dir='ltr'>in</span> <span class='ocrx_word' id='word_1_281' title='bbox 1105 3926 1201 3978; x_wconf 87' lang='lat' dir='ltr'>terras</span> <span class='ocrx_word' id='word_1_282' title='bbox 1224 3935 1348 4000; x_wconf 82' lang='lat' dir='ltr'>corpore</span> 
     </span>
     <span class='ocr_line' id='line_1_35' title="bbox 194 4010 1349 4102; baseline 0.004 -26"><span class='ocrx_word' id='word_1_283' title='bbox 194 4014 388 4077; x_wconf 86' lang='lat' dir='ltr'>circumtusus</span> <span class='ocrx_word' id='word_1_284' title='bbox 405 4011 535 4073; x_wconf 82' lang='lat' dir='ltr'>advenit.</span> <span class='ocrx_word' id='word_1_285' title='bbox 580 4010 712 4075; x_wconf 74' lang='lat' dir='ltr'>delicet</span> <span class='ocrx_word' id='word_1_286' title='bbox 728 4012 825 4077; x_wconf 88' lang='lat' dir='ltr'>ludaei</span> <span class='ocrx_word' id='word_1_287' title='bbox 841 4015 917 4094; x_wconf 91' lang='lat' dir='ltr'>sint,</span> <span class='ocrx_word' id='word_1_288' title='bbox 950 4015 1135 4102; x_wconf 81' lang='lat' dir='ltr'>evarrgelinm</span> <span class='ocrx_word' id='word_1_289' title='bbox 1160 4016 1349 4081; x_wconf 88' lang='lat' dir='ltr'>nihilominus</span> 
     </span>
     <span class='ocr_line' id='line_1_36' title="bbox 194 4109 1347 4204; baseline 0.004 -26"><span class='ocrx_word' id='word_1_290' title='bbox 194 4116 343 4179; x_wconf 88' lang='lat' dir='ltr'>adhihent.</span> <span class='ocrx_word' id='word_1_291' title='bbox 388 4109 529 4176; x_wconf 90' lang='lat' dir='ltr'>Carnium</span> <span class='ocrx_word' id='word_1_292' title='bbox 548 4133 630 4176; x_wconf 89' lang='lat' dir='ltr'>esum</span> <span class='ocrx_word' id='word_1_293' title='bbox 651 4114 850 4194; x_wconf 87' lang='lat' dir='ltr'>detestantur,</span> <span class='ocrx_word' id='word_1_294' title='bbox 882 4138 985 4201; x_wconf 88' lang='lat' dir='ltr'>aquam</span> <span class='ocrx_word' id='word_1_295' title='bbox 1005 4140 1057 4204; x_wconf 91' lang='lat' dir='ltr'>pro</span> <span class='ocrx_word' id='word_1_296' title='bbox 1077 4119 1347 4199; x_wconf 70' lang='lat' dir='ltr'>denumerantur,</span> 
     </span>
     <span class='ocr_line' id='line_1_37' title="bbox 197 4213 1348 4299; baseline 0.005 -19"><span class='ocrx_word' id='word_1_297' title='bbox 197 4213 345 4281; x_wconf 88' lang='lat' dir='ltr'>Christum</span> <span class='ocrx_word' id='word_1_298' title='bbox 370 4216 400 4279; x_wconf 92' lang='lat' dir='ltr'>in</span> <span class='ocrx_word' id='word_1_299' title='bbox 424 4215 564 4299; x_wconf 78' lang='lat' dir='ltr'>eupillo,</span> <span class='ocrx_word' id='word_1_300' title='bbox 597 4215 637 4278; x_wconf 91' lang='lat' dir='ltr'>uti</span> <span class='ocrx_word' id='word_1_301' title='bbox 655 4216 800 4299; x_wconf 79' lang='lat' dir='ltr'>diximus,</span> <span class='ocrx_word' id='word_1_302' title='bbox 835 4221 962 4285; x_wconf 78' lang='lat' dir='ltr'>advento</span> <span class='ocrx_word' id='word_1_303' title='bbox 986 4221 1138 4290; x_wconf 21' lang='lat' dir='ltr'>hominem,</span> <span class='ocrx_word' id='word_1_304' title='bbox 1157 4222 1287 4287; x_wconf 89' lang='lat' dir='ltr'>induisse</span> <span class='ocrx_word' id='word_1_305' title='bbox 1305 4224 1348 4286; x_wconf 95' lang='lat' dir='ltr'>di·</span> 
     </span>
     <span class='ocr_line' id='line_1_38' title="bbox 197 4316 1346 4409; baseline 0.008 -28"><span class='ocrx_word' id='word_1_306' title='bbox 197 4330 277 4381; x_wconf 91' lang='lat' dir='ltr'>cnnt.</span> <span class='ocrx_word' id='word_1_307' title='bbox 322 4317 458 4402; x_wconf 89' lang='lat' dir='ltr'>Denique</span> <span class='ocrx_word' id='word_1_308' title='bbox 476 4317 559 4401; x_wconf 85' lang='lat' dir='ltr'>aquis</span> <span class='ocrx_word' id='word_1_309' title='bbox 575 4339 608 4382; x_wconf 90' lang='lat' dir='ltr'>se</span> <span class='ocrx_word' id='word_1_310' title='bbox 629 4316 786 4386; x_wconf 90' lang='lat' dir='ltr'>identidem</span> <span class='ocrx_word' id='word_1_311' title='bbox 802 4333 860 4387; x_wconf 90' lang='lat' dir='ltr'>tam</span> <span class='ocrx_word' id='word_1_312' title='bbox 881 4323 985 4409; x_wconf 81' lang='lat' dir='ltr'>hyeme</span> <span class='ocrx_word' id='word_1_313' title='bbox 1004 4343 1089 4409; x_wconf 91' lang='lat' dir='ltr'>quam</span> <span class='ocrx_word' id='word_1_314' title='bbox 1106 4335 1217 4389; x_wconf 87' lang='lat' dir='ltr'>aestate</span> <span class='ocrx_word' id='word_1_315' title='bbox 1235 4327 1346 4406; x_wconf 80' lang='lat' dir='ltr'>lavant,</span> 
     </span>
    </p>
   </div>
   <div class='ocr_carea' id='block_1_5' title="bbox 233 4547 683 4698">
    <p class='ocr_par' dir='ltr' id='par_1_8' title="bbox 233 4547 683 4698">
     <span class='ocr_line' id='line_1_39' title="bbox 233 4547 683 4625; baseline 0.004 -17"><span class='ocrx_word' id='word_1_316' title='bbox 233 4556 271 4609; x_wconf 83' lang='lat' dir='ltr'>to.</span> <span class='ocrx_word' id='word_1_317' title='bbox 289 4555 337 4625; x_wconf 76' lang='grc' dir='ltr'>γὰρ</span> <span class='ocrx_word' id='word_1_318' title='bbox 356 4547 447 4609; x_wconf 71' lang='lat' dir='ltr'>endan</span> <span class='ocrx_word' id='word_1_319' title='bbox 460 4560 550 4609; x_wconf 81' lang='lat' dir='ltr'>octone</span> <span class='ocrx_word' id='word_1_320' title='bbox 566 4560 683 4610; x_wconf 80' lang='lat' dir='ltr'>Potentes.</span> 
     </span>
     <span class='ocr_line' id='line_1_40' title="bbox 248 4637 551 4698; baseline -0.003 -13"><span class='ocrx_word' id='word_1_321' title='bbox 248 4640 338 4698; x_wconf 73' lang='lat' dir='ltr'>Corpus</span> <span class='ocrx_word' id='word_1_322' title='bbox 350 4638 485 4685; x_wconf 72' lang='lat' dir='ltr'>Hursseol.</span> <span class='ocrx_word' id='word_1_323' title='bbox 493 4637 522 4684; x_wconf 89' lang='lat' dir='ltr'>ll.</span> <span class='ocrx_word' id='word_1_324' title='bbox 531 4639 551 4684; x_wconf 74' lang='lat' dir='ltr'>t.</span> 
     </span>
    </p>
   </div>
   <div class='ocr_carea' id='block_1_6' title="bbox 0 0 1560 5070">
    <p class='ocr_par' dir='ltr' id='par_1_9' title="bbox 0 0 1560 5070">
     <span class='ocr_line' id='line_1_41' title="bbox 0 0 1560 5070; baseline 0 0"><span class='ocrx_word' id='word_1_325' title='bbox 0 0 1560 5070; x_wconf 95' lang='lat' dir='ltr'> </span> 
     </span>
    </p>
   </div>
  </div>
 </body>
</html>
