3096 5070
438 267 576 320 ransnn
593 266 846 318 marianeno
863 266 963 317 naen.
976 265 1097 316 nxxvr.
1283 249 1345 313 329

191 388 276 453 etiam
307 389 355 472 qui
379 387 415 452 ab
437 387 569 470 ipsismet
591 384 711 449 Arianis
735 385 882 448 dedcinnt.
935 383 1064 468 Repetiti
1090 405 1177 468 porro
1198 383 1276 447 illius
1296 383 1345 446 ba-

192 491 286 577 ptismi
311 512 345 554 ea
370 493 495 555 lormula
517 500 580 553 est:
612 485 645 551 ln
669 489 785 551 nominc
811 489 858 551 dei
881 486 1024 563 increati,
1057 498 1086 548 et
1109 487 1272 550 innomine
1296 487 1345 549 lilii

191 593 294 671 creati,
320 604 350 656 et
363 595 393 657 in
408 594 525 657 nomine
540 591 660 677 spiritus
677 591 899 667 sanctificantis,
925 600 986 651 eta
1003 599 1102 650 creato
1116 589 1174 650 lilio
1189 589 1344 672 procreati.

189 696 289 781 Atque
305 707 337 759 ut
357 707 416 761 tota
430 696 545 759 illorum
562 696 658 771 fraus,
693 714 727 754 ac
742 692 878 755 scenicae
899 692 979 754 velut
1002 702 1081 753 artes
1098 700 1128 751 et
1146 689 1277 753 fallaciae
1298 712 1347 774 pe-

190 800 268 863 nitus
292 809 470 885 appareant,
502 808 531 858 et
554 795 581 858 id
606 795 726 857 omnino
751 806 882 872 constet,
915 815 972 857 non
1002 795 1084 855 ddum
1113 813 1179 855 esse
1203 794 1276 876 quod
1300 793 1349 855 isti

190 903 377 988 praedicant,
401 899 453 961 sed
472 898 645 961 histrionum
664 898 823 973 officinam,
847 908 915 959 sunt
933 896 980 980 qni
997 906 1129 972 narrent,
1154 905 1295 979 quotquot
1311 895 1347 957 ab

190 1005 227 1068 iis
246 1005 342 1066 derauc
362 1000 563 1085 baptizantur,
588 1002 618 1064 in
637 1013 724 1085 eaput
741 1001 889 1082 demergi,
915 1001 1035 1084 pedibus
1054 1000 1082 1060 in
1102 998 1225 1062 sublime
1247 1019 1348 1082 porre-

190 1106 262 1182 ctis,
297 1105 395 1187 itaque
420 1103 619 1167 iusiurandum
642 1103 737 1186 adigi,
771 1125 916 1187 nunquam
938 1124 970 1164 se
988 1102 1023 1164 ab
1041 1100 1119 1163 illins
1138 1122 1240 1163 errore
1260 1112 1347 1183 aitque

189 1206 308 1271 baeresi
324 1207 519 1270 discessuros.
565 1201 678 1268 Ferunt
700 1204 821 1290 insuper
839 1204 955 1269 Atilium
976 1204 1069 1289 ipsum
1092 1216 1158 1290 post
1180 1201 1349 1274 Constantii

191 1309 302 1373 obitum
321 1328 337 1370 a
356 1305 467 1373 luliano
485 1307 662 1394 imperatore
684 1319 853 1371 revocamur
877 1308 913 1371 ab
931 1308 1041 1385 exilio,
1075 1328 1139 1370 cnm
1159 1319 1260 1370 sectae
1277 1326 1347 1368 suae

191 1411 332 1475 diaconas
347 1422 439 1489 esset,
464 1411 499 1475 ab
515 1411 645 1475 ciusdem
660 1432 730 1474 snae
747 1411 885 1496 episeopo
897 1412 932 1472 ad
949 1409 1078 1496 episcopi
1096 1409 1264 1493 dignitatem
1281 1427 1348 1471 esse

191 1525 374 1600 provectum.

275 1615 357 1680 llaec
373 1628 441 1679 sunt
464 1636 538 1699 quae
555 1617 590 1678 de
606 1614 697 1680 Aetio
714 1614 852 1699 Adtiiqne
877 1615 1026 1699 discipulis
1050 1613 1230 1696 investigare
1253 1613 1348 1699 potui·

190 1740 266 1782 mus.
313 1715 396 1800 Quos
413 1717 543 1781 nonnulli
562 1718 751 1797 Anomoeos,
778 1719 832 1782 hoc
851 1728 898 1780 est
912 1717 1069 1780 dissimiles
1084 1717 1246 1796 nominant,
1271 1718 1347 1800 qnod

190 1821 332 1885 Arianam
355 1820 492 1883 haeresin
511 1820 647 1884 uberiore
672 1822 795 1905 quadam
820 1842 855 1883 ae
877 1819 967 1904 magis
992 1820 1160 1883 execranda
1180 1822 1346 1903 dogmatum

190 1921 342 2009 impietate
364 1933 551 2007 superarunt.
601 1921 647 1986 De
672 1924 776 2007 quibus
797 1934 985 2008 posteaquam
1009 1922 1174 2005 singillatim
1199 1945 1251 2007 pro
1277 1922 1341 1986 viri-

190 2025 263 2102 bus,
296 2025 395 2089 divina
422 2024 583 2111 opitulante
606 2026 717 2108 gratia,
749 2024 976 2111 disputavimus,
1010 2024 1143 2086 acvelut
1162 2023 1347 2109 multipedem

187 2127 428 2214 scolopendram,
459 2127 535 2211 quod
552 2127 656 2191 insecti
673 2149 767 2212 genus
783 2129 872 2192 iulum
888 2137 1013 2204 vocant,
1046 2126 1179 2189 veritatis
1194 2129 1266 2212 pede
1280 2149 1348 2213 pro·

189 2230 387 2308 sulcavimus,
419 2240 449 2293 et
474 2228 552 2292 uuici
572 2229 617 2293 dei
638 2230 687 2294 filii
704 2252 774 2294 vera
793 2230 982 2294 confessione
1000 2228 1210 2306 contrivimus,
1243 2230 1347 2314 gratiis

188 2335 244 2397 deo
262 2354 343 2396 more
361 2342 463 2395 nostro
481 2331 656 2418 persolutis,
682 2334 802 2418 eiusque
819 2334 853 2397 ad
874 2333 1080 2396 imbecillitatis
1100 2342 1219 2394 nostrae
1236 2330 1348 2416 praesi-

189 2435 267 2500 dinm
282 2434 437 2519 implorata
452 2435 572 2514 virtute,
598 2436 633 2498 ad
651 2437 777 2520 reliquas
791 2437 929 2499 haereses
945 2457 997 2518 pro
1012 2443 1098 2519 captu
1112 2433 1216 2495 virium
1233 2443 1347 2496 nostra-

189 2558 252 2602 rum
277 2538 548 2622 intelligentiaeque
578 2548 774 2602 transeamus.
820 2539 866 2602 Ao
893 2538 1001 2601 domini
1024 2535 1156 2621 inprimis
1182 2556 1285 2619 opem,
1315 2547 1349 2603 ut

188 2639 332 2717 diximus,
357 2640 564 2725 imploremus,
590 2652 620 2703 ut
637 2641 662 2703 is
678 2642 722 2703 ad'
734 2641 797 2704 illas
813 2641 1002 2725 explicandas
1022 2661 1056 2703 ac
1075 2638 1246 2702 refutandas
1264 2659 1347 2722 prae·

189 2751 235 2803 sto
252 2742 335 2805 nobis
351 2763 419 2806 esse
438 2742 527 2820 velit,
559 2765 615 2826 quo
633 2743 710 2807 illius
729 2743 839 2807 viribus
854 2766 887 2806 ac
905 2754 1050 2830 potestate
1074 2740 1140 2804 lreti
1157 2741 1232 2824 quod
1253 2741 1347 2803 tenni-

188 2850 234 2905 tas
254 2844 497 2929 mediocritasquc
517 2857 618 2909 nostra
637 2846 768 2932 suscepit
781 2847 817 2909 ad
835 2847 945 2910 exitum
966 2848 1127 2930 perducere
1145 2843 1301 2929 possimus.

488 2981 575 3032 FlNlS
593 2982 687 3034 PRlMl
706 2984 792 3037 ΤΟΜΙ
810 2984 926 3035 TERTll
945 2983 1042 3033 LlBlll.

222 3148 264 3203 ³7.
284 3145 410 3215 ἑυομότως
426 3154 495 3204 codd.
509 3168 564 3204 mss.
582 3157 618 3206 ecl
636 3162 657 3206 et
672 3160 747 3218 princ
784 3152 850 3208 κατὰ
863 3150 962 3208 Ἀετίου
984 3153 1028 3206 τοῦ
1051 3149 1169 3218 ἀνομοίου
1195 3150 1347 3217 καλουμένου

222 3216 262 3269 sd
281 3217 429 3283 φηοὶοοάἀ.
446 3235 501 3271 mss.
518 3226 609 3273 stertit.
627 3229 701 3286 price.
782 3222 895 3277 καὶτῶν
917 3219 958 3276 dn'
979 3216 1056 3277 ουόοῦ
1077 3217 1241 3287 Edvopaavdv
1257 3223 1346 3274 καλου-

222 3286 236 3340 *
256 3287 327 3336 Godd
344 3301 399 3337 mss.
421 3291 558 3352 subscriptio
573 3298 605 3342 est
622 3292 702 3354 Τέλος
719 3289 751 3346 τοὶ
787 3291 875 3358 μένων.
