3096 5070
512 290 597 343 τοιει
614 290 741 342 monus
760 290 843 343 νιιιε
861 292 1053 343 Ροετεαιοιι.
1299 282 1358 347 631

205 406 326 476 Ἰωάννην
343 411 488 488 διηγοῦνται
503 403 632 479 ἀκριβῶς,
659 408 786 476 λέγοντες,
812 403 941 471 ’Δκοῦοας
952 408 982 465 δί
1001 408 1015 466 ὰ
1029 406 1132 477 Ἰησοῦς
1147 407 1187 466 ὅτι
1200 408 1332 478 παρεδόθη
1348 409 1362 467 ὰ

205 488 340 560 Ἰωάννης,
358 493 516 548 καταλειποίν
534 493 593 559 (οἱα)
607 491 655 559 τήν
671 492 794 561 Ναζαρέθ
810 494 962 564 κατῴκησεν
978 495 1014 556 είς
1029 493 1205 563 Καφαρναοὺμ
1222 494 1269 563 τήν
1282 513 1362 563 παρα-

206 576 350 633 θαλάσσιον.
383 578 437 632 Καί
455 575 518 648 ὁρᾷς
535 573 576 632 ὅτι
591 576 662 633 κατὰ
671 573 795 644 άλήθειαν
811 576 843 634 τὰ
866 576 948 634 πάντα
964 587 1016 641 τοῖς
1032 581 1148 647 τέτρασιν
1171 574 1363 647 εῦαγγελισταῖς

205 662 349 732 σνμφῴνως
374 666 479 730 εἴρηται.
513 663 567 716 Καί
583 661 631 730 γὰρ
653 663 698 716 καί
714 663 830 731 φαίνεται
843 661 890 730 τήν
907 661 1057 719 ἀκολουθίαν
1075 663 1147 719 πάλιν
1164 663 1331 733 διηγούμενος
1347 662 1362 721 ὰ

202 747 338 819 Ἰωάννης,
363 744 404 804 ’ὅτι
423 745 488 815 μετὰ
504 745 532 801 τὰ
550 749 656 815 ποιῆσαι
672 746 701 804 τὰ
719 751 816 815 πρῶτον
838 755 943 816 σημεῖον
958 747 1002 804 τὰν
1020 752 1142 816 σωτῆρα,
1165 750 1210 804 καί
1226 749 1309 804 ἐλθεῖν
1325 749 1362 813 είς

204 832 393 901 Καφαρναοὺμ,
411 833 517 899 ποιῆσαί
532 849 561 887 τε
577 832 633 886 ἐκεῖ
645 852 699 888 τινα
716 839 828 900 σημεῖα,
854 831 978 904 άναβῆναί
993 852 1021 888 τε
1037 835 1074 895 είς
1088 833 1224 902 Ναζαρέτ,
1241 835 1286 889 καί
1301 830 1361 890 άνα·

203 921 296 988 γνῶναι
312 917 341 973 τὰ
361 918 469 988 βιβλίον,
486 918 671 984 παραδοθέντος
685 917 769 973 λοιπὸν
786 922 830 972 τοῦ
848 920 985 988 βαπτιστοῦ
1003 910 1081 986 ήλθεν
1098 919 1143 973 καί
1158 915 1310 990 κατῴκησεν
1324 920 1362 982 είς

203 1001 379 1071 Καφαρναοὺμ
399 1001 492 1062 πολλὰς
516 1000 623 1070 ήμέρας.
659 995 739 1057 Αὰται
754 1003 786 1059 δέ
802 1003 864 1056 εἰσιν
881 1005 909 1057 αί
925 1002 989 1070 μετὰ
1009 1003 1056 1071 τήν
1070 1001 1169 1071 ήμέραι
1185 1006 1236 1058 τῶν
1249 999 1361 1073 Ἐπιφα-

202 1089 260 1144 νίων
275 1086 381 1156 καλιήν
398 1085 632 1155 ἐπίΚαφαρναοῦμ
647 1088 691 1141 καί
709 1086 751 1142 ἐπί
765 1086 888 1154 Ναζαρέθ
905 1087 1000 1143 ἐλευσιν
1019 1084 1112 1151 αὐτοῦ,
1140 1089 1185 1143 καί
1197 1087 1245 1156 τήν
1260 1088 1297 1149 είς
1310 1085 1361 1144 Ἱε-

203 1172 331 1240 ροσόλυμα
347 1171 391 1228 διὰ
403 1170 432 1228 τὰ
450 1170 548 1241 Πάσχα
562 1168 662 1231 ἄνοδον,
680 1172 726 1225 καλ
739 1172 812 1228 πάλιν
826 1172 908 1227 ἐλθεῖν
925 1172 989 1241 πρὰς
1005 1172 1048 1228 τὰν
1063 1168 1200 1240 Ἰωάννην,
1218 1169 1280 1228 ὅπου
1296 1172 1361 1245 ἐβά-

201 1262 301 1324 πτιζεν,
320 1259 356 1318 είς
371 1257 450 1313 Λίνιῦν
467 1260 511 1312 τοῦ
528 1258 617 1322 Σαλίμ
633 1257 702 1324 (εἰσ).
737 1250 814 1311 Οῦτω
830 1255 879 1325 γὰρ
897 1258 980 1326 λέγει,
999 1257 1073 1312 Μετὰ
1088 1260 1162 1313 τοῦτο
1178 1261 1306 1326 κατῆλθεν
1323 1259 1360 1321 είς

202 1341 379 1412 Καφαρναοῦμ
396 1339 473 1403 αὐτὸς
489 1341 533 1396 καί
549 1339 569 1409 ή
586 1338 672 1409 μήτηρ
693 1336 787 1405 αάτοῦ,
810 1342 855 1399 καί
873 1344 895 1397 οί
910 1341 1018 1410 άδελφοί
1036 1339 1128 1404 αῦτοῦ,
1155 1343 1200 1397 καί
1222 1343 1275 1399 έκει
1292 1343 1361 1411 ἐμει-

201 1448 244 1483 ναν
260 1423 289 1483 οῦ
307 1427 400 1489 πολλὰς
414 1424 522 1494 ήμέρας.
557 1422 638 1480 Οὔπω
654 1425 702 1495 γὰρ
720 1424 812 1494 ἐδήλου
829 1426 876 1495 τήν
891 1429 986 1482 τελείαν
1002 1426 1147 1496 καταμονήν
1161 1428 1219 1496 περί
1235 1420 1269 1511 ῆς
1286 1424 1360 1482 ῦστε-

202 1533 243 1582 ρον
265 1511 333 1567 εἶπεν
358 1511 423 1580 μετὰ
440 1510 469 1567 τὰ
488 1513 664 1578 παραδοθῆναι
680 1510 723 1566 τὰν
738 1507 875 1580 Ἰωάννην,
893 1510 1003 1574 ἸἸῦλθιίνν
1027 1510 1178 1584 κατῴκησεν
1198 1513 1234 1573 είς
1251 1513 1359 1581 Καφαρ·

200 1596 280 1666 ναοῦμ
294 1598 342 1666 τήν
355 1594 571 1665 παραθαλάσσιον,
589 1597 634 1650 καί
648 1594 724 1664 έγγῦς
738 1587 771 1664 ήν
787 1596 815 1651 τὰ
835 1596 933 1668 Πάσχα
944 1601 995 1652 τῶν
1009 1595 1154 1653 Ἰουδαίων·
1175 1593 1211 1658 είς
1225 1598 1293 1665 λέγει
1304 1597 1358 1660 καί,

200 1678 292 1755 ’Δνέβη
311 1685 347 1745 είς
361 1680 527 1750 Ἱεροσόλυμα
545 1679 561 1736 ὰ
576 1677 695 1748 Ἰησοῦς,
722 1682 768 1735 καί
783 1673 855 1748 εῦρεν
878 1682 937 1743 τοῦς
960 1684 1105 1744 πωλοῦντας
1127 1682 1152 1736 ἐν
1166 1686 1204 1752 τῴ
1221 1684 1282 1754 ίερῴ
1299 1681 1359 1745 τοῦς

201 1768 265 1839 βόας
290 1769 335 1822 καί
356 1767 389 1822 τὰ
413 1766 530 1837 πρόβατα
546 1766 590 1820 καί
606 1764 769 1834 περιστεράς,
795 1766 839 1820 καί
855 1765 914 1828 τοῦς
929 1767 1100 1835 κερματιστὰς
1113 1767 1287 1835 καθημένους,
1313 1769 1359 1823 καί

201 1852 267 1921 μετὰ
283 1853 311 1908 τὰ
329 1853 445 1923 ἐκβαλεῖν
461 1851 521 1913 τοῦς
536 1848 630 1912 αῦτοῦς
652 1850 823 1919 κερματιστὰς
845 1853 890 1906 καί
910 1851 969 1913 τοῦς
990 1855 1124 1915 πολοῦντας
1138 1851 1185 1915 τὰς
1197 1852 1355 1921 περιστερὰς,

200 1939 245 1992 καί
260 1936 293 1993 τοὶ
307 1932 387 2004 ἄλλα,
412 1938 456 1991 καί
471 1938 613 2004 εἰρηκέναι,
635 1930 732 2004 Ἀραεε
748 1938 829 1991 ταῦτα
845 1935 927 2000 ἐνθεν,
954 1937 998 1990 καί
1012 1936 1050 2005 μή
1066 1940 1156 2005 ποιῆτε
1171 1937 1214 1992 τὰν
1229 1937 1295 1992 οἰκον
1311 1937 1356 1993 τοῦ

198 2021 295 2091 πατρός
311 2042 358 2090 μου
376 2020 443 2079 οίκσν
457 2021 590 2089 ἐμπορίου,
607 2025 651 2075 καί
666 2015 805 2088 ἀκηκοέναι
818 2018 876 2090 παρ’
892 2016 992 2083 αῦτῶν,
1011 2023 1045 2078 Τί
1062 2029 1166 2088 σημεῖον
1181 2020 1304 2083 δεικνύεις
1320 2020 1357 2090 ή-

200 2115 255 2174 μῖν,
275 2103 314 2162 ὅτι
329 2109 410 2162 ταῦτα
426 2114 518 2168 ποιεῖςς
536 2107 580 2161 καί
596 2104 663 2161 εἶπεν
680 2102 782 2174 αῦτοῐς,
799 2107 904 2165 Δήσατε
916 2105 959 2161 τὰν
974 2105 1033 2160 ναὰν
1047 2103 1148 2170 τοῦτον,
1175 2107 1219 2160 καί
1234 2107 1259 2161 ἐν
1276 2109 1356 2175 τρισίν

198 2190 308 2259 ήμέραις
330 2192 420 2259 ἐγείρω
445 2189 536 2246 αῦτὰν·
564 2188 608 2248 ὅτε
627 2188 778 2259 Νικόδημος
796 2182 863 2258 ήλθε
884 2189 948 2258 πρὰς
970 2186 1062 2258 αὐτόν,
1088 2192 1133 2246 καί
1150 2191 1214 2260 μετὰ
1230 2191 1258 2247 τὰ
1277 2194 1355 2249 εἰπεῖν

197 2273 275 2331 πολλά
296 2295 389 2344 φησιν,
413 2270 549 2333 Ἦλθενὰ
571 2275 675 2344 Ἰησοῦς
697 2277 742 2331 καί
763 2279 788 2333 αἱ
806 2276 920 2344 μαθηταί
940 2271 1017 2330 αὐτοῦ
1034 2277 1071 2337 είς
1093 2275 1140 2343 τήν
1155 2273 1279 2333 Ἰουδαίαν
1295 2280 1354 2346 γῆν,

197 2361 242 2415 καί
258 2361 314 2414 ἐκεῖ
326 2362 449 2430 διέτριβεν
466 2357 519 2428 μετ’
534 2356 618 2417 αῦτων
632 2361 677 2414 καί
691 2360 835 2431 ἐβάπτιζεν·
861 2351 894 2428 ήν
910 2360 939 2416 δὲ
954 2361 998 2415 καί
1012 2357 1135 2428 Ἰωάννης
1159 2360 1185 2414 ἐν
1203 2363 1282 2417 λίνιῦν
1293 2365 1353 2433 (οἱα)

196 2443 275 2512 ἐγγῦς
291 2447 335 2499 τοῦ
356 2443 470 2513 Σαλήμ,
497 2437 537 2500 ὅτι
556 2436 637 2499 ὕδατα
651 2443 730 2502 πολλὰ
746 2436 779 2513 ήν
796 2445 864 2501 ἐκεῖ·
889 2442 959 2501 οῦπω
976 2444 1024 2515 γὰρ
1040 2436 1072 2513 ήν
1087 2447 1242 2516 βεβλημένος
1255 2448 1292 2508 είς
1306 2446 1354 2514 τήν

196 2528 313 2598 φυλακήν
328 2527 343 2584 ὁ
359 2525 494 2595 Ἰωάννης·
514 2529 557 2582 τοῦ
573 2529 603 2583 δὲ
616 2523 735 2584 Ἰωάννου
755 2528 834 2598 πολλὰ
852 2529 980 2594 εἰπόντος,
1006 2525 1058 2594 ὅτι,
1088 2528 1120 2584 ‘0
1137 2531 1202 2601 έχων
1224 2531 1270 2602 τῆν
1286 2529 1353 2599 νῦμ-

196 2632 248 2682 ρην
264 2614 370 2683 νυμφίος
384 2615 467 2678 ἐστίν,
494 2611 548 2667 εἶτα
564 2615 631 2680 λέγει
647 2612 676 2669 τὰ
695 2610 857 2683 εῦαγγέλιον,
874 2613 924 2676 Ὡς
938 2605 980 2670 οὗν
996 2615 1059 2684 έγνω
1077 2614 1090 2670 ὁ
1105 2612 1208 2684 Ἰησοῦς
1223 2612 1261 2672 ὅτι
1274 2611 1353 2685 ήκον·

196 2715 242 2754 σαν
257 2701 280 2753 οἱ
296 2699 433 2766 Φαρισαῖοι
449 2694 488 2755 ὅτι
502 2696 605 2765 Ἰησοῦς
620 2699 735 2760 πλείονας
748 2698 867 2767 μαθητὰς
882 2708 950 2756 ποιεῖ
964 2701 1009 2755 καί
1022 2702 1137 2770 βαπτίζει
1150 2699 1280 2768 Ἰωάννης,
1298 2721 1353 2756 και·

195 2785 233 2839 τοί
246 2803 277 2853 γε
294 2780 397 2852 Ἰησοῦς
412 2778 493 2844 αῦτίς
509 2779 555 2836 οῦκ
572 2781 722 2853 ἐβάπτιζεν,
751 2779 804 2839 ἀλλ’
821 2787 845 2838 οί
862 2787 976 2854 μαθηταί
993 2783 1085 2853 αὐτοῦ,
1110 2783 1211 2856 ὰφήκον
1226 2785 1272 2853 τήν
1285 2782 1352 2840 Ἰου-

195 2869 269 2925 δαίαν
293 2871 341 2937 γῆν
357 2869 401 2923 καί
416 2865 518 2935 ὰπῆλθε
532 2866 605 2921 πάλιν
619 2869 655 2929 είς
671 2866 718 2936 τήν
732 2869 877 2925 Γαλιλαίαν.
906 2864 986 2926 Ἔδει
1001 2870 1030 2927 δέ
1046 2868 1123 2928 ου’τόν
1144 2872 1289 2941 διέρχεσθαι
1309 2872 1352 2928 διὰ

193 2955 243 3022 τῆς
257 2955 416 3021 Σαμαρείας,
435 2948 478 3008 ὅτε
493 2952 534 3007 ἐπί
546 2954 583 3022 τῴ
598 2954 689 3020 φρέατι
703 2953 835 3023 ἐκαθέσθη
851 2955 896 3010 καί
911 2957 945 3025 τῆ
960 2958 1128 3024 Σαμαρείτιδι
1142 2958 1272 3026 διελέχθη.
1297 2959 1352 3013 Καί

194 3034 374 3107 α’νήγγιιλενή
393 3040 551 3106 Σαμαρεῖτις
564 3039 622 3105 περί
637 3034 714 3093 αῦτοῦ
731 3039 757 3092 ἐν
777 3040 811 3108 τῆ
828 3037 915 3103 πόλει,
934 3042 978 3095 καί
993 3032 1072 3107 ήλθον
1087 3040 1151 3107 πρὸς
1167 3040 1242 3096 αὐτὸν
1259 3044 1282 3096 οἱ
1295 3044 1351 3098 Σα-

195 3130 313 3191 μαρεῖται
326 3124 370 3177 καί
385 3122 540 3190 παρεκάλουν
554 3120 631 3178 αὰτὰν
646 3131 731 3191 μεῖναι
745 3121 804 3190 παρ’
818 3118 904 3186 αῦτοῖς
912 3165 919 3191 ,
938 3125 982 3180 καί
998 3125 1093 3192 ἔμεινεν
1109 3125 1166 3179 έκεῖ
1180 3122 1226 3181 δύο
1242 3123 1350 3195 ῆμέρας,

194 3209 239 3262 καί
263 3211 347 3276 πολλῴ
364 3209 464 3268 πλείους
486 3207 635 3262 ἐπίστευσαν
658 3206 701 3263 διὰ
722 3207 854 3277 τὸνλόγον
871 3206 956 3264 αὐτοῦ.
991 3208 1064 3264 Μετὰ
1081 3209 1109 3264 δέ
1128 3209 1174 3272 τὰς
1187 3211 1234 3266 δῦο
1249 3209 1351 3280 ήμέρας

193 3283 272 3359 ήλθεν
297 3292 333 3352 είς
350 3291 397 3358 τήν
419 3292 565 3346 Γαλιλαίαν.
600 3292 652 3345 Καὶ
669 3283 702 3361 ήν
718 3311 757 3355 τις
775 3293 906 3362 βασιλικὰς
923 3287 952 3349 οῦ
970 3292 984 3349 ὰ
1001 3292 1055 3355 υἱός
1077 3290 1181 3361 ήσθένει
1197 3296 1222 3350 ἐν
1238 3298 1350 3365 Καφαρ-

193 3376 290 3444 ναοῦμ,
317 3372 362 3433 zu
387 3375 453 3432 εἶπεν
470 3374 540 3448 αῦτῴ
556 3375 571 3433 ὰ
583 3372 701 3444 Ἰησοῦς,
728 3377 858 3447 Πορεύου,
884 3378 967 3441 ὁυίάς
985 3398 1028 3433 σου
1054 3383 1102 3450 ζῆ,
1128 3382 1172 3435 καί
1195 3381 1350 3451 ἐπίστευσεν,

193 3463 238 3516 καί
254 3460 317 3530 ίάθη
334 3459 349 3517 ὁ
364 3470 433 3524 παῖς.
468 3464 521 3516 Καί
538 3463 605 3529 λέγει
621 3460 650 3518 τὰ
670 3458 829 3531 εῦαγγέλιον,
857 3463 976 3532 Δεύτερον
993 3465 1066 3521 πάλιν
1084 3473 1189 3533 σημεῖον
1203 3465 1349 3535 ἐποίησενὰ

191 3544 295 3615 Ἰησοῦς
320 3547 400 3602 ἐλθολν
418 3548 448 3602 ἐκ
464 3551 514 3615 τῆς
534 3543 660 3608 Ἰουδαίας
683 3548 720 3608 είς
737 3547 784 3616 τήν
797 3549 941 3602 Γαλιλαίαν.
976 3549 1050 3604 Μετὰ
1066 3554 1140 3607 τοῦτο
1155 3542 1187 3619 ήν
1205 3551 1279 3619 ἱορτή
1300 3554 1349 3608 τῴν

191 3628 336 3696 Ἰουδαίων,
361 3631 432 3700 οἶμαι
448 3633 477 3688 δί
493 3629 533 3687 ’σ’τι
547 3633 605 3697 περί
627 3626 709 3699 ἄλλης
730 3633 821 3700 ἑορτῆς
842 3629 972 3689 Ἰουδαίων
989 3624 1071 3703 λέγει,
1097 3631 1117 3703 ή
1135 3631 1348 3706 Πεντεκοστήςή

193 3719 393 3785 Σκηνοπηγιῶν,
410 3748 443 3759 -
467 3719 512 3772 καί
534 3714 614 3786 άνέβη
637 3712 741 3785 Ἰησοῦς
759 3719 796 3779 είς
810 3715 990 3787 Ἱεροσόλυμα,
1017 3716 1060 3776 ὅτε
1074 3720 1116 3774 ἐπί
1131 3723 1179 3788 τῆς
1192 3724 1349 3792 προβατικῆς

192 3800 375 3873 κολυμβήθρας
390 3802 471 3857 ἐλθιίν
484 3803 510 3858 ἐν
526 3801 650 3875 σαββάτῳ
665 3801 754 3857 ίάσατο
766 3802 808 3859 τὰν
822 3804 1021 3870 τριακονταοκτοί
1037 3805 1116 3859 ἐτεσιν
1130 3805 1155 3859 ἐν
1167 3801 1287 3877 άσθενείᾳ
1300 3825 1347 3862 πα-

192 3889 365 3956 ραλελυμένον.
400 3884 563 3944 ’Δπεντεῦθεν
585 3886 668 3943 λοιπὸν
685 3891 860 3956 πληρωθέντος
877 3891 920 3944 τοῦ
939 3892 1030 3946 δεκτοῦ
1048 3890 1159 3945 ἐνιαυτοῦ
1181 3887 1289 3959 ἤρξαντο
1302 3890 1347 3947 αῦ-

190 3972 234 4032 τὰν
249 3972 369 4035 διώκειν,
396 3973 468 4037 έξότε
484 3973 526 4028 τὸν
545 3975 587 4030 ἐπί
603 3977 653 4041 τῆς
675 3972 856 4046 κολυμβήθρας
880 3975 1046 4042 παραλῦτικον
1067 3973 1157 4030 ίάσατο
1173 3975 1198 4031 ἐν
1215 3977 1347 4050 σαββάτῳ.

190 4055 259 4114 Eira
273 4057 345 4113 πάλιν
360 4060 442 4126 λέγει,
468 4056 613 4115 Ἐπιπλεῐον
628 4061 689 4128 (οἱα)
713 4058 818 4115 ἐδίωκον
837 4062 860 4114 οἱ
874 4056 993 4115 Ἰουδαῖοι
1006 4059 1048 4115 τὰν
1060 4058 1176 4128 Ἰησοῦν,
1201 4056 1239 4116 ὅτι
1256 4059 1284 4117 οῦ
1300 4063 1347 4132 μα’-

190 4162 229 4198 νον
246 4143 302 4198 έλυε
317 4142 345 4199 τὰ
364 4144 505 4215 σάββατον,
530 4142 595 4200 α’λλὰ
614 4145 658 4199 καί
679 4146 776 4210 πατέρα
796 4147 858 4201 ίδιον
875 4145 958 4214 ἔλεγεν
974 4145 1017 4200 τὰν
1033 4145 1105 4210 θεὸν,
1131 4144 1184 4201 ἶσον
1207 4148 1254 4215 (ita
1270 4150 1345 4203 etiam

190 4230 279 4280 Venet.
304 4230 406 4297 ubique)
431 4227 519 4286 ἑαυτὸν
541 4231 619 4285 ποιοῦν
641 4230 679 4300 τῴ
695 4232 757 4301 θεῷ.
792 4231 857 4292 Πιῦς
874 4221 916 4285 οῦν
939 4227 968 4286 οῦ
989 4233 1179 4300 καταγνωστέαι
1194 4235 1221 4287 αί
1236 4235 1345 4302 αἱρέσεις

190 4311 292 4380 έλλειπή
317 4318 432 4370 ποιοῦσαι
450 4313 493 4371 τὰν
515 4315 569 4371 υίίν
591 4315 656 4383 πρὸς
671 4315 715 4371 τὰν
731 4318 843 4384 πατέρας
874 4308 942 4370 Ἰσον
957 4316 1021 4384 γὰρ,
1046 4317 1139 4384 φασίν,
1165 4316 1252 4374 ἐαυτὰν
1268 4322 1344 4376 ποιοῦν

189 4399 227 4468 τῴ
244 4398 306 4467 θιῴ.
342 4399 420 4468 Λέγει
443 4399 471 4455 τὰ
495 4398 652 4469 εῦαγγέλιον,
676 4401 751 4456 Μετὰ
773 4401 899 4457 δὲταῦτα
921 4399 1035 4468 ἀπῆλθεν
1052 4397 1183 4469 α’Ἰησοῦς
1202 4404 1279 4472 πέραν
1294 4409 1344 4472 τῆς

189 4479 323 4549 θαλάσσης
343 4478 544 4552 τῆςΤαλιλαίας
558 4487 608 4553 τῆς
623 4485 788 4557 Τιβεριάδος,
815 4482 952 4553 ήκολοῦθιι
967 4485 996 4542 δέ
1011 4483 1082 4556 αῦτῴ
1103 4483 1177 4558 ὄχλος
1193 4487 1285 4553 παλὰς,
1312 4489 1343 4544 ὰ-

189 4567 282 4638 ριῦντες
295 4567 328 4627 τὰ
343 4576 439 4640 σημεῖα
456 4565 473 4626 ὰ
489 4569 567 4626 ἐποίει
580 4569 623 4626 ἐπί
636 4573 688 4628 τῶν
702 4567 883 4628 άσθενοῦντων.
917 4571 1039 4642 ’Δνῆλθεν
1055 4563 1099 4630 οῦν
1115 4571 1130 4629 ὰ
1144 4571 1247 4643 Ἰησοῦς
1262 4575 1299 4641 είς
1312 4577 1341 4634 τὰ
