3096 5070
425 298 563 351 Pudenti
579 298 644 350 LIII.
658 298 702 350 III.
718 296 801 348 Tuus.
817 297 848 346 II.
867 294 967 345 nauh.
984 293 1128 345 LXXVIII.
1292 283 1354 343 405

197 416 323 482 Mariam
347 428 414 503 post
437 415 588 483 Christum
614 418 753 481 in'lueem
771 415 879 479 editum
903 435 968 477 cum
986 413 1051 476 viro
1068 433 1122 475 suo
1143 410 1269 497 losepbo
1285 434 1355 475 con·

196 522 380 584 suetudinem
407 521 545 585 habuisse
569 521 713 583 dicerent.
759 516 855 601 Quam
871 516 986 600 quidem
1006 515 1191 600 opinionem,
1217 524 1356 598 utsupra

196 623 275 700 dixi,
309 622 345 687 ab
364 642 436 686 sene
452 623 502 686 illo
521 622 705 708 Apollinari,
737 631 788 683 aut
810 620 845 684 ab
865 620 929 682 eius
944 617 1094 701 discipulis
1116 637 1252 680 manasse
1272 637 1357 701 prae·

195 725 310 804 dicant,
341 727 378 789 de
402 726 604 809 quonoudum
628 723 697 786 mibi
724 722 833 807 liquido
854 731 981 783 constat.
1027 718 1190 804 Utcumque
1215 739 1283 782 sese
1307 739 1356 781 res

196 828 319 907 babeat,
344 849 408 890 cum
427 827 597 890 necessario
613 847 630 890 a
650 825 734 889 nobis
754 825 795 887 illi
812 823 958 887 refutandi
975 823 1052 899 siut,
1078 843 1115 884 ne
1134 824 1257 886 eundem
1275 821 1358 884 labo·

196 951 256 994 rem
272 931 368 993 denuo
386 940 570 1012 repetamus,
595 928 744 992 subiiciam
763 926 842 989 illam
856 926 1010 1011 ipsammet
1026 925 1196 1010 epistolam,
1222 944 1306 1008 quam
1326 923 1355 985 iu

196 1032 369 1095 Arabiama
393 1052 439 1093 me
456 1041 541 1094 antea
565 1031 703 1114 scriptam
722 1050 789 1092 esse
813 1029 986 1091 memoravi.
1033 1025 1117 1110 Quae
1135 1038 1181 1089 est
1200 1026 1353 1089 eiusmodi

279 1131 415 1196 Dominis
434 1133 507 1196 meis
523 1132 675 1216 plurimum
696 1130 890 1194 observandis
909 1151 943 1194 ac
959 1129 1119 1192 rarissimis
1137 1128 1220 1206 tiliis,
1244 1139 1274 1190 et
1291 1127 1353 1190 sin·
1341 1130 1509 1177 ‚urrunnun

1360 1184 1508 1228 Ertsroun

194 1235 271 1297 ceris
290 1234 444 1312 fratribus,
469 1236 599 1298 eiusdem
618 1233 802 1297 orthodoxae
822 1233 886 1295 fidei
907 1232 1142 1318 professoribus,
1173 1242 1230 1294 tam
1249 1251 1349 1293 sacer·
1329 1235 1509 1346 t-ffilffffis

194 1335 309 1399 dotibus
327 1358 411 1421 quam
429 1337 512 1400 laicis
531 1347 560 1401 et
576 1336 811 1416 catechumenis,
844 1333 1025 1420 Epiphanius
1044 1334 1247 1419 episcoporum
1268 1333 1351 1396 mini·
1358 1338 1502 1436 Mlfflgffl'

194 1459 257 1510 mus
282 1437 316 1502 S.
1371 1447 1433 1516 cap.
1448 1447 1479 1496 ιι.

278 1539 334 1604 Est
355 1542 409 1604 boc
429 1552 560 1626 ternpore
586 1543 662 1626 quod
686 1540 886 1605 admirandum
908 1539 993 1603 simul
1018 1551 1049 1603 et
1071 1562 1128 1603 non
1152 1539 1353 1602 admirandum

192 1643 338 1706 videatur.
394 1643 606 1708 Admiraudum
638 1645 771 1729 quidem,
815 1644 889 1726 quod
921 1653 1017 1706 aetate
1046 1654 1146 1706 nostra
1178 1641 1355 1727 impleantur

193 1746 302 1824 omnia,
328 1746 445 1809 minime
461 1768 533 1810 vero
550 1747 724 1823 mirandum,
750 1745 825 1829 quod
843 1746 943 1807 eadem
962 1744 1009 1807 illa
1029 1746 1141 1830 impleri
1159 1765 1283 1807 necesse
1301 1743 1350 1806 sit.

192 1846 311 1911 Etenim
328 1848 456 1931 quotidie
476 1850 560 1912 uobis
583 1848 740 1934 sophistica
760 1847 855 1931 aliqua
876 1847 1023 1909 cavillatio
1042 1868 1194 1933 perperam
1216 1847 1353 1909 allectata

192 1950 326 2013 humanis
349 1970 389 2012 ex
414 1948 540 2032 ingeniis
570 1951 773 2013 acuentibus
798 1950 940 2034 erumpit,
974 1959 1061 2033 atque
1086 1949 1114 2010 iu
1139 1950 1268 2012 deterius
1286 1970 1352 2034 pro-

192 2073 296 2135 gressa
308 2051 343 2114 ab
359 2052 518 2135 apostolica
532 2052 664 2114 doctrina
678 2053 835 2128 desciscit,
853 2052 1095 2135 quemadmodum
1112 2052 1261 2135 apostolos
1274 2050 1352 2115 Pau·

191 2154 237 2217 lus
256 2153 461 2238 praeduxerat,
486 2158 626 2236 Defirrbnt
638 2158 777 2235 podismo
793 2176 863 2215 sonu
882 2159 1029 2228 doctrino,
1054 2158 1228 2215 attendentes
1242 2156 1351 2236 fabulis
1363 2168 1505 2227 attacta.

189 2268 219 2317 et
233 2260 372 2318 doctrinis
388 2261 595 2319 doemoniorum
613 2267 671 2319 etc.
716 2254 794 2320 Nam
817 2256 914 2346 siqua
931 2277 998 2320 sese
1014 2277 1218 2341 perversarum
1238 2257 1351 2320 viarum

189 2358 429 2442 inquirendarum
456 2370 543 2442 atque
567 2358 826 2447 excogitandorum
855 2359 973 2422 occasio
995 2369 1026 2420 ct
1051 2359 1171 2421 facultas
1199 2357 1349 2437 obtulerit,

188 2459 218 2523 iu
236 2482 271 2523 en
289 2461 385 2546 potius
407 2461 553 2524 bominum
572 2462 667 2524 studia
688 2471 862 2540 versantur,
887 2482 972 2546 quam
994 2481 1033 2523 ex
1055 2471 1210 2545 praecepto
1228 2460 1278 2522 illo
1297 2481 1352 2524 ex-

189 2564 322 2647 equendo
339 2564 415 2646 quod
432 2563 562 2626 honesta
572 2575 601 2625 et
623 2563 832 2647 approbatione
849 2564 935 2648 digua
953 2583 1096 2647 quaerere
1113 2563 1211 2642 iubet,
1244 2574 1295 2628 aut
1308 2563 1351 2626 al-

191 2675 256 2728 tero
272 2664 322 2727 illo
339 2688 430 2726 sermo
445 2679 536 2727 nester
550 2670 610 2727 sule
625 2671 764 2740 conditus,
790 2678 823 2727 ιιι
834 2670 882 2727 det
893 2672 1019 2746 grutam
1035 2668 1222 2728 audientibus
1261 2665 1347 2750 Quod
1374 2679 1472 2789 Phutpp.

191 2768 217 2832 si
236 2769 308 2832 baec
327 2768 466 2832 attentius
490 2768 588 2832 auimo
614 2768 817 2846 revolvamus,
852 2769 927 2831 unde
947 2769 996 2830 liat
1016 2778 1046 2831 ut
1069 2768 1194 2854 pessima
1216 2790 1348 2853 quaeque
1362 2764 1479 2838 conflet

192 2870 303 2933 nobis'
296 2892 324 2931 ur
343 2871 405 2931 dies
430 2871 649 2951 instaurentur,
682 2882 710 2933 et
730 2870 854 2955 nosipsi
881 2871 1080 2956 imperitorum
1099 2871 1210 2934 similes
1228 2871 1349 2951 erimus,

191 2973 240 3057 qui
263 2971 370 3034 divinis
400 2972 498 3036 verbis
519 2984 549 3035 et
573 2973 720 3036 vaticiniis
743 2973 870 3036 animum
899 2974 994 3036 minus
1020 2973 1220 3037 adhibeamus.
1267 2973 1350 3038 llaec

191 3075 268 3138 euim
296 3072 410 3158 impleri
435 3094 557 3138 necesse
581 3088 643 3154 est,
678 3087 764 3159 atque
789 3075 818 3136 in
843 3075 979 3138 omnibus
1005 3075 1069 3137 lidei
1094 3075 1223 3160 partibus
1251 3076 1350 3161 perlici

191 3177 265 3260 quod
282 3175 388 3237 dictum
404 3187 461 3252 est,
488 3181 556 3238 Cum
571 3183 679 3239 uenerit
685 3181 772 3259 filiios
786 3182 908 3239 tommo
920 3181 1054 3258 confidem
1069 3184 1191 3240 incenset
1204 3185 1233 3241 in
1247 3187 1349 3241 terro?
1360 3191 1416 3238 uun
1426 3192 1491 3250 teu

192 3274 259 3359 Quo
276 3277 352 3339 enim
370 3278 485 3339 tandem
500 3283 639 3342 domenum
655 3303 732 3343 mens
741 3302 835 3361 prono
850 3285 879 3342 r‘n
897 3284 1000 3342 molum
1015 3282 1052 3341 ab
1066 3293 1162 3343 tenero
1176 3294 1268 3344 aetate
1281 3304 1349 3368 pro·
1363 3296 1490 3355 ueneat

192 3379 301 3443 cessit?
332 3377 428 3462 Quam
448 3401 506 3441 nou
525 3381 590 3443 bdei
607 3393 715 3466 partem
735 3381 953 3466 pessumdentur
984 3382 1138 3467 Quodnam
1157 3406 1228 3448 vero
1244 3386 1350 3470 dogma

191 3493 237 3544 est
251 3481 280 3544 in
304 3502 361 3564 quo
380 3481 522 3565 perditum
548 3482 664 3546 illorum
690 3485 841 3548 consilium
856 3484 990 3570 quicquid
1009 3489 1120 3549 Iructus
1141 3498 1204 3549 erat
1221 3500 1251 3549 et
1273 3488 1351 3551 utili·

192 3583 260 3646 tatis
276 3604 333 3645 non
355 3583 553 3668 perturbarit?
576 3606 640 3647 cum
658 3584 727 3647 illud
745 3587 836 3649 semel
854 3589 1039 3671 neglexisset
1057 3590 1133 3672 quod
1151 3590 1280 3674 apprime
1300 3591 1350 3653 de-

191 3686 292 3762 cebat,
325 3696 353 3747 et
378 3686 492 3748 ratione
519 3687 666 3768 praeditae
684 3697 806 3749 naturae
823 3690 910 3752 statui
933 3702 1163 3753 cousentaneum
1189 3703 1269 3768 erat,
1302 3691 1349 3755 cui

191 3789 304 3873 quidem
328 3789 396 3852 illud
421 3788 516 3872 potius
542 3788 751 3863 conveniebat,
787 3799 819 3851 ιιι
841 3788 964 3854 honesta
993 3814 1125 3877 quaeque
1153 3815 1186 3856 ao
1204 3779 1349 3876 'religiosa

190 3894 335 3978 cogitaret
351 3891 459 3968 animo,
484 3900 514 3952 et
528 3893 563 3952 ad
583 3912 619 3954 ea
635 3910 702 3953 sese
718 3890 765 3952 vel
782 3890 902 3953 invitam
918 3904 1035 3977 praeter
1053 3906 1185 3958 naturam
1204 3917 1299 3974 suam,
1324 3897 1350 3961 si

190 3995 231 4058 its
250 4015 373 4058 necesse
394 3995 488 4071 loret,
520 3992 774 4071 accommodaret,
809 4014 893 4076 quam
921 4006 952 4055 ut
975 3997 1011 4058 ad
1036 3998 1182 4061 deteriora
1203 3998 1350 4062 violenter

190 4098 305 4160 enitens
329 4117 402 4180 quae
425 4116 497 4159 vera
519 4107 586 4158 sunt
610 4097 644 4159 ad
668 4097 789 4181 prolana
813 4117 847 4158 ac
870 4096 989 4159 ridicula
1013 4098 1212 4183 detorqueret.

276 4197 391 4262 Etenim
417 4209 604 4283 posteaquam
623 4198 864 4284 blasphemiarum
887 4218 996 4282 genera
1024 4201 1122 4264 omnia
1141 4223 1174 4264 ac
1193 4223 1348 4287 quaecum·
1368 4221 1428 4292 esp.
1440 4225 1483 4275 111.

224 4323 284 4385 3.'
266 4351 316 4399 αρα
333 4338 401 4386 codd.
416 4351 471 4387 mss.
505 4328 556 4399 ἄρα
572 4337 629 4385 editi
646 4338 705 4386 ttort
786 4353 846 4388 voro
867 4337 1021 4387 sermonibus
1039 4336 1130 4387 malum
1148 4337 1277 4389 consilium
1298 4356 1347 4393 uou

224 4399 248 4450 l.
266 4403 314 4455 ποῦ
331 4403 493 4470 παρέφὲιασει
511 4406 562 4454 cod
556 4406 676 4488 Itbedr'p
784 4404 893 4454 turbarit
913 4405 1044 4456 utilitatem
1063 4422 1147 4456 eorum
1161 4407 1202 4473 qui
1220 4406 1346 4459 decentis-

224 4470 247 4519 5.
258 4472 438 4522 derodendum
446 4466 569 4534 fortusse*
554 4489 631 4525 οντων
641 4470 676 4525 δὲ
695 4475 751 4523 Gor·
785 4473 840 4523 simi
854 4483 912 4523 sunt
925 4484 951 4524 et
964 4475 990 4525 iu
1004 4485 1071 4525 statu
1084 4474 1212 4528 rationalis
1223 4479 1344 4530 naturae?

188 4541 272 4590 ιιιιιιι
292 4542 376 4590 iunctis
396 4543 525 4594 snumiotis
540 4541 629 4593 ιιιιιιι·
621 4559 645 4590 m
664 4540 750 4610 quibus
784 4545 896 4594 Petaurus
913 4546 989 4596 ιιιιιιι
1006 4547 1129 4610 qutppr'orn
1146 4547 1274 4597 mbttrotus
1287 4553 1328 4600 ιιι
