3096 5070
340 301 478 354 sannen
495 301 561 355 ιιι.
575 303 618 354 ιιι.
635 302 719 355 ron.
730 302 749 352 1.
768 301 999 354 nnunmxxvr.
1186 288 1248 355 tot

92 443 149 507 que
164 418 323 485 usuvenire
340 421 489 486 cernimus
506 421 554 506 qui
574 420 732 506 sophistica
756 422 880 505 qondam
899 420 1014 483 ratione
1032 419 1161 484 inventis
1178 442 1196 484 ι
1215 442 1249 485 ιι

90 526 270 611 syllogismis
296 526 479 592 diversarum
503 544 602 587 rerum
628 543 748 586 caussas
771 522 920 607 inquirere
940 532 971 585 et
988 521 1168 606 investigare
1188 532 1249 587 ιιιι-

72 629 172 702 ιΙιιιι.
219 625 320 692 Veluti
340 630 406 692 mali
431 628 506 712 quod
525 625 698 711 principium
718 624 825 703 luerit3
854 622 1084 713 alh-,undenam
1118 635 1148 688 et
1166 624 1249 689 cuius

90 730 136 796 rei
152 731 247 816 gratia
263 731 396 795 diabolus
411 729 564 807 extiterit,
597 727 713 812 quidam
732 727 768 790 de
784 712 908 792 homin&
917 736 1075 812 peccaturo
1092 738 1248 811 quaerunt,

91 855 145 898 cur
162 835 238 897 huuc
255 834 328 897 deus
346 853 381 897 ea
400 831 568 895 conditione
584 829 805 915 procreaverit,
838 838 889 893 ant
904 829 952 913 qui
968 829 1055 893 talem
1081 829 1249 907 fabricarat,

47 942 53 953 “
92 957 146 1000 cur
160 937 303 999 incusarit
319 946 433 1020 postea.
481 931 520 998 Ut
536 955 601 997 curu
617 931 717 996 varim
734 932 764 995 in
782 943 881 1017 partes
900 931 1013 995 animos
1029 952 1100 995 snos
1119 953 1154 994 ao
1170 931 1251 1015 cogi-

91 1038 219 1101 tationes
238 1038 435 1114 intenderint,
460 1058 494 1099 ae
510 1033 692 1120 corruptioni
711 1056 744 1098 se
763 1034 910 1098 obnoxios
926 1033 1145 1112 intellexerint,
1177 1033 1251 1119 patri

93 1160 129 1201 ae
146 1140 205 1202 lilio
222 1149 252 1201 ιι
268 1138 383 1223 spiritui
404 1149 523 1216 sancto,
548 1139 603 1201 hoc
618 1149 665 1201 est
682 1137 731 1200 uni
749 1158 784 1201 ao
800 1136 941 1220 singulari
960 1135 1101 1215 trinitati,
1125 1156 1253 1200 venera·

96 1238 212 1302 tionem'
226 1261 261 1302 ac
275 1239 429 1303 scientiam
445 1240 597 1319 delerant,
630 1241 776 1324 abeoquo
793 1260 884 1303 verae
901 1238 966 1302 lidei
985 1238 1182 1323 coguitionem
1201 1260 1252 1323 po-

96 1341 224 1418 stulent,
248 1343 524 1425 atqueimpetreu13
555 1351 588 1404 nt
606 1361 644 1404 ue
661 1363 828 1407 mensuram
846 1343 992 1428 propriam
1011 1341 1175 1420 excedant,
1200 1341 1252 1404 sed

96 1442 133 1506 ab
155 1452 331 1506 occaecatae
354 1443 461 1505 mentis
485 1442 594 1528 impetu
617 1446 845 1527 conquiescant.3
877 1465 953 1507 neve
974 1465 1100 1508 aceensa
1117 1444 1253 1507 incitata-

96 1565 152 1629 que
172 1544 271 1629 lingua
288 1555 318 1608 ιι
335 1544 567 1628 imprudentibus
590 1545 818 1627 cogitationibus
836 1546 964 1630 argutari
982 1547 1086 1610 malint
1100 1568 1186 1632 quam
1205 1567 1253 1610 sa·

96 1645 278 1731 pientissima
295 1647 346 1710 illa
360 1647 524 1731 scripturae
541 1645 689 1710 sannatia
707 1647 864 1730 castigari,
896 1652 961 1711 Non
976 1672 1077 1732 supere
1087 1652 1155 1731 ptus
1170 1670 1253 1731 quum
1266 1671 1332 1717 ann.
1342 1673 1374 1727 ru,
1385 1673 1405 1717 a.

97 1761 210 1831 oportet
228 1771 345 1830 supere,
370 1753 422 1810 secl
441 1770 542 1830 supere
562 1751 601 1810 cd
621 1749 810 1809 sobrietatem.

182 1851 262 1914 neni
283 1848 381 1936 Caput
396 1848 538 1916 XXXll.
586 1847 619 1914 Si
642 1852 672 1912 iu
692 1849 822 1934 ingenita
847 1861 952 1915 natura
976 1864 1150 1938 perseverat
1167 1853 1264 1935 deus,

98 1954 307 2019 detrahendum
326 1954 381 2017 hoc
396 1953 423 2016 ei
441 1963 506 2031 est,
536 1964 568 2017 ut
584 1953 722 2037 generari
737 1974 769 2016 se
784 1963 870 2036 atque
884 1953 1045 2037 ingenitum
1062 1976 1129 2019 esse
1143 1977 1255 2040 cogno·

97 2067 172 2121 scat.
219 2054 305 2140 Quod
324 2055 351 2120 si
367 2055 394 2118 id
416 2055 456 2118 illi
477 2055 579 2134 detur,
612 2065 644 2118 ut
666 2076 720 2141 per
737 2053 829 2139 geniti
854 2054 1033 2139 ingenitique
1057 2057 1252 2122 conditionem

97 2159 175 2224 illius
197 2168 301 2221 natura
326 2158 512 2236 traducatur,
547 2158 740 2221 substantiam
764 2157 827 2248 ipsc
849 2177 933 2220 suam
958 2157 1093 2241 ignorat,
1126 2180 1192 2222 oum
1218 2161 1254 2223 ab

97 2273 241 2346 utraque,
272 2260 364 2345 geniti
391 2259 506 2323 scilieet
532 2269 619 2344 atque
643 2259 784 2345 ingeniti,
819 2259 960 2343 qualitate
983 2259 1173 2324 distrahatur.
1220 2257 1254 2326 Si

97 2386 170 2428 vero
186 2361 316 2447 genitum
340 2362 518 2425 conditionis
543 2361 665 2446 ingeniti
690 2363 836 2448 particeps
862 2371 925 2439 ιιι,
959 2371 989 2424 ιι
1012 2361 1136 2446 ingeniti
1151 2372 1255 2427 natura

99 2477 240 2551 perpetuo
258 2474 375 2544 manat,
400 2484 525 2527 neccsse
543 2476 637 2528 estut
655 2486 688 2527 ιι
705 2466 878 2550 imparleota
895 2465 924 2527 iu
943 2476 1047 2527 natura
1065 2463 1255 2528 coustitutum

100 2577 259 2651 agnoscat,
293 2579 323 2630 et
348 2567 426 2629 illam
453 2566 577 2652 ingeniti
600 2566 833 2631 communionem
861 2567 989 2651 ignoret.
1043 2564 1150 2650 Neque
1177 2567 1255 2630 euim

101 2667 177 2731 idem
202 2669 238 2730 tle
260 2688 293 2730 se
313 2667 377 2753 ipso
400 2678 431 2731 et
445 2669 593 2753 ingenitae
616 2669 797 2735 substantiae
823 2682 854 2733 et
871 2670 990 2752 genitae
1010 2667 1140 2732 notitiam
1163 2668 1258 2731 iniur-

101 2790 180 2833 mare
195 2778 302 2854 potest.
350 2768 409 2832 lam
431 2764 502 2833 ve'ro
519 2771 544 2833 si
560 2771 681 2856 ingeniti
701 2773 863 2858 proprietas
880 2771 954 2836 levis
972 2782 1019 2834 est
1035 2793 1069 2834 ae
1086 2770 1197 2834 minimi
1215 2772 1257 2834 la-

100 2872 222 2951 cieuda,
255 2873 330 2957 quod
354 2873 596 2937 inmutationem
622 2875 843 2958 proclinent,
879 2873 1067 2937 immutabilis
1091 2872 1257 2937 substantia

101 2985 224 3038 naturae
244 2976 383 3058 quaedam
401 2975 529 3061 dignitas
543 2988 606 3055 est,
630 2998 694 3041 cum
712 2977 843 3061 ingenita
858 2975 1023 3041 substantia
1039 2976 1168 3040 omnium
1185 2996 1256 3039 oon·

100 3078 229 3142 lessioue
251 3077 365 3142 caussis
387 3078 523 3142 omuibus
545 3079 713 3143 antecellat.

185 3176 307 3245 Conlut.
326 3183 448 3244 xxxtt.
495 3184 519 3244 l.
542 3179 663 3245 Nemini
679 3181 797 3246 dubium
812 3190 858 3245 est
873 3179 943 3264 quin
956 3180 1088 3264 ingenita
1103 3179 1132 3243 iu
1149 3188 1256 3243 natura

99 3283 171 3347 deus
193 3293 384 3369 perseveret,
418 3295 520 3367 puter,
552 3286 601 3369 qui
619 3285 656 3348 ala
674 3285 765 3348 nihilo
789 3283 902 3347 creavit
917 3304 952 3346 ae
968 3281 1122 3347 fabricavit
1143 3283 1254 3361 omnis,

100 3387 188 3449 lilium
211 3406 283 3449 vero
304 3384 582 3449 consubstantialem
603 3387 752 3472 eseipso,
787 3398 874 3471 atque
900 3385 1067 3449 aeternitati
1089 3405 1162 3448 suae
1185 3405 1256 3448 cou-

100 3497 256 3569 gruentem
280 3487 399 3569 genuit5
429 3505 484 3550 uec
507 3509 566 3549 uon
585 3499 615 3551 ιι
630 3490 764 3574 spiritum
787 3500 918 3553 sanctum
939 3487 1071 3573 eseipso
1095 3488 1257 3571 proceden-

102 3597 181 3662 tem,
217 3596 248 3649 et
269 3586 400 3650 eiusdem
427 3587 609 3652 substantiae
633 3592 830 3656 communioni
856 3612 1004 3677 peraeque
1030 3589 1255 3654 convenientem

103 3686 254 3776 produxit.
299 3684 385 3769 Quod
404 3699 503 3752 autem
527 3689 629 3753 eadam
646 3692 694 3754 illa
711 3693 827 3756 trinitas
843 3712 1034 3777 quaecunque
1050 3703 1151 3757 sunta
1166 3692 1257 3756 nihilo

102 3789 291 3879 procreavit,
327 3799 386 3851 tam
403 3788 591 3873 aspectabilis
609 3811 694 3874 quam
712 3814 785 3876 qnae
803 3805 951 3877 aspectum
973 3794 1103 3878 lugiunt,
1136 3815 1194 3857 nou
1214 3793 1258 3856 id-

102 3895 182 3959 circo
205 3891 346 3977 idipsum
370 3891 446 3975 quot
472 3890 589 3954 livinae
611 3893 755 3956 maiestati
781 3907 1010 3960 consentaneum
1036 3908 1098 3976 ιιι,
1135 3895 1191 3959 boc
1214 3906 1259 3959 est

102 3994 260 4061 existentis
278 3993 458 4072 aeternitas,
492 3994 605 4058 recenti
622 3994 671 4056 illa
687 4003 849 4058 creatarum
866 4018 963 4061 rerum
982 3998 1168 4083 appellationi
1188 3998 1258 4061 sub-

105 4098 239 4162 trahitur.
282 4094 362 4160 Nam
378 4095 414 4159 ab
429 4096 552 4160 istarum
569 4095 736 4161 conditione
753 4117 865 4161 summa
881 4099 929 4161 illa
942 4099 1105 4163 substantia
1122 4121 1157 4164 ae
1173 4121 1259 4185 prae·
1367 4181 1370 4187 ,

106 4197 215 4262 cellans
243 4199 401 4278 eximitur,
432 4199 603 4284 quibuscum
620 4197 739 4262 minime
757 4198 1014 4264 consubstantialis
1034 4211 1099 4279 est,
1131 4204 1259 4266 sedeas

108 4298 230 4363 euihilo
252 4301 359 4386 aliquid
384 4313 415 4365 ut
435 4311 537 4367 esseut
559 4301 715 4366 excitarit.
761 4298 863 4385 Quare
887 4301 962 4364 lilius
987 4312 1104 4386 apatre
1128 4304 1258 4387 genitus,

140 4464 166 4519 fi.
184 4467 265 4529 Supra
280 4464 485 4539 ιὶμολογημίιης.
731 4470 756 4524 7.
775 4465 852 4524 sirei
868 4473 919 4524 cod.
938 4472 1034 4536 ltbecttp.
1043 4507 1051 4535 ‚
1075 4477 1096 4522 ιι
1112 4474 1164 4522 cod.
1180 4475 1227 4525 lan.
1244 4487 1261 4523 o

699 4554 731 4591 m.
747 4556 784 4603 pr.

981 4630 1022 4693 20
1040 4626 1058 4664 ⁴¹
