3096 5070
323 290 459 346 ennean
478 289 542 340 crs.
556 290 601 341 nr.
624 288 706 341 rom.
720 288 751 339 n.
776 287 892 338 exros.
909 285 975 336 ern.
994 284 1136 338 cursam
1245 271 1308 336 485

152 434 227 477 mus.
274 409 360 495 Quod
385 411 500 496 quidem
520 407 685 472 iamdudum
703 408 732 469 in
755 408 833 470 votis
851 405 1019 479 habuimus,
1053 427 1118 468 oum
1134 405 1163 467 in
1182 404 1311 488 quolibet

151 527 296 579 saetarum
316 511 479 577 istiusmodi
497 512 581 588 loeo,
605 510 649 572 sio
666 520 799 594 tanquam
819 509 847 571 in
863 506 1004 587 Marrha,
1028 519 1059 570 et
1073 506 1104 570 in
1122 507 1309 570 formidolosa
1325 519 1436 567 eroum

150 638 184 681 ao
200 617 340 700 squallida
361 627 391 678 et
405 615 556 678 inaccessa
574 610 749 691 solitudine,
772 612 801 674 in
821 611 955 693 obliquos
972 632 1006 672 aa
1025 621 1175 673 tortuosos
1193 609 1308 672 illorum

149 740 302 784 sermones
330 718 561 781 incurreremus.
623 712 712 776 Nune
742 713 810 776 illud
842 713 907 775 inre
939 722 1041 775 nostro
1073 711 1307 798 pronuntiemus,

149 825 381 901 Quemadmodum
396 822 538 881 desiderat
552 839 651 878 emarus
664 819 808 900 adfantes
823 837 977 896 opacarum,
1005 819 1045 876 itu
1058 819 1200 877 desiderat
1212 819 1306 876 unehm
1319 821 1460 876 aarum·

148 947 208 987 meu
223 927 262 985 ud
281 934 320 997 te,
343 926 430 997 deus5
455 920 536 997 item,
562 923 678 998 Qrmudo
694 924 811 992 ueniam,
836 930 866 979 et
879 918 1020 998 apparebo
1038 928 1104 978 ante
1121 920 1224 1000 sacrem
1240 922 1309 980 deii

148 1025 227 1111 Quin
243 1035 273 1088 el
288 1044 343 1089 nos
359 1023 490 1089 siosdm
507 1022 669 1106 scripturae
687 1021 785 1083 verbis
801 1041 939 1104 sponsam
956 1040 1108 1097 voeernus,
1133 1042 1192 1083 non
1209 1031 1241 1083 ut
1257 1018 1308 1082 ille

147 1130 239 1215 ipsius
265 1142 442 1210 sponsane
466 1124 619 1201 domiuus,
651 1143 724 1201 rex,
756 1124 845 1200 deus,
875 1133 905 1185 et
928 1133 1094 1204 protector,
1119 1125 1170 1186 sed
1193 1133 1225 1186 ul
1244 1122 1307 1185 eius

147 1231 226 1294 servi
254 1230 355 1292 iisdem
380 1227 482 1310 quibos
507 1227 568 1311 ipse
593 1225 692 1288 verbis
718 1225 795 1288 illam
817 1226 1014 1310 appellemus,
1050 1230 1121 1295 Vem
1142 1228 1176 1285 de
1197 1226 1446 1290 Libanocmtee

145 1354 263 1414 morsa,
288 1335 417 1413 quantiam
437 1342 495 1391 tota
505 1331 630 1411 pulebra
647 1351 693 1402 es,
718 1340 747 1389 et
761 1332 871 1389 maenala
894 1351 950 1390 non
976 1340 1019 1389 est
1040 1333 1069 1388 in
1087 1339 1130 1389 te:
1163 1323 1307 1389 Paradise

146 1433 250 1498 summi
269 1432 406 1509 artificis,
432 1431 625 1514 sancti'regis
642 1430 763 1502 civitas,
790 1431 851 1515 puri
870 1430 1029 1514 illibatique
1050 1426 1162 1493 Christi
1184 1449 1304 1512 sponsa,

146 1535 310 1601 castissima
330 1534 432 1618 virgo,
464 1534 512 1597 uni
530 1553 565 1596 ae
584 1532 725 1615 singulari
745 1532 810 1595 viro
829 1534 975 1617 desponsa
999 1533 1175 1613 perfidem,
1207 1532 1306 1617 splen·

146 1638 212 1701 dida
230 1649 259 1700 el
275 1640 398 1699 diluculi
410 1642 502 1698 rhetor
518 1657 675 1716 emergens,
696 1638 818 1716 pulchra
833 1648 865 1695 ut
883 1638 961 1709 luna,
987 1638 1076 1696 electa
1091 1647 1124 1696 ul
1138 1639 1193 1709 sol,
1219 1639 1444 1703 terrionem.

146 1743 210 1804 dr'la's
224 1752 258 1800 ut
272 1751 430 1800 castrorum
445 1744 520 1800 acies
535 1742 682 1811 ordinata,
708 1757 792 1820 quam
810 1743 927 1817 regmae
942 1740 1048 1799 beatum
1062 1743 1248 1819 praedicant,
1275 1748 1306 1801 el

144 1833 264 1927 pellices
288 1841 455 1918 celebrant,
487 1851 517 1902 et
542 1840 654 1924 puellae
680 1839 864 1916 collaudant,
896 1862 968 1920 quae
991 1844 1119 1903 ascendis
1141 1865 1157 1903 e
1177 1845 1299 1917 deserto,
1317 1853 1446 1912 caueae.

145 1943 380 2031 splendidissimo
400 1945 527 2006 candore
546 1942 707 2020 collucens,
732 1951 762 2004 et
776 1947 875 2003 ahaim
890 1947 1033 2022 patrueli,-
1060 1966 1131 2024 quoe
1146 1956 1304 2024 ungrueato-

143 2069 207 2108 rum
213 2049 413 2129 fragrantiam
423 2047 542 2117 redoles,
560 2067 632 2125 quae
643 2048 771 2106 ascendes
785 2067 801 2104 e
816 2048 937 2118 deserto,
957 2058 1088 2126 tanquam
1106 2051 1220 2126 virgula
1230 2049 1307 2128 fumi

143 2173 181 2212 ee
194 2152 328 2229 myrrhae
345 2153 471 2228 turisque
489 2148 602 2227 suffitu,
624 2159 707 2226 atque
719 2171 757 2208 ea·
772 2152 943 2208 ammalarii
951 2150 1119 2228 puluisculo,
1137 2154 1305 2231 quisuams-

142 2257 241 2314 simum
258 2254 369 2311 odorem
390 2252 544 2310 ambulavit.
592 2244 688 2330 Quem
702 2249 751 2312 illa
765 2251 938 2331 praevidens
956 2249 1086 2328 dicebat,
1125 2255 1300 2332 Unguentum
1315 2283 1380 2327 cm,
1389 2283 1409 2340 1,
1421 2286 1444 2329 2,

143 2356 264 2440 effusum
276 2375 374 2414 nomen
387 2364 481 2413 tuum:
496 2362 648 2433 propterea
662 2363 692 2411 el
702 2355 925 2413 adolescentulae
942 2356 1107 2414 daleeerunt
1118 2366 1162 2415 te:
1180 2378 1252 2436 quae
1266 2361 1305 2418 ad
1333 2386 1417 2432 esaim

85 2463 89 2470 '
142 2461 287 2518 desieram
301 2460 380 2536 regis
394 2459 515 2527 assuatis,
531 2455 691 2534 fimbriatis
709 2458 807 2515 ahduta
823 2457 944 2516 eesh'bus
958 2466 986 2517 et
1003 2455 1124 2518 intextis
1141 2478 1226 2536 auro,
1250 2479 1302 2520 ua·
1334 2440 1367 2494 ⁴⁴‘
1382 2439 1414 2483 ¹⁴·

143 2558 252 2643 riisque
271 2559 426 2643 perpolita,
451 2577 526 2641 quae
542 2556 758 2619 tenebricosum
774 2556 844 2619 nihil
861 2557 962 2635 habes,
983 2568 1031 2621 aut
1047 2558 1215 2639 obscurum,
1230 2583 1302 2641 quae
1315 2576 1380 2621 ome
1388 2576 1409 2631 1,
1421 2577 1441 2623 s.

141 2665 259 2740 aspare
273 2665 411 2740 quondam
428 2662 549 2740 abiectu,
571 2662 695 2738 pulchra
710 2681 784 2720 auae
801 2683 847 2733 es,
871 2674 900 2720 et
916 2665 1052 2722 eandida:
1088 2672 1118 2723 ul
1139 2682 1204 2724 eum
1220 2663 1254 2724 ad
1274 2672 1302 2726 le

142 2761 364 2845 pervenerimus
382 2782 398 2823 a
418 2761 593 2825 tristissimis
613 2761 669 2824 illis
690 2760 852 2825 haereseon
873 2763 1032 2840 molestiis,
1067 2784 1137 2847 quas
1161 2764 1301 2829 haetenus

143 2863 306 2942 abivimus,
330 2863 486 2947 aliqnando
503 2884 672 2941 cessemus,
697 2873 726 2925 et
745 2885 761 2926 a
781 2875 982 2948 tempestatum
1001 2867 1299 2950 decumanorumqne,

143 2965 190 3049 qai
206 2965 264 3027 illie
278 2976 363 3043 sont,
389 2967 526 3029 ductuum
544 2965 960 3049 iactatione<coniquieseentes
978 2969 1008 3030 in
1026 2978 1067 3047 te,
1091 2979 1193 3031 sancta
1209 2980 1302 3032 mater

141 3067 285 3146 eeclesia,
318 3078 348 3130 et
373 3068 401 3130 in
419 3079 522 3132 sancta
547 3069 679 3131 doctrina
705 3078 753 3132 tua
777 3089 810 3132 ao
832 3080 933 3133 sancta
952 3072 1078 3155 pariter,
1109 3072 1230 3155 solaque
1254 3072 1301 3134 dei

141 3170 196 3233 lide
216 3181 246 3231 et
265 3169 390 3232 veritate
409 3172 598 3255 respiremus.
645 3168 705 3233 Sed
731 3191 807 3254 quae
832 3172 862 3234 in
888 3172 941 3234 bac
966 3175 1028 3257 ipsa
1047 3173 1231 3237 sanctissima
1253 3174 1299 3238 dei
1409 3242 1412 3248 ,

140 3271 261 3336 ciuitate
287 3271 479 3336 admiratione
504 3274 591 3357 digna
614 3284 682 3336 sunt
708 3295 830 3336 narrare
854 3273 910 3336 iarn
936 3274 1103 3357 aggrediar.
1159 3274 1299 3340 Gloriosa

140 3374 217 3438 enim
239 3375 273 3435 de
294 3373 342 3434 ilia
360 3374 536 3453 dictasunt,
561 3387 592 3438 ut
610 3375 749 3459 propheta
768 3375 912 3460 loquitor,
945 3381 1075 3439 Gloriosa
1090 3383 1166 3440 dieta
1183 3384 1452 3463 suntden..12,oe,n

141 3489 184 3550 te,
210 3481 309 3537 ciuitas
326 3480 389 3537 dei!
432 3471 518 3557 Quae
535 3489 604 3539 sunt
619 3478 762 3540 eiusmodi
779 3489 811 3540 ut
827 3501 890 3541 oum
909 3501 994 3543 nemo
1011 3501 1048 3545 ea
1065 3482 1230 3544 mortalium
1249 3501 1300 3567 pe·

141 3577 218 3640 nitus
233 3577 350 3660 assequi
368 3577 478 3661 possit,
512 3588 570 3639 tom
589 3578 625 3641 ab
640 3579 803 3643 infidelibus
819 3582 931 3660 aliena,
963 3582 1094 3647 ildelibas
1111 3605 1145 3646 ae
1164 3584 1298 3646 ueritatis

139 3680 279 3742 studiosis
295 3701 334 3742 ex
354 3690 436 3764 parte
453 3679 540 3741 liceat
558 3680 721 3762 attingere,
747 3693 865 3745 ostensa
882 3683 984 3747 iisdem
1004 3684 1119 3748 interim
1140 3686 1298 3769 promissa·

140 3802 196 3866 que
221 3782 336 3845 illorum
361 3784 488 3866 perlecta
510 3783 715 3865 possessione,
748 3804 832 3868 quam
858 3785 885 3847 in
911 3787 1031 3849 coelesti
1055 3808 1148 3870 regno
1169 3790 1297 3872 ipsorum

139 3885 273 3948 dominns
298 3885 465 3963 exhibebit,
499 3885 546 3945 obi
574 3893 676 3945 sancta
699 3883 746 3946 illa
768 3887 851 3968 virgo
869 3899 898 3949 el
922 3887 1008 3951 heres
1025 3911 1089 3951 oum
1108 3910 1217 3974 sponso
1243 3913 1297 3955 suo

138 3987 329 4051 hereditatem
353 4008 386 4050 ac
410 3987 613 4072 patrimonium
637 3986 775 4049 obtinuit.

223 4087 372 4173 Principio
397 4090 553 4153 tenendum
572 4088 640 4150 illud
669 4099 730 4166 est,
765 4090 977 4154 moderatorem
1006 4091 1133 4156 omnium
1155 4094 1239 4158 deum
1260 4096 1295 4159 ad
1316 4126 1376 4195 eq„
1389 4128 1431 4179 [ῃ.

138 4211 193 4254 nos
225 4194 373 4275 pertinere
405 4192 540 4276 proprie,
578 4192 625 4274 qui
648 4213 665 4255 e
688 4203 790 4255 saneta
820 4193 867 4256 illa
900 4216 1000 4259 surnus
1032 4197 1157 4259 eeclesia
1189 4197 1293 4281 geniti.

139 4289 221 4353 Hace
241 4306 286 4356 est
302 4295 378 4357 enim
396 4294 523 4356 omniurn
543 4294 571 4356 in
587 4295 726 4358 tradenda
751 4296 876 4360 veritate
900 4298 991 4381 primo
1011 4299 1241 4380 demonstratio,
1266 4311 1295 4363 et

136 4462 224 4523 latior,
247 4468 268 4512 et
289 4467 324 4513 ita
347 4470 464 4515 emaum
481 4468 608 4517 domarius
631 4473 699 4530 atque
767 4468 791 4518 2.
810 4461 933 4532 ἀληθείας
956 4460 1055 4534 (oilardi
1078 4472 1129 4520 eod.
1146 4471 1203 4540 len.)
1226 4474 1294 4527 mad.

136 4532 256 4581 Petuntur.
733 4541 779 4588 lere
796 4543 817 4587 et
832 4539 930 4600 Rhedtp.
958 4533 1080 4605 ἀλήθειαν
1095 4541 1160 4592 editi.
