3096 5070
273 284 411 338 tanuen
429 283 494 335 nra.
507 284 553 334 ιιι.
571 282 654 336 roro.
670 283 701 332 ιι.
720 270 836 333 meos.
853 281 917 332 ιιι).
938 279 1082 332 cernor..
1195 268 1256 331 515

102 415 134 469 et
148 404 281 490 spiritum
310 414 441 468 sanctum
462 424 478 465 a
499 412 581 487 patre
607 401 724 486 liliaque
749 421 807 464 nnn
827 400 972 479 alienum,
1006 398 1183 477 trinitatem,
1213 399 1258 461 in-

102 528 207 593 quam,
231 526 305 591 quae
322 527 439 589 semper
455 504 512 583 sit,
538 525 633 588 neque
646 504 733 567 ullius
747 503 928 566 accessionis
945 511 1043 585 egeat,
1069 521 1163 584 neque
1179 501 1259 584 quic·

102 629 188 695 quarn
220 609 249 672 in
276 629 344 672 sese
375 607 500 671 inferius
525 606 647 683 habeat,
683 626 815 690 quaeque
842 605 876 668 ad
900 604 1078 688 singularem
1103 604 1256 682 unitatem,

102 714 278 797 unicumque
293 712 338 774 dei
355 731 388 773 ac
408 709 499 794 patris
523 706 695 794 principium
722 709 879 771 referatur.
926 706 974 769 Ab
993 706 1095 769 eadem
1116 705 1257 784 trinitate,

103 826 203 902 patre,
236 814 295 877 lilio
323 823 354 876 et
379 812 482 896 spiritu
505 821 609 875 sancto
635 822 733 874 creata
757 830 824 873 esse
851 820 972 886 cuncta,
1003 829 1078 891 qnae
1104 806 1259 892 aliquando

104 939 163 983 nnn
180 918 358 994 extiterant,
393 935 487 998 neque
505 935 570 977 cum
595 914 650 987 dep
667 924 753 990 sunt,
787 913 1078 988 necantelueraut,
1109 910 1261 973 sedeni-

104 1019 164 1085 hiln
181 1018 288 1104 aliquid
307 1038 374 1082 esse
392 1027 570 1102 coeperunt,
604 1025 737 1100 epatre,
765 1014 824 1077 lilio
849 1024 1009 1098 sanctoque
1032 1012 1135 1097 spiritu
1155 1012 1261 1096 produ·

105 1132 164 1186 cta.
210 1119 297 1184 lluuc
311 1120 406 1204 ipsum
423 1129 533 1204 patrem
552 1129 581 1180 et
598 1117 686 1180 hlium
703 1127 733 1178 et
749 1116 882 1199 spiritum
899 1126 1031 1179 sanctum
1049 1114 1084 1177 ab
1103 1114 1175 1177 urhe
1192 1135 1262 1177 con-

106 1223 166 1288 ditn
188 1222 299 1287 sanctis
317 1222 378 1286 suis
398 1242 450 1305 per
466 1221 560 1285 visum
576 1218 766 1305 apparuisse,
791 1229 928 1301 qnantum
947 1238 1053 1302 capere
1071 1218 1194 1302 quisque
1211 1239 1261 1301 po·

107 1336 199 1404 terat,
231 1345 266 1388 ac
283 1346 334 1408 pro
353 1345 390 1387 en
407 1345 442 1388 nc
460 1323 579 1386 cuilibet
596 1323 808 1386 communicata
826 1342 878 1405 per
895 1320 1075 1385 divinitatem
1092 1320 1187 1404 gratia
1204 1330 1262 1398 est,

106 1450 191 1512 quam
217 1428 255 1493 iis
282 1426 417 1491 omnibus
446 1426 494 1509 qni
522 1425 711 1489 merebantur
738 1423 888 1507 impertiit.
945 1422 989 1487 lta
1015 1424 1105 1507 patris
1129 1434 1264 1508 aspectus

107 1530 265 1614 uuicuique
283 1530 444 1615 permissus
461 1539 523 1607 est,
557 1539 696 1611 quantum
711 1547 814 1590 vocem
830 1527 908 1590 illius
925 1526 1042 1601 audire,
1066 1547 1102 1588 ac
1117 1536 1201 1610 prout
1219 1546 1267 1589 rn-

104 1652 178 1717 pere
196 1643 322 1716 poterat.
368 1629 408 1696 Ut
425 1651 488 1693 cum
511 1650 563 1715 per
585 1628 691 1693 isaiam
714 1628 754 1692 ita
771 1628 914 1712 loquitur,
944 1632 1020 1691 Ecce
1037 1631 1179 1708 r‘ntellrget
1189 1650 1262 1709 puer
1274 1641 1418 1697 enatuere.

108 1754 184 1794 meos
199 1738 330 1796 dilectos.
378 1731 463 1816 Quae
479 1732 569 1817 patris
584 1731 675 1816 ipsius
694 1731 783 1795 rerba
801 1741 880 1793 suut.
928 1728 980 1794 Sic
997 1729 1102 1795 Daniel
1116 1729 1266 1814 antiquum
1290 1741 1345 1788 noa
1356 1743 1405 1800 ιι.

109 1834 188 1899 illum
213 1835 324 1898 dierum
353 1835 442 1914 vidit,
477 1833 553 1917 quud
579 1833 673 1897 risum
699 1833 789 1917 patris
813 1835 960 1917 proprium
986 1834 1050 1896 luit.
1097 1831 1266 1916 Quinetiam

110 1938 185 2022 apud
205 1937 292 2001 alium
311 1935 497 2021 prophetam,
522 1939 586 2016 Ego
593 1981 602 2010 ,
627 1935 738 2020 inquit,
762 1941 883 1997 orbrbnes
896 1939 1095 2016 multiplicavi,
1120 1948 1150 1998 et
1162 1940 1191 1998 in
1205 1951 1327 1998 monae.
1341 1951 1374 2005 ra,
1387 1949 1419 1994 to.

109 2041 192 2102 mbos
205 2043 406 2119 prophetorum
430 2042 603 2100 mannitionis
622 2061 693 2100 surr.
740 2036 785 2101 Ea
801 2060 862 2102 vox
879 2048 925 2101 est
941 2037 991 2100 filii
1008 2036 1135 2122 propria.
1181 2037 1267 2123 Apud

111 2139 302 2204 Ezechielem
328 2160 417 2220 vern,
449 2145 489 2203 Et
510 2147 675 2221 assumpsit,
708 2140 820 2224 inquit,
852 2145 970 2221 spiritus
989 2144 1050 2214 dei,
1083 2145 1421 2252 eleteritmessrpphfls,rn.

109 2248 140 2306 r'n
164 2266 301 2324 eampum.
349 2241 435 2326 Quod
461 2243 497 2305 ad
521 2243 654 2328 spiritum
680 2254 813 2307 sanetum
838 2243 976 2327 pertinet.
1008 2240 1184 2306 'Eiusmodi
1210 2243 1265 2307 alia

111 2347 236 2432 proferri
256 2367 340 2430 quarn
359 2345 481 2432 plurima
501 2356 639 2431 possunt3
664 2345 803 2430 equibus
822 2366 914 2430 pauca
931 2345 1072 2428 quaedam
1091 2344 1187 2409 obiter
1203 2366 1270 2430 prn-

111 2451 274 2534 posuimus.
319 2452 419 2531 Atque
442 2458 473 2511 ut
491 2448 637 2533 propriam
657 2448 802 2512 eeclesiae
827 2450 948 2511 formam
972 2470 1006 2511 ac
1028 2459 1112 2512 notas
1133 2448 1270 2512 ostende·

113 2572 231 2630 remus,
264 2553 321 2615 dun
344 2552 438 2615 triave
464 2551 552 2614 verba
579 2550 607 2612 iu
630 2551 755 2614 medium
783 2551 949 2625 attulimus,
983 2571 1022 2614 cx
1044 2550 1165 2614 infinitis
1184 2549 1269 2629 locis,

113 2675 188 2738 qnae
204 2653 321 2718 illorum
339 2653 444 2716 similia
466 2653 496 2716 iu
513 2652 686 2737 scripturis,
719 2674 753 2716 ae
771 2664 829 2716 tam
846 2663 948 2717 vetere
973 2675 1058 2736 quam
1086 2674 1164 2717 novo
1182 2662 1271 2716 testa·

115 2767 214 2820 mento
242 2756 390 2836 leguntur.
438 2753 511 2818 lllud
535 2776 608 2818 uero
625 2755 746 2840 iusuper
771 2755 896 2819 ecclesia
921 2757 1091 2840 profitetur,
1123 2756 1270 2818 dominnm

114 2857 208 2941 ipsum
237 2878 343 2941 corpus
372 2857 489 2920 Adamo
514 2857 693 2936 fabricasse,
727 2867 758 2920 el
779 2863 933 2938 inspirasse
957 2861 1005 2919 r'llr'
1023 2863 1153 2938 spri‘t'tum
1181 2863 1264 2933 or'toe,
1307 2883 1364 2927 nam
1377 2881 1398 2927 a.

115 2979 181 3022 cnm
200 2958 347 3022 viventem
365 2958 392 3021 ei
410 2971 579 3042 procrearet
596 2960 733 3023 animam.
780 2959 859 3024 Tum
878 2958 978 3046 Moysi
1000 2961 1094 3043 legem
1113 2961 1269 3025 tradidisse

116 3061 202 3124 deum
218 3060 313 3145 ipsum
327 3072 457 3145 petrem,
481 3061 569 3125 filium
590 3072 620 3124 et
635 3061 768 3147 spiritum
790 3075 940 3142 sanetum,
966 3075 1102 3148 quaeest
1122 3085 1178 3127 una
1196 3065 1270 3127 divi·

116 3163 204 3228 nitas.
258 3161 373 3226 Deinde
399 3163 435 3227 ab
465 3165 566 3229 eadem
593 3163 747 3229 divinitate
775 3165 930 3251 propbetas
958 3187 1024 3230 esse
1049 3167 1167 3230 missos.
1222 3166 1270 3229 Ad

116 3264 189 3329 baec
204 3275 335 3329 nostrum
353 3267 432 3330 illurn
452 3268 537 3331 deum
556 3265 730 3333 ludaeorum
752 3290 786 3332 ac
803 3266 1039 3332 Christianorum
1058 3289 1126 3331 esse
1143 3290 1273 3331 eommu-

117 3389 203 3444 nem,
227 3368 275 3450 qui
293 3365 418 3433 ludaeos
436 3371 471 3433 ad
490 3370 726 3435 iustihcaticuem
746 3393 799 3435 ens
815 3371 951 3450 vocavit,
976 3371 1023 3454 qui
1040 3371 1272 3434 incarnationem

117 3471 209 3553 ipsam
229 3469 337 3533 domini
354 3471 446 3533 nostri
467 3468 535 3535 lesu
556 3470 667 3538 Christi
685 3494 867 3558 nequaquam
890 3472 1090 3556 abnegarent,
1115 3475 1221 3556 quique
1239 3471 1273 3535 il·

118 3568 162 3633 lns
181 3591 283 3635 omnes
308 3583 408 3637 servat
427 3573 474 3656 qni
495 3593 533 3636 ex
554 3595 644 3640 verae
668 3575 760 3660 ipsius
787 3574 852 3639 lidei
869 3576 1053 3660 praescripto
1081 3575 1168 3639 vitam
1191 3573 1276 3637 insti·

118 3681 219 3749 tuunt,
256 3694 350 3757 neque
375 3674 509 3743 sincerae
533 3685 560 3737 et
587 3677 776 3759 evangelicae
800 3677 878 3740 illius
901 3679 1052 3741 doctrinae
1078 3676 1275 3761 praedicatum

118 3773 225 3858 ubique
241 3775 348 3858 dogma
364 3787 516 3861 respuunt.
563 3774 655 3839 Venit
672 3777 766 3854 enim,
791 3780 872 3842 veuit
889 3779 1075 3862 unigenitus,
1101 3778 1198 3863 itaque
1216 3798 1278 3841 ma·

118 3887 165 3940 ter
179 3877 306 3941 ecelesia
324 3879 487 3960 profitetur.
533 3875 619 3960 Quae
638 3879 811 3962 tranquillus
835 3881 916 3964 pacis
943 3893 1044 3965 portus
1069 3891 1132 3959 est,
1165 3891 1194 3944 et
1211 3901 1280 3945 sua·

119 3984 195 4044 vitas
221 3981 362 4065 quaedam
387 3980 457 4044 vitis
480 4003 596 4062 cyprum
619 3984 766 4055 redolens,
798 3991 829 4044 et
850 3987 936 4043 otium
959 3981 1044 4045 nubis
1062 3982 1275 4048 benedictionis
1289 3994 1354 4039 cut
1367 3995 1389 4044 1.
1399 3992 1429 4035 ¹⁴·

119 4086 294 4171 proferens,
329 4103 383 4146 nec
406 4104 463 4145 unu
489 4080 518 4146 et
539 4082 807 4168 praesentissimum
833 4082 903 4146 illud
931 4084 1127 4167 abstergendo
1151 4085 1279 4148 moerori

120 4197 236 4270 potum,
261 4206 372 4249 merum
395 4185 527 4264 scilicet,
558 4207 594 4250 ae
616 4208 718 4250 verum
743 4183 853 4250 Christi
876 4186 1048 4270 sanguinem
1072 4188 1200 4271 quotidie
1223 4188 1281 4252 lar·

120 4308 217 4369 grene.

153 4457 178 4507 5.
196 4455 287 4521 κύπρον
299 4461 432 4522 suspicatos
442 4464 475 4510 est
486 4460 606 4521 Petuntur,
622 4460 685 4522 quod
751 4457 776 4510 6.
796 4454 867 4526 πόμα
884 4460 934 4509 cod.
951 4461 997 4509 leo.
1015 4464 1036 4508 ct
1050 4461 1112 4510 editt.
1139 4462 1217 4527 πῶμα
1230 4463 1281 4513 ond.

118 4528 190 4588 ptum
206 4529 310 4589 ineptum
328 4532 368 4577 est.
719 4530 816 4591 ltbedtp.

1000 4613 1070 4678 33*
