3096 5070
155 278 196 343 92
558 328 562 349 ,
578 290 701 345 amm
718 291 888 345 ενιεειινιι

154 417 209 494 τῆς
225 411 259 476 έιι
281 417 335 476 τοῦ
354 408 466 495 πατρίς
483 410 694 496 γεγεννημένης
714 408 820 486 οὐσίας
840 410 1021 492 νοουμένης,
1050 407 1101 490 ια’,
1137 408 1241 488 Οῦτως
1257 409 1315 496 τὴν

155 510 315 596 ῦμοιύτητα
335 517 387 595 τῆς
408 511 512 588 οὐσίας
532 509 609 596 πρύς
630 512 736 578 οὐσίαν
761 517 927 595 4σημαίνει.

18 632 86 703 1⁸0·
95 630 136 689 ια’.
242 619 303 680 Καί
320 618 349 680 εί
363 641 407 692 τις
426 613 478 694 τῦ,
493 614 614 681 Ἔατισί
628 640 680 699 με,
702 616 752 680 καί
767 613 816 693 τό,
840 618 935 702 Γεννᾴ
948 639 1000 697 με,
1022 612 1091 700 παρ’
1109 611 1203 680 αὐτοῦ
1219 614 1315 683 ἀνιοῦ-

156 716 260 796 υντά,
291 723 386 807 Γεννᾷ
403 743 453 800 με,
484 716 524 800 μῦ
546 719 596 784 έπλ
617 725 671 784 τοῦ
692 717 787 783 αὐτοῦ
810 720 862 783 ιιαί
883 714 946 782 κατ’
968 714 1073 783 οὐσίαν
1099 719 1211 795 έννοεῑ,
1241 715 1315 785 α’λλά

153 818 260 887 ταύτόν
283 822 362 906 λέγοι
384 819 430 899 τῦ,
454 826 548 909 Γεννᾷ
571 845 623 902 με,
653 827 704 909 τῶ,
726 818 845 886 Ἔατισί
862 844 914 902 με,
947 815 988 894 ῶς
1009 818 1051 902 μή
1072 822 1164 906 λέγων
1178 818 1231 886 τῶν
1246 820 1316 889 υίῶν

153 920 207 990 τίν
220 920 350 1000 ἀπαθῶς
366 923 475 989 τέλειον
493 925 525 988 έιι
542 930 600 988 τῶν
618 922 672 989 θῦο
694 920 865 1004 ἀνομάτων,
887 928 956 1000 τοῦ,
968 919 1087 988 Ἔντισέ
1105 947 1157 1005 με,
1179 925 1230 988 καί
1247 930 1314 1004 τοῦ,

156 1031 253 1113 Γεννᾷ
269 1050 320 1108 με,
343 1030 449 1108 κτίσμα
463 1023 559 1108 μόνον
572 1023 739 1110 ὁμολογῶν,
761 1027 812 1090 ιιαλ
827 1025 929 1107 μηκέτι
947 1023 1025 1104 νίὸν,
1048 1021 1090 1100 ῶς
1102 1028 1316 1111 παραδέδωκεν

155 1124 281 1210 ἦσοφία
297 1129 330 1192 έιι
346 1134 405 1192 τῶν
421 1126 477 1193 θῦο
494 1126 624 1208 εὐσεβῶς
640 1126 694 1210 τήν
707 1129 841 1205 ίννοιαν,
864 1123 1003 1209 ἀνάθεμα
1022 1130 1104 1193 ἔσται.
1149 1129 1211 1193 Καί
1228 1132 1256 1194 εί
1269 1156 1316 1207 τις

154 1237 209 1297 τοῦ
224 1232 294 1295 υίοῦ
310 1228 364 1312 τήν
380 1230 433 1312 μέν
450 1227 512 1295 κατ’
531 1229 638 1295 οὐσίαν
654 1227 731 1312 πρὸς
746 1229 798 1295 τάν
816 1230 923 1295 ἑαυτοῦ
941 1231 1052 1311 πατέρα
1068 1227 1228 1313 ὁμοιότητα
1240 1228 1316 1315 ἡμῖν

155 1329 417 1408 ἀποκαλύπτοντας
434 1329 471 1397 δι’
491 1324 535 1397 ῶν
558 1354 647 1414 φησι,
667 1330 783 1415 Ὥςπερ
806 1329 862 1417 γῦρ
879 1329 898 1398 ὅ
913 1331 1011 1415 πατὴρ
1027 1330 1105 1415 ζωὴν
1122 1335 1178 1416 έγει
1195 1336 1227 1400 έν
1245 1335 1316 1401 έαυ-

154 1442 212 1525 τῷ,
244 1433 340 1510 οῦτως
357 1436 408 1500 ιιαὶ
422 1441 463 1524 τῶ
482 1437 539 1524 υἱῷ
556 1437 648 1500 έθωιιε
667 1434 743 1517 ζωήν
759 1437 833 1516 ἔχειν
848 1437 880 1500 έν
894 1436 1004 1523 ἑαυτῷ,
1035 1433 1089 1517 τήν
1106 1436 1138 1500 δέ
1157 1433 1219 1502 κατ’
1234 1437 1317 1523 ένέρ·

157 1562 239 1624 γειαν
258 1535 292 1603 ὅτ’
312 1528 355 1602 ῶν
373 1535 524 1614 παιδεύει,
546 1534 585 1601 “A
610 1535 666 1621 γάρ
682 1536 719 1602 ἀν
737 1533 755 1602 ὁ
770 1535 867 1620 πατὴρ
887 1542 975 1627 ποιῇ,
1007 1546 1100 1603 ταῦτα
1123 1541 1175 1603 καί
1198 1535 1314 1619 ῦοίῦς,

33 1676 86 1724 μς.
97 1664 143 1709 m
157 1637 267 1722 ὅμοίως
281 1647 374 1718 ποιεῖ,
410 1637 527 1722 ’μόνην
545 1635 599 1720 τὴν
611 1637 674 1706 κατ’
690 1640 835 1725 ένέργειαν
851 1636 1012 1722 ὁμοιότητα
1036 1640 1163 1717 ’ἀιδοῦς
1180 1640 1234 1724 τὴν
1249 1639 1315 1709 κατ’

154 1740 275 1819 οὐσίαν,
304 1742 402 1824 ἥέστι
423 1741 458 1807 τῦ
480 1744 773 1822 αεφαλαιωθέστατον
790 1739 875 1824 ἡμῶν
894 1750 946 1824 τῆς
964 1748 1104 1821 πίστεως,
1135 1742 1312 1829 ἀποστεροίη
1409 1784 1416 1807 ι

154 1851 209 1911 τοῦ
225 1846 309 1919 υίοῦ,
339 1841 380 1921 ῶς
395 1841 503 1910 έαυτὸν
519 1843 692 1930 ἀποστερῶν
717 1852 769 1927 τῆς
793 1847 825 1911 έν
841 1844 946 1930 γνῶσει
962 1844 1074 1930 πατρὸς
1089 1848 1140 1911 καὶ
1156 1851 1225 1914 οίοῦ
1239 1848 1309 1913 σίω-

155 1952 221 2014 νίου
242 1953 333 2028 ζωῆς,
363 1944 500 2027 ἀνάθεμα
515 1949 598 2013 έστω.
644 1951 705 2012 Καί
724 1950 753 2012 εί
765 1974 809 2023 τις
826 1950 867 2021 είς
884 1950 996 2032 πατέρα
1014 1951 1065 2013 καί
1082 1947 1150 2016 υίόν
1166 1949 1313 2017 πιστεῦειν

156 2047 402 2134 ἐπαγγελλόμενος
422 2047 474 2115 τάν
498 2052 610 2134 πατέρα
633 2047 675 2133 μὴ
696 2047 800 2124 οὐσίας
824 2046 929 2132 ὁμοίας
952 2050 1070 2116 ἀὐτοῦ
1091 2052 1171 2136 λέγοι
1190 2054 1314 2136 πατέρα,

155 2150 227 2218 ἀλλά
247 2154 406 2237 ένεργείας,
436 2148 477 2228 ῶς
492 2151 637 2234 βεβήλους
659 2157 862 2229 ααινοφωνίας
886 2151 960 2218 ιιατά
984 2160 1035 2234 τῆς
1053 2152 1157 2231 οὐσίας
1175 2162 1229 2220 τοῦ
1243 2158 1316 2222 οίοῦ

155 2260 210 2322 τοῦ
231 2262 307 2322 θεοῦ
331 2257 519 2341 φθέγγεσθαι
546 2262 677 2337 τολμῶν,
709 2256 759 2319 καί
785 2251 917 2340 ἀναιρῶν
943 2254 976 2321 τύ
996 2252 1072 2321 εἶναι
1095 2251 1218 2338 ἀληθῶς
1234 2256 1316 2337 οίῶν,

155 2356 295 2442 ἀνάθεμα
312 2362 394 2424 έστω.
440 2360 500 2423 Καί
517 2360 546 2422 εί
558 2383 602 2432 τις
617 2356 684 2421 υίὸν
702 2356 807 2438 ὅμοιον
823 2356 886 2422 κατ’
904 2358 1010 2424 οὐσίαν
1032 2366 1108 2424 νοῶν
1123 2362 1252 2439 έαείνου,
1275 2354 1316 2427 οῦ

155 2463 205 2529 καί
222 2472 331 2529 νοεῖται
345 2459 425 2538 νῖὐς,
457 2456 601 2542 ἢταύτύν
615 2461 694 2545 λέγοι
709 2467 749 2547 τῷ
766 2462 856 2545 πατρί
871 2457 923 2526 τάν
938 2459 1019 2540 υίύν,
1051 2459 1073 2543 ἢ
1086 2464 1174 2544 μέρος
1190 2470 1242 2528 τοῦ
1257 2490 1315 2529 πα.

154 2564 238 2648 τρὸς,
260 2562 370 2647 ἢκατά
387 2562 555 2646 ἀπόββοιαν
568 2563 619 2626 καὶ
638 2560 712 2627 κατά
729 2563 849 2642 πάθος,
873 2560 913 2639 ῶς
931 2563 1118 2645 σωματικοῦς
1135 2563 1239 2642 υίοῦς,
1260 2564 1317 2632 τῶν

155 2669 187 2734 έκ
202 2675 257 2733 τοῦ
275 2663 436 2746 ἀσωμάτου
454 2663 567 2749 πατρύς
582 2661 741 2748 ἀσῶματον
761 2664 829 2731 υἱῶν
852 2663 1037 2745 ῦποστάντα,
1066 2666 1205 2748 ἀνάθεμα
1230 2671 1314 2735 έστω.

157 2773 215 2835 Καί
234 2773 263 2835 εἴ
277 2796 322 2844 τις
335 2767 385 2833 θιά
402 2767 435 2834 τό
453 2765 505 2833 τῶν
519 2770 633 2851 πατέρα
648 2766 690 2850 μή
705 2793 776 2833 ποτε
792 2767 859 2833 νίύν
876 2777 1029 2847 νοεῖσθαι,
1051 2772 1102 2834 καί
1118 2768 1170 2834 τάν
1187 2769 1254 2836 υίδν
1271 2772 1315 2855 μή

156 2898 227 2939 ποτε
245 2874 359 2957 πατέρα
373 2880 509 2936 νοεῖσθαι
524 2872 624 2954 ἕτερον
640 2872 731 2955 λέγων
745 2869 796 2935 τόν
812 2868 878 2935 υἷύν
896 2869 977 2952 παρά
992 2868 1043 2936 νῦν
1061 2874 1187 2956 πατέρα,
1210 2871 1260 2939 θιά
1278 2873 1314 2940 to*

153 2974 207 3041 τῶν
224 2976 336 3056 πατέρα
356 2975 455 3055 ἕτερον
470 2968 545 3037 είναι
559 2973 610 3038 ιιαί
626 2969 677 3037 τάν
697 2970 781 3050 αίύν,
810 2970 914 3047 καθῶς
930 2977 1060 3057 εἴρηται,
1083 2973 1186 3050 ’Ἄλλος
1201 2976 1280 3041 έστλν
1297 2974 1317 3044 ῦ

155 3083 313 3162 μαρτυρῶν
329 3078 398 3158 περὶ
414 3077 504 3157 έμοῦ,
526 3076 589 3153 καί,
612 3081 771 3159 Μαρτυρεῖ
784 3073 850 3160 γάρ,
868 3076 958 3155 φησί,
981 3072 999 3141 o‘
1016 3076 1139 3157 πέμψας
1156 3102 1191 3158 με
1205 3077 1314 3164 πατὴρ,

156 3177 206 3245 aad
219 3177 328 3259 ταύτην
341 3176 395 3259 τήν
414 3176 521 3258 εὐσεβῆ
539 3178 572 3242 έν
586 3184 622 3266 τῇ
642 3179 779 3263 ἐκκλησία
794 3180 959 3259 νοουμένην
975 3180 1105 3261 ίῦιότητα
1123 3185 1182 3243 τῶν
1199 3178 1316 3264 προςῶ·

155 3308 237 3360 πων,
266 3279 378 3362 πατρός
402 3279 455 3361 μέν
476 3281 527 3344 καί
545 3282 628 3357 υίοῦ,
657 3275 762 3353 θεθιῶς
779 3276 820 3360 μή
842 3304 912 3343 ποτε
933 3277 1040 3346 ταύτὸν
1056 3289 1156 3370 νοηθῑγ
1173 3283 1239 3358 υίὸς
1256 3310 1314 3348 πα-

155 3385 217 3469 τρλ,
247 3380 392 3464 ἀνόμοιον
415 3384 493 3468 λέγοι
518 3378 581 3447 κατ’
605 3377 709 3446 οὐσίαν
731 3377 784 3445 τῶν
799 3378 921 3470 υίὸντςῦ
939 3386 1043 3464 πατρί,
1072 3381 1211 3467 ἀνάθεμα
1229 3387 1313 3451 ἔστω.

156 3490 217 3552 Καί
236 3490 265 3552 εί
278 3512 321 3560 τις
337 3487 369 3551 έν
384 3484 480 3572 γόρνφ
497 3483 549 3550 τόν
565 3485 678 3563 πατέρα
696 3483 808 3564 πατέρα
822 3492 887 3548 νοεῖ
901 3492 954 3549 τοῦ
968 3493 1145 3570 μονογενοῦς
1161 3490 1241 3566 υἱοῦ,
1262 3491 1315 3555 καί

156 3588 198 3673 μή
212 3587 287 3674 ῦπέρ
302 3587 427 3672 χρόνους
450 3590 527 3652 4ναί
547 3584 646 3661 πάσας
661 3582 854 3668 ἀνθρωπίνας
875 3589 991 3664 έννοίας
1007 3587 1137 3653 πιοτεῦει
1154 3587 1206 3655 τάν
1225 3616 1316 3672 μονα·

155 3699 224 3778 γενῆ
239 3689 306 3757 υίὸν
321 3693 354 3756 έν
370 3697 422 3756 τοῦ
437 3688 549 3775 πατρῦς
563 3687 693 3763 ἀπαθῶς
705 3682 885 3767 ῦφεστῦναι,
908 3686 949 3766 ῶς
965 3695 1157 3775 παραβαίνων
1172 3691 1224 3758 τάν
1240 3691 1316 3760 ἀπο·

156 3792 290 3861 στολιιιύν
314 3793 468 3878 κήρυγμα,
498 3790 623 3875 χρόνους
645 3791 698 3873 μέν
713 3791 781 3874 περλ
801 3790 912 3873 πατρὸς
933 3795 984 3858 καί
1001 3797 1071 3859 υίοῦ
1085 3793 1314 3878 παρωσάμενον,

155 3905 266 3973 πιστῶς
291 3897 323 3962 δέ
345 3893 424 3979 ἡμᾶς
441 3899 605 3961 παιδεῦσαν
627 3891 676 3971 τῦ,
703 3890 753 3957 Ἐν
769 3890 844 3984 ἀργῇ
863 3888 902 3977 ἦν
919 3893 937 3962 ὅ
952 3897 1056 3982 λόγος,
1079 3898 1129 3960 καὶ
1142 3893 1161 3961 ω’
1176 3897 1264 3982 λόγος
1279 3891 1316 3981 ἦν

156 3997 234 4123 πράς
257 3998 309 4065 τῶν
331 3998 421 4079 θεὰν,
452 4001 504 4064 καί
527 3994 601 4071 θεὸς
615 3988 653 4079 ἦν
673 3992 807 4080 ὄλόγος,
839 3995 976 4081 ἀνάθεμα
999 4002 1081 4065 ἔσται.
1127 4001 1188 4063 Καί
1214 4003 1243 4064 εί
1269 4027 1316 4078 τις

156 4099 208 4168 τύν
227 4104 339 4188 πατέρα
355 4099 555 4185 πρεσβύτερον
568 4098 663 4189 χρόνω
677 4099 755 4184 λέγοι
769 4125 823 4164 του
810 4102 866 4177 έξ
884 4105 1018 4168 4ἑαυτοῦ
1037 4107 1218 4188 μονογενοῦς
1233 4104 1314 4183 υίοῦ,

188 4241 212 4293 8.
239 4243 296 4294 Ροεί
320 4240 438 4307 σημαίνει
464 4240 513 4307 (αλ.
536 4243 616 4290 Ρείσυ.
640 4242 717 4290 Com.
786 4237 810 4287 2
827 4241 922 4289 Οοιτεαί
936 4238 1022 4300 διδοὺς
1037 4238 1091 4307 τὴν.
1127 4244 1230 4295 ίιιλιθείε
1244 4245 1316 4308 ονίρσ

153 4316 224 4374 repet.
250 4314 331 4360 υίίίοεε
358 4311 425 4358 habet
453 4307 579 4375 σημαίνῃ)
603 4311 629 4358 in
655 4310 720 4356 λε’ίιηε
753 4309 837 4419 ίεςίίυε
851 4306 984 4383 διδούσης.

154 4383 224 4442 οοίςο
240 4382 343 4440 sequitur
357 4368 474 4441 ἀνάθεμα
499 4375 565 4429 έστω
581 4390 641 4440 ροσε
665 4389 719 4424 υττ-
787 4369 901 4427 ἀαύτοῠ
916 4379 976 4427 codd
999 4380 1235 4440 ποιείσθωσαν.
1268 4376 1314 4432 αῦ-

155 4450 187 4496 ίιο
208 4461 261 4496 οαοι
285 4447 322 4495 ίιία
345 4447 417 4507 plane
432 4447 511 4495 οίίειια
533 4448 596 4506 sint,
620 4444 719 4493 σείεται
752 4440 798 4493 τοῦ
816 4444 851 4491 ed
870 4446 949 4495 Ρείοο.

156 4517 223 4565 θοαί
787 4506 811 4559 4
830 4509 873 4564 καί
894 4510 978 4572 πάσας
999 4517 1082 4576 συνίμεν·
1098 4518 1209 4564 sententia
1232 4521 1315 4578 μονα.

192 4581 250 4633 θεν.
262 4581 360 4632 Χί-
383 4578 404 4631 1.
423 4596 452 4636 ου
444 4573 610 4649 ’μένηιοοσ
622 4580 719 4643 Ma
754 4580 825 4642 ίσιιίι,
839 4594 884 4644 pro
897 4581 941 4635 καὶ
954 4577 1067 4637 κατὰ
1032 4597 1123 4642 τεασας
1161 4584 1230 4636 Vide·
1242 4598 1314 4649 μεσε·
