3096 5070
268 280 330 347 718
723 289 977 342 ruoaxnaausr.

301 412 435 466 annisu.
458 419 485 462 81
509 415 551 464 11.
576 409 618 462 fao
639 409 709 478 ipsos
732 420 759 462 ut
779 407 830 460 siut
867 408 1014 461 Athanasius
1038 409 1168 462 restitutos
1190 410 1309 462 881.-
1345 412 1446 465 irsmra

301 499 327 549 in
346 515 400 557 ure,
428 507 476 548 etc.
495 499 551 547 198,
572 524 601 534 -
637 494 690 545 eius
708 494 830 546 refutatio
899 493 992 560 pulsus,
1009 512 1039 546 ac
1054 494 1136 546 denuo
1151 496 1283 548 restitutus
1300 498 1446 551 aloriano

300 583 361 635 ibid.
379 612 412 623 ·-
436 592 463 633 et
478 579 583 636 ecclesia
602 580 702 631 Christo
718 580 830 648 proxima
897 579 1011 647 imperat.
1031 584 1088 631 118.
1110 609 1139 620 -
1165 599 1222 632 cunr
1238 582 1445 654 18188ιί8888-

300 667 361 719 ibid.
387 695 419 708 -
463 684 513 736 quo
536 682 611 717 sensu
642 683 704 716 8888
733 665 830 716 dicatur
898 674 968 714 rator
984 665 1073 717 eiicere
1090 682 1140 718 uon
1158 667 1236 718 audet
1252 668 1319 720 ibid.

302 752 413 805 christus
438 769 494 804 curn
510 751 559 804 deo
576 761 602 802 et
620 767 676 802 cunr
702 749 829 819 discipulis
865 748 1051 801 Atheniensium
1072 768 1142 804 sacra
1164 763 1191 803 et
1216 753 1336 823 Dionysii
1362 755 1442 824 orgia

301 842 358 890 188.
898 838 972 886 1088.

267 923 414 978 Ariauorunr
436 932 582 991 argumenta
608 921 726 990 captiosis
746 920 828 990 syllo·
866 920 946 972 Attica
964 921 1033 989 regio
1050 922 1116 973 uude
1132 922 1201 975 dicta
1219 928 1262 975 11.

300 1009 384 1078 gisoiis
401 1009 533 1070 conclusa,
559 1018 688 1059 eteorum
707 1007 828 1059 refutatio
865 1006 1033 1063 Audianoruur
1061 1007 1168 1060 haeresis
1197 1014 1239 1061 80.
1265 1020 1327 1078 post
1358 1011 1442 1063 Chri·

301 1099 361 1146 894,
897 1091 1051 1145 stiauismnur
1073 1093 1349 1147 8888818811.-
1388 1096 1441 1148 aii·

267 1180 352 1233 Ariuui
367 1179 529 1239 Aristotelici,
548 1194 684 1246 eorumque
702 1177 828 1230 cavillatio
897 1186 938 1227 ter
954 1177 1043 1228 Odiani
1059 1177 1120 1230 dicti
1135 1180 1197 1234 ibid.
1207 1208 1238 1220 -
1266 1181 1310 1231 ubi
1322 1191 1353 1232 et
1367 1199 1440 1251 qno·

302 1270 359 1318 188.
377 1294 409 1304 -
445 1265 497 1315 eius
515 1263 608 1315 solutio
625 1263 686 1314 ibid.
897 1261 974 1313 ruodo
997 1261 1089 1330 degant
1113 1264 1174 1317 ibid
1191 1293 1226 1308 ··
1261 1267 1318 1336 quis
1344 1285 1441 1320 eurora

268 1350 413 1406 uhuorum
434 1351 550 1418 impietas
569 1351 653 1401 uescio
673 1348 733 1419 quid
748 1348 828 1399 sirnile
896 1358 985 1398 auctor
1001 1348 1063 1401 ibid.

298 1436 373 1488 idolis
386 1436 418 1488 ds
437 1436 538 1487 Christo
552 1435 713 1486 statuentium
730 1438 787 1486 188.
863 1431 937 1484 Audii
961 1433 1065 1485 historia
1089 1434 1150 1488 ibid.
1176 1462 1210 1475 —
1245 1435 1300 1488 eius
1326 1438 1439 1491 libertas

270 1521 353 1574 Ariani
370 1522 533 1581 refelluntur,
549 1519 737 1588 ostenditurque
754 1519 827 1570 Chri·
895 1517 921 1568 iu
937 1518 1144 1586 reprehendendo
1157 1524 1215 1572 818.
1228 1549 1262 1562 -
1297 1520 1331 1573 ab
1348 1523 1437 1576 ecda-

299 1617 365 1658 81818
382 1625 433 1658 non
451 1606 499 1657 dici
516 1615 653 1657 cremonam
668 1608 725 1655 188.
895 1602 931 1652 sia
948 1620 976 1653 se
992 1606 1131 1672 segregavit
1147 1606 1209 1660 ibid.

266 1692 340 1745 Arica
354 1693 386 1743 ab
404 1691 510 1743 ecclesia
530 1690 644 1741 deiectus
661 1691 687 1741 iu
703 1691 828 1742 Palaesti-
863 1687 1029 1739 Audiauorunr
1043 1691 1147 1742 schisma
1160 1690 1220 1744 ibid.

299 1795 357 1829 uarn
374 1776 475 1828 recessit
491 1779 547 1827 180.
864 1774 991 1826 Audimus
1007 1788 1104 1828 creatus
1121 1777 1255 1846 episcopus
1274 1780 1340 1832 rbid.

266 1864 420 1932 Artotyritse
436 1861 497 1912 dicti
513 1879 531 1914 a
546 1878 610 1929 pane
627 1871 654 1910 et
669 1878 751 1922 caseo,
769 1861 826 1929 qoi-
863 1859 1031 1913 Audiauorum
1048 1880 1118 1914 error
1135 1862 1167 1914 de
1182 1864 1294 1932 imagine
1309 1865 1356 1918 dai
1373 1873 1432 1921 811.

297 1947 344 1998 bus
360 1948 385 1998 io
402 1946 527 2015 mysteriis
543 1946 593 1998 ruis
616 1946 751 1998 utebantur
767 1951 825 1998 118.
898 1975 928 1986 -
955 1947 1037 1998 variae
1059 1949 1190 2014 opiniones
1214 1950 1248 2000 de
1271 1967 1304 2002 eo
1329 1952 1357 2004 in
1383 1971 1432 2023 quo

265 2032 371 2101 Aspidas
393 2034 486 2100 seipsas
510 2032 649 2093 ductant,
683 2042 711 2082 et
736 2032 827 2084 fortior
894 2031 942 2082 sita
958 2032 993 2081 sit
1008 2032 1090 2100 irnago
1103 2033 1144 2083 dei
1158 2033 1184 2084 iu
1198 2034 1305 2087 horariae
1319 2040 1381 2088 814.
1398 2067 1430 2080 -

298 2134 385 2169 earruu
401 2117 591 2187 Aspidugorgon
607 2126 710 2169 roootur
728 2121 786 2171 181.
895 2115 936 2166 dei
951 2118 1033 2184 imago
1050 2119 1076 2169 iu
1090 2118 1192 2169 hornioe
1208 2135 1262 2170 noo
1279 2123 1359 2188 periit
1372 2123 1428 2175 ibid

265 2203 456 2273 Aapidogorgon
474 2220 566 2254 unser
587 2203 714 2271 arpidibus
735 2203 827 2254 fortior
894 2228 927 2240 -
954 2202 1008 2252 loca
1029 2203 1115 2271 quibus
1138 2203 1256 2255 nituntur
1276 2206 1386 2259 Audizui
1402 2221 1425 2259 ut

299 2300 395 2340 ceteras
412 2287 541 2339 absumens
557 2293 596 2338 81.
895 2287 1003 2355 probent
1027 2288 1159 2355 imaginem
1185 2287 1226 2339 dei
1252 2292 1353 2344 esseio
1369 2311 1419 2345 our-

265 2373 337 2443 Aspis
354 2373 386 2424 ab
404 2373 491 2441 aspide
508 2390 630 2425 reueuurn
648 2383 735 2425 mutuo
751 2374 826 2424 sumit
895 2389 957 2441 pore
973 2373 1080 2425 hominis
1091 2378 1149 2424 818.
1160 2401 1196 2412 -
1220 2374 1286 2427 deus
1301 2377 1414 2446 quomodo

298 2459 414 2527 proverb.
430 2462 471 2510 88.
895 2476 909 2508 8
929 2458 1059 2527 prophetis
1078 2459 1112 2509 ait
1128 2459 1194 2511 risus
1212 2465 1275 2512 811.

267 2549 345 2601 Assur
361 2563 375 2595 a
390 2543 490 2595 Graecis
504 2542 572 2594 idem
585 2543 696 2596 creditur
710 2561 765 2596 oum
777 2547 826 2596 Zo·
862 2543 1029 2594 Audiauorum
1046 2543 1077 2594 de
1093 2544 1212 2612 paschate
1229 2565 1305 2600 error
1319 2552 1371 2599 818.
1387 2576 1417 2589 -

298 2639 396 2681 roastro
415 2634 439 2679 1.
894 2644 981 2679 eorunr
999 2629 1063 2680 circa
1080 2630 1130 2682 hoc
1148 2631 1275 2685 calumnia
1294 2637 1354 2685 881.

264 2719 342 2766 Assur
358 2713 421 2765 fitius
434 2714 577 2766 Nerubroth
593 2731 654 2782 quar
671 2715 744 2766 urbes
762 2732 824 2766 cou-
861 2713 953 2764 Audius
969 2730 1045 2764 senex
1067 2715 1092 2765 iu
1110 2717 1240 2784 Scythium
1265 2719 1297 2770 sb
1317 2721 1425 2790 impera·

298 2797 364 2849 didit
382 2802 405 2849 1.
893 2809 950 2849 tore
962 2800 1085 2866 relegatus
1098 2804 1198 2851 811-
1215 2802 1242 2852 in
1260 2804 1358 2856 Gothia
1371 2823 1426 2858 nro·

264 2883 420 2952 Assyriorum
438 2883 574 2952 primordia
591 2888 615 2935 8.
893 2885 1001 2935 nasteria
1017 2885 1125 2936 instituit
1140 2885 1202 2938 ibid.

264 2969 375 3021 Asterius
388 2969 500 3037 sophista
515 2968 540 3019 iu
556 2969 823 3037 persecutiouebiaxi-
861 2968 1027 3020 Audiuuorum
1052 2970 1103 3021 vita
1125 2972 1283 3026 sanctissima
1304 2975 1371 3028 ibid.
1396 3007 1427 3017 -

296 3053 372 3105 ariani
390 3054 464 3106 iidem
481 3055 587 3106 durarit
603 3058 662 3104 818.
892 3054 998 3106 aliorum
1014 3057 1214 3109 cummunionem
1232 3058 1353 3114 devitant
1369 3062 1428 3114 ibid.

262 3139 412 3192 Athanasius
435 3150 534 3192 creatur
560 3141 691 3209 episcopus
716 3140 823 3191 Alexan·
861 3144 939 3190 Arura
964 3156 1025 3193 uxor
1050 3141 1139 3208 88118,
1164 3143 1332 3214 eiusdemque
1357 3162 1430 3200 soror

295 3224 381 3295 driae,
407 3225 508 3294 eiusque
528 3225 638 3276 studium
653 3225 679 3275 iu
695 3224 824 3276 ecclesium
894 3230 951 3276 181.

298 3315 354 3361 188.
374 3339 406 3351 -
439 3311 517 3362 nrulta
542 3327 673 3378 perpessus
696 3310 728 3362 ob
749 3310 824 3361 fidem

295 3395 357 3447 ibid.
1126 3416 1153 3466 Β,

261 3481 391 3534 Athanasii
406 3481 517 3548 episcopi
535 3480 698 3532 Alexandriae
718 3481 824 3549 epistola

294 3566 327 3617 ad
346 3568 488 3635 Epictetum
511 3566 697 3618 Corinthiorum
722 3565 822 3633 episco-
982 3617 988 3630 ⁸

296 3669 356 3720 pum
374 3656 432 3702 991.
891 3635 920 3668 uc
937 3629 1043 3671 sanatas
1061 3625 1118 3672 288.

262 3736 411 3789 Athanasius
427 3738 554 3790 ordinatos
568 3737 701 3806 episcopus
714 3737 823 3789 Alexan-
859 3703 1015 3801 B⁸p²if⁸⁰²⁰⁸
1040 3706 1130 3756 mmm
1156 3706 1314 3768 mmm·
1351 3711 1433 3764 ‘13⁸³

295 3822 365 3875 dd„
383 3827 440 3876 m
892 3794 996 3841 Anonos
1015 3809 1144 3860 perperarn
1162 3792 1246 3845 fucere
1264 3796 1344 3846 10⁹5.

261 3907 409 3961 athanasia.
432 3909 583 3960 Memfim,
607 3909 640 3960 nd
667 3908 821 3960 communio.
859 3893 953 3943 barbae
969 3895 1053 3945 tonsio
1066 3894 1190 3961 prohibita
1204 3896 1434 3954 constitutionibus

295 4011 353 4045 uern
375 4004 446 4061 urget
472 3999 528 4045 188.
546 4023 580 4034 --
613 3994 680 4045 idern
696 4005 823 4045 accusetur
891 3979 1128 4046 180810110111073·

859 3532 970 3601 Babylon
989 3533 1105 3594 condita,
1131 3546 1158 3586 et
1175 3535 1316 3605 linguarum
1335 3538 1431 3592 divisio

296 4083 354 4130 aaa,
374 4109 405 4119 ..
440 4079 512 4130 huin,
527 4097 600 4130 cam
616 4079 747 4130 concilium
761 4080 823 4148 Tyri
859 4064 1021 4115 barbarorum
1039 4065 1121 4117 uariae
1136 4075 1236 4128 sectae,
1262 4077 1289 4119 et
1304 4069 1435 4125 Indorum

294 4164 359 4216 iussu
370 4164 527 4216 Constantini
537 4164 823 4233 congregatumibid.-
893 4154 933 4201 7²·
960 4154 1034 4200 1⁰9¹·
1131 4202 1133 4207 -

295 4250 409 4301 Ursatius
424 4250 554 4302 uvales·
570 4261 726 4301 accusatores
744 4251 821 4301 Ashu-
859 4253 1094 4305 Bardesiauisturum
1133 4254 1241 4306 haeresis
1287 4261 1333 4308 88.
1370 4273 1435 4330 post

294 4335 356 4384 narii
379 4335 411 4386 ab
435 4337 541 4387 Eusebio
565 4336 693 4387 subornati
714 4340 821 4388 111-
893 4338 1128 4402 Christianismum,
1162 4340 1216 4391 sive
1236 4345 1278 4393 88.
1301 4349 1369 4398 118.
1395 4378 1435 4390 ..

293 4424 419 4487 relegatur
452 4421 615 4481 Athanasius,
649 4432 676 4471 et
700 4422 726 4472 in
752 4421 822 4473 italia
891 4423 945 4490 quis
983 4425 1060 4476 fuerit
1095 4426 1256 4477 dardesianes
1291 4428 1358 4482 ibid.
1392 4416 1434 4476 ’.-

295 4504 454 4559 8111181118.
477 4536 505 4546 -
542 4507 657 4558 Araeuius
672 4507 742 4558 rivus
760 4524 822 4576 pro-
890 4508 990 4576 acripsit
1019 4521 1106 4563 contra
1133 4512 1276 4581 astrologus
1304 4513 1341 4567 de
1373 4518 1435 4573 isto

294 4588 392 4642 ducitur
407 4601 434 4643 et
447 4591 544 4660 integer
558 4591 638 4645 ibid..
891 4599 949 4647 111.
967 4625 1000 4637 -
1026 4596 1078 4648 eius
1095 4596 1319 4655 8881881818.-
1345 4620 1436 4675 nega.
