3066 5078
243 262 304 330 ¹88
664 275 968 331 οικοτιοοιειιιιιιι

244 393 343 469 ίλίονς
362 399 439 460 θεοῦ
456 391 607 476 δεόμενοι,
635 390 711 477 ῦπλρ
729 394 761 459 δέ
776 397 917 472 δικαίαν,
946 394 999 460 καλ
1013 395 1162 478 κατίρων,
1191 397 1245 464 κτλ
1257 423 1400 488 παιριαρ·

244 501 319 579 zar,
349 501 513 581 προφητῶν
533 498 586 561 καλ
607 493 793 576 άποστόλων,
825 500 877 562 καί
897 495 1122 582 εῦαγγελισττῦν,
1153 501 1206 566 καί
1227 500 1397 588 μαρτῦρων,

113 642 116 649 -
239 598 291 664 καί
311 593 515 684 όμολογητοῖν,
538 596 710 665 ἐπισκόπων
723 623 753 664 τε
767 600 817 664 καλ
834 598 1040 685 ιἰναγωρητάν,
1062 602 1113 667 καί
1132 599 1246 680 παντός
1257 611 1312 671 τοῦ
1326 603 1397 693 τάγ-

241 725 349 783 ματος,
378 703 429 766 ’ίνα
445 699 499 767 τόν
512 698 618 786 κόριον
630 701 749 783 Ἰησοῦν
767 699 898 783 Χριστόν
913 701 1102 788 άφορίσωμεν
1117 702 1178 771 ίικό
1197 712 1252 789 τῆς
1267 713 1328 772 τόν
1341 707 1391 774 αἰν-

240 799 375 888 θραίπων
391 800 516 882 τάξεως,
545 801 596 870 διά
609 810 661 887 τῆς
676 800 753 888 πρός
772 801 865 870 αῦτόν
881 811 981 887 τιμῆς,
1010 806 1061 870 καί
1078 806 1166 889 σέβας
1179 803 1260 897 αόνρῖ
1273 807 1392 876 ἐνευδιό-

241 929 310 988 μτν,
340 906 372 970 ίν
389 907 491 993 ἐννοίᾳ
507 903 588 982 ὄντες
605 904 651 972 ότι
664 905 722 970 οῦκ
739 907 818 972 ἐστιν
840 903 1026 988 έξισοάμενος
1043 903 1181 993 όκόριός
1194 934 1251 976 τινι
1266 918 1327 977 ττῖν
1342 908 1391 978 νίν-

240 1005 392 1093 θράπων,
422 1004 479 1074 κάν
500 1032 530 1073 τε
549 1011 640 1092 μυρία
663 1009 715 1072 καί
736 1009 871 1074 ἐπέκεινα
894 1011 927 1075 έν
944 1006 1118 1100 δικαιοσύνῃ
1139 1005 1258 1102 ὖπόρχη
1273 1013 1392 1092 δέκατος

242 1107 422 1194 άνθροίποιν.
468 1116 541 1186 Πῶς
557 1107 612 1196 γάρ
628 1106 695 1176 σίόν
711 1136 741 1175 τε
758 1115 803 1194 είη
821 1117 924 1190 τοῦτο,
945 1108 980 1177 '0
995 1111 1049 1194 μίν
1061 1113 1118 1198 γάρ
1135 1113 1195 1179 ἐστι
1214 1113 1303 1195 θεός,
1332 1113 1394 1184 όδδ

241 1211 417 1298 ἅνθρωπος,
448 1214 498 1279 καί
520 1210 604 1294 όμέν
620 1214 653 1278 ἐν
673 1209 805 1302 οόρανῷ,
835 1210 903 1279 όδέ
918 1215 967 1280 έπί
981 1220 1035 1295 τῆς
1055 1220 1128 1300 γῆς,
1157 1212 1261 1282 διάτό
1277 1219 1327 1284 ίιτλ
1342 1225 1396 1304 γῆς

239 1320 381 1398 λείψανα,
411 1312 503 1398 πάρεξ
524 1321 584 1380 τῶν
607 1310 797 1381 ἀναστάντων
812 1317 863 1381 καί
880 1314 1129 1392 συνειςελθόντων
1142 1320 1175 1385 ἐν
1190 1325 1232 1408 τῷ
1246 1325 1398 1403 νυμφόνι,

242 1416 284 1495 όός
298 1432 372 1501 ’φησι
391 1414 423 1484 τό
440 1415 528 1502 δίγιον
543 1415 722 1504 εὐαγγέλιον,
748 1416 848 1485 Πολλά
860 1419 893 1484 δέ
908 1415 1029 1501 νάματα
1040 1426 1101 1485 τῶν
1114 1416 1208 1507 άγίιιν
1223 1417 1398 1507 άνέστησαν,

240 1522 292 1587 καί
318 1526 510 1602 συνειςῆλθον
532 1517 613 1610 αάτῷ
635 1524 677 1598 είς
701 1518 755 1604 τόν
775 1517 863 1607 άγίαν
884 1520 978 1586 πόλιν.
1032 1517 1132 1608 Ἀγίαν
1154 1522 1187 1589 δέ
1211 1521 1299 1590 πόλιν
1322 1525 1401 1611 λέγει

240 1626 330 1689 ποίαν
353 1621 479 1706 ταότηνς
509 1630 671 1706 πληροῦται
693 1623 750 1709 γάρ
772 1620 835 1688 κατ’
854 1622 970 1705 όμφοῖν
986 1619 1005 1689 ό
1019 1622 1106 1710 λόγος
1121 1627 1164 1702 τίς
1178 1621 1232 1708 τὴν
1252 1627 1398 1707 ἐνταῦθα,

239 1726 291 1791 καί
306 1727 349 1801 είς
364 1723 419 1808 τήν
435 1723 506 1792 ἅνω.
541 1725 610 1791 Ὅτι
625 1726 676 1808 μέν
690 1724 746 1811 γάρ
764 1728 806 1802 είς
823 1725 880 1808 τόν
897 1727 1030 1791 ίνταῦθα
1044 1722 1233 1810 Ἰερουσαλὴμ
1249 1735 1398 1811 σννειςῆλ-

240 1836 302 1894 θον
314 1826 396 1917 αὐτῷ
410 1835 545 1913 πρῶτον,
567 1835 653 1895 τοῦτο
668 1831 766 1911 δῆλον.
812 1826 911 1913 Hom}
927 1829 959 1894 δδ
973 1834 1029 1894 τοῦ
1044 1824 1194 1913 δναβῆναι
1208 1827 1261 1895 τόν
1276 1838 1398 1913 σωτῆρα

240 1933 283 2006 τίς
295 1927 348 1996 τόν
362 1926 506 2014 αόρανόν,
531 1927 655 2007 6οόδελς
668 1930 853 2014 ἀναβέβηκεν
865 1933 922 2007 ἕως
938 1929 986 1996 ὅτε
1000 1927 1081 2020 αότρῦ
1094 1938 1291 2037 σννσνόρλθαν.
1338 1931 1397 1998 Θό-

240 2034 301 2109 δείς
315 2029 371 2118 γάρ
390 2030 572 2117 άναβέβηκεν
596 2035 638 2108 είς
657 2031 710 2099 τόν
731 2031 874 2119 οόρανόν,
906 2034 933 2098 εί
947 2030 989 2115 μὴ
1005 2030 1023 2098 ό
1037 2034 1071 2099 ίκ
1086 2041 1141 2100 τοῦ
1159 2033 1292 2119 οόρανοῦ
1306 2061 1396 2100 κατα-

241 2133 314 2219 βάς,
347 2130 366 2200 ό
383 2133 450 2212 νίός
466 2142 520 2201 τοῦ
535 2132 710 2220 άνθράπσυ.
748 2133 836 2199 Ἀλλά
857 2137 925 2219 περί
940 2133 1055 2201 τοῦτον
1073 2138 1106 2203 ἐν
1120 2143 1163 2224 τῷ
1180 2135 1264 2225 τόπῳ
1278 2140 1396 2223 γενόμε·

240 2263 287 2304 ναι
309 2234 362 2314 τός
378 2236 434 2304 δόο
451 2239 540 2316 λέξεις
563 2233 760 2321 ὑπεδείξαμεν.
806 2240 849 2302 Et
861 2239 895 2303 δέ
909 2263 953 2314 τις
972 2240 1034 2322 ἐρεῖ
1046 2236 1106 2318 ότι,
1130 2229 1207 2322 'Apu
1218 2239 1262 2314 είς
1276 2236 1333 2320 τὴν
1344 2236 1393 2303 Ἱε-

240 2337 392 2427 ρουσαλόμ
409 2343 560 2423 είςῆλθονς
591 2341 711 2422 μαθέτω
735 2338 782 2405 ότι
798 2341 830 2405 ἐν
845 2341 941 2429 ἐκείνη
964 2348 1001 2430 τῇ
1024 2337 1117 2428 ἡμέρη
1138 2345 1199 2404 τεόν
1220 2344 1327 2422 θυρεόν
1345 2362 1389 2403 κε-

113 2477 166 2523 ρτς.
174 2464 221 2513 ⁸1¹.
239 2444 414 2526 κλειομένων
435 2444 564 2525 παρίστη
580 2438 597 2507 ό
611 2441 715 2527 κόριας
731 2445 807 2509 ίνθα
829 2434 906 2526 ἦσαν
923 2445 954 2508 σί
969 2442 1099 2526 μαθηταί
1113 2441 1305 2527 συνηγμέναι,
1338 2444 1390 2506 καί

240 2566 314 2630 φησι
334 2545 452 2625 αὐτοῖς,
475 2543 591 2630 Είρόηνη
612 2542 690 2626 όμῑν.

103 2652 232 2734 Κιανοί.Ι
326 2645 403 2714 Βίτα
429 2648 462 2715 δέ
486 2649 555 2735 περί
579 2645 684 2713 τοῦτον
712 2638 805 2724 αὖθις
834 2645 1018 2730 ἐπιλήψομαι
1042 2652 1094 2730 τῆς
1116 2643 1316 2724 ἐκαλαυθίας,
1348 2642 1393 2711 ότι

237 2748 406 2838 άναγκαίως
420 2748 441 2833 ἡ
455 2753 594 2833 ἐκκλησία
607 2756 696 2815 τοῦτο
713 2752 835 2816 ἐπιτελεῖ
841 2801 850 2830 ,
880 2748 1047 2835 παράδοσιν
1062 2752 1193 2833 λαβοῦσα
1207 2744 1290 2832 καρά
1308 2748 1396 2812 κατί-

239 2881 308 2938 ρων.
357 2859 408 2932 Τίς
423 2854 456 2920 δέ
473 2853 631 2936 δυνήσεται
652 2851 784 2935 ιθεσμόν
800 2851 912 2936 μητρός
930 2849 1101 2930 καταλόειν,
1122 2848 1252 2934 ἢνόμον
1268 2848 1396 2931 πατρόςς

239 2953 281 3032 σός
294 2955 332 3022 τό
346 2954 428 3042 παρά
443 2963 484 3045 τῷ
500 2961 672 3037 Σολομῶντι
697 2956 850 3039 εἰρημένα,
870 2953 982 3020 ’Ἀκουε
1003 2954 1049 3019 υίδ
1066 2951 1175 3040 λόγους
1195 2949 1310 3038 πατρός
1329 2973 1398 3032 σου,

238 3060 289 3125 καί
305 3056 347 3141 μό
360 3056 466 3146 όποόση
481 3056 613 3142 θεσμσός
631 3056 741 3143 μητρός
755 3080 824 3123 σου·
847 3060 943 3134 δείξας
957 3054 1004 3121 ότι
1018 3053 1177 3142 ἐγγράφοις
1192 3078 1223 3120 τε
1237 3055 1288 3120 καί
1305 3052 1398 3141 άγροί-

239 3187 307 3243 φας
321 3163 474 3227 ἐδίδασκεν
490 3158 507 3226 ό
522 3159 635 3244 πατὴρ,
666 3161 815 3225 τουτέστιν
830 3156 847 3225 ό
863 3156 936 3234 θεός
952 3154 971 3224 ό
985 3155 1161 3244 μονογενὴς,
1190 3157 1242 3222 καλ
1261 3154 1296 3222 τό
1311 3154 1398 3242 άγιον

239 3271 371 3347 πνεῦμα,
392 3260 413 3347 ἦ
428 3264 460 3329 δδ
475 3261 569 3346 μήτηρ
584 3260 669 3345 ἡμῶν
686 3261 707 3345 ἦ
723 3265 862 3344 ἐκκλησία
877 3258 934 3345 εἶχε
948 3257 1081 3342 θεσμοός
1096 3261 1129 3326 έν
1140 3257 1216 3349 αότῇ
1232 3259 1396 3341 κειμένους,

239 3365 382 3446 άλότους,
403 3363 444 3449 μή
462 3366 645 3447 δυναμένους
660 3371 870 3446 καταλυθῆναι.
918 3363 1108 3448 Τεταγμένων
1123 3365 1224 3427 τοίνυν
1237 3367 1297 3425 νῦν
1313 3363 1346 3427 ίν
1358 3356 1398 3449 τῇ

240 3472 378 3558 ἐκκλησίην
393 3474 531 3550 θεσμῶν,
561 3469 611 3533 καί
630 3474 727 3542 καλῶς
742 3465 883 3549 ἐχόντων,
915 3467 965 3531 καί
980 3472 1040 3530 τόν
1055 3461 1173 3530 πάντων
1190 3468 1398 3543 ’θαυμασίας

238 3573 415 3660 γινομένων,
438 3568 584 3653 ἐλήλεκται
599 3567 687 3633 πάλιν
703 3571 752 3634 καί
769 3560 858 3644 οότος
871 3566 888 3634 ό
902 3567 1022 3643 πλάνος.
1069 3568 1130 3631 Καί
1147 3572 1253 3632 τοῦτον
1271 3566 1303 3631 δέ
1322 3592 1396 3648 παρ-

240 3673 378 3752 ελθόντες
392 3673 489 3758 όίςιιερ
507 3670 669 3755 κάνθαρον,
684 3670 704 3754 ἢ
718 3675 899 3754 κανθαρίδα,
916 3669 937 3753 ἢ
951 3667 1004 3736 τόν
1019 3667 1200 3750 καλούμενον
1215 3668 1398 3753 βούπρηστιν

240 3778 393 3843 κνάδαλον
413 3773 651 3849 καταθλάσαντες
666 3781 706 3861 τῷ
724 3774 953 3862 ἐκκλησιαστικῷ
979 3760 1196 3853 8έδραιιιόματι,
1227 3773 1278 3836 καί
1292 3778 1329 3861 τῇ
1343 3777 1398 3836 τοῦ

239 3887 316 3946 θεοῦ
333 3877 473 3961 δυνάμει,
496 3879 546 3944 έτιλ
566 3873 619 3952 τάς
634 3877 702 3958 ἑξῆς
722 3875 809 3940 πάλιν
830 3879 936 3957 λομεν,
966 3873 1019 3941 τόν
1041 3871 1113 3941 θεόν
1128 3869 1247 3956 βοηθόν
1268 3875 1397 3940 4έπικα·

239 3980 384 4065 λούμενοι,

273 4171 298 4223 5.
316 4174 359 4222 td.
376 4173 456 4222 Ρειαυ.
477 4171 556 4221 θοίνα
571 4174 641 4233 τερα.
659 4172 740 4220 σίλλοις
751 4175 803 4233 post
869 4167 892 4218 3.
911 4166 1066 4235 ίθραιοίματι
1089 4169 1126 4219 εδ.
1144 4171 1218 4232 prim
1253 4164 1399 4234 έδρτιόματι

241 4233 326 4297 οόῦτὶς
343 4242 422 4288 iuuerit
439 4234 496 4305 γὰρ.
835 4238 902 4289 codd.
920 4252 975 4287 τοτα.

276 4306 334 4357 θεν.
350 4306 414 4355 vm.
433 4333 465 4344 -
487 4309 506 4355 1.
524 4303 619 4372 δεσμόν
636 4309 686 4356 cod.
705 4308 802 4370 Βλεδίη.
872 4303 896 4356 4.
912 4306 938 4356 1ο
960 4307 1011 4355 end.
1030 4307 1075 4357 ίειι.
1095 4309 1148 4368 ρσιλ
1165 4297 1352 4368 ἐπικαλούμενοι
1368 4307 1398 4354 λε·

274 4376 298 4426 ¹2.
317 4373 465 4440 θαυμασίων
482 4376 518 4425 αδ.
537 4377 618 4426 Peleu.
637 4378 724 4424 νῦίοιε.
837 4389 883 4425 ατο
898 4389 945 4426 ιιοα
960 4377 1089 4439 interrupta
1105 4379 1230 4437 sequuntur
1243 4373 1300 4423 λοισ
1317 4375 1399 4436 verba,
