3096 5070
260 244 323 311 2³2
683 247 994 304 τιοττετειεειιοιι

262 379 316 438 τοῦ
334 371 511 456 τροκριτέον
535 368 639 451 δόξης,
672 370 705 433 έν
719 375 760 456 τῷ
775 365 808 433 τό
824 367 998 451 κροκριτέον
1012 361 1068 430 ούκ
1086 362 1160 431 αύτό
1178 366 1285 430 έαοτού
1308 366 1416 444 αἴτιον,

263 471 321 538 ἀλλ’
339 469 389 538 ἄττ’
403 468 495 537 αύτοῦ
510 470 543 538 τό
561 474 626 537 ἴσον
641 477 752 556 γεννῶν
765 467 900 558 όιχρύντητ
915 470 966 532 καί
981 465 1175 555 ύκαταλὴτιτμ
1189 463 1288 555 ούσίρι,
1307 463 1416 549 όμοοο-

264 578 337 649 σίως
351 571 384 640 τό
403 571 545 650 οὐσιῶδες
559 575 610 638 καί
626 571 826 640 ένοττόστατον
841 580 928 637 θεῖον
943 572 1086 657 γέννημα,
1116 560 1210 653 ούτιερ
1228 565 1315 634 εἰκύν
1339 570 1418 634 ἰστιν

262 675 320 744 ούκ
344 673 475 758 ύψογος,
506 673 579 742 duo}
603 673 716 760 πατρός
738 678 985 758 γαρακτηρίζοοοα
1010 674 1109 758 γένος,
1143 670 1185 748 όός
1209 693 1284 753 φησι
1305 667 1326 754 ἡ
1346 672 1419 737 osta

263 775 383 866 γραφὴ,
414 779 464 843 έιιὶ
479 783 516 865 τῇ
532 775 641 858 ἰσότητι
658 782 710 842 τοῦ
729 772 905 860 γεννὴτορος
920 772 953 840 τό
966 776 1095 860 γέννημα
1109 773 1269 853 τάττουσα,
1301 770 1418 851 Εἰκύν,

263 878 437 963 φάσκουσα,
468 884 521 945 τοῦ
541 875 673 964 όορύτον
695 884 780 943 θεοῦ.
826 878 886 941 Καὶ
907 880 957 941 ἵνα
974 875 1015 960 μὴ
1034 902 1078 952 τις
1092 880 1197 965 νομίσῃ
1212 873 1362 961 διαφόρων
1378 873 1421 943 εἰ·

264 1010 312 1049 ναι
337 979 393 1065 τὴν
417 979 517 1047 εἰκόνα
540 988 594 1063 τῆς
617 978 810 1063 ταοτότητος,
840 978 932 1055 αἰετός
953 975 1084 1062 ότιατὴρ
1108 976 1161 1061 τὴν
1180 976 1345 1064 διόρθωσιν
1366 987 1422 1063 τῆς

263 1081 410 1170 ἡμετέρας
427 1090 502 1166 ζωῆς
516 1088 654 1165 προνοῶν
670 1080 728 1167 πρό
747 1080 856 1149 τούτου
869 1088 923 1148 τοῦ
939 1080 1029 1165 λόγον
1047 1082 1140 1163 ἔφησε
1156 1078 1206 1159 τό,
1238 1079 1421 1173 Ποιήσωμεν
1509 1164 1513 1172 ¹

265 1184 430 1270 ύνθρωιιον
444 1183 508 1249 κατ’
526 1183 624 1250 εἰκόνα
638 1181 780 1269 ἡμετέραν
794 1187 846 1249 καί
862 1180 932 1249 καθ’
948 1179 1106 1264 όμοίοοσιν,
1127 1179 1165 1248 ού
1182 1186 1295 1260 βιούσας
1312 1182 1421 1250 έαοτόν

264 1288 346 1374 τιαρύ
362 1287 414 1354 τόν
437 1285 519 1366 οἷόν,
548 1285 620 1352 ύίλύ
635 1284 742 1369 δοϊκὴν
756 1288 807 1352 καὶ
824 1283 983 1369 όμοόνυμον
1005 1287 1080 1362 λέξιν
1094 1283 1224 1350 έτιειιτοόν
1241 1283 1291 1365 τό,
1323 1285 1419 1369 Ποιή-

264 1413 361 1473 σωμεν
385 1387 565 1474 ύνθροιτιον,
597 1392 647 1454 ἵνα
670 1386 726 1454 δύο
747 1387 879 1477 σημόνη,
909 1385 1015 1452 έαντόν
1035 1412 1066 1452 τε
1084 1389 1135 1452 καὶ
1153 1385 1204 1453 τόν
1222 1386 1304 1467 υἱόν,
1333 1386 1420 1471 ἡκαί

265 1495 380 1574 εἴποιμι
403 1492 454 1556 καί
477 1490 510 1556 τό
537 1490 622 1576 όὶγιον
644 1497 767 1572 πνεῦμα.
811 1492 900 1555 4Καὶ
920 1487 954 1554 τό
977 1490 1027 1554 έτιί
1044 1496 1080 1578 τῇ
1098 1491 1209 1572 ἰσότητι
1231 1496 1283 1572 τῆς
1303 1488 1422 1569 εἰκόνος

265 1593 300 1660 τό
316 1592 358 1677 μὴ
377 1591 426 1657 ἰιύ
441 1590 496 1659 δύο
510 1591 606 1678 λόγων
623 1595 782 1678 τταρενθεὶς
798 1591 899 1658 εἰκόνα
914 1596 983 1675 μίαν
1000 1594 1073 1673 ἔφη,
1096 1588 1239 1675 ἡμετέραν
1257 1591 1289 1656 δέ
1303 1590 1337 1658 τό
1354 1595 1421 1658 δοῖ-

266 1695 322 1763 κύν
337 1692 525 1777 τίττεφὴνατο,
557 1694 609 1759 τόν
631 1696 663 1759 δέ
683 1694 837 1780 γινόμενον
861 1692 1025 1780 ύνθρωττον
1046 1691 1082 1759 ού
1104 1701 1141 1783 τῇ
1161 1701 1215 1759 τοῦ
1232 1692 1298 1770 ένός
1315 1693 1421 1776 εἰκόνι,

267 1796 338 1864 ἄλλό
353 1805 390 1887 τῇ
406 1803 465 1862 τῶν
480 1798 535 1862 δύο
554 1794 704 1879 όμοιόιητί
722 1822 752 1862 τε
765 1799 815 1863 καί
833 1797 943 1879 ἰσότητι
961 1794 1060 1862 εἰκόνα
1075 1793 1239 1881 γινόμενον,
1256 1799 1306 1861 ἵνα
1320 1796 1421 1883 ιιύντη

267 1900 360 1980 σαφές
382 1903 427 1979 εἰη
443 1896 476 1963 τύ
502 1900 700 1985 1έττροκριτέον
718 1902 751 1965 έν
766 1902 855 1983 πατρὶ
871 1901 922 1964 καὶ
943 1903 999 1988 υἱῷ
1013 1901 1063 1963 καὶ
1080 1894 1156 1988 ύγίῳ
1174 1897 1316 1982 πνεύματι
1331 1901 1424 1983 μένον

267 2004 300 2068 ἰν
312 1999 483 2082 ταυτότητι,
514 2003 563 2066 καὶ
582 2000 623 2084 μὴ
639 1999 851 2085 ἀλλοιούμενον.
899 1997 945 2065 Ού
962 1998 1017 2087 γύρ
1036 1998 1104 2085 παρ’
1128 2002 1226 2084 ἐτέρας
1246 1999 1365 2082 φύσεως
1380 2006 1420 2068 εἰ·

267 2100 394 2185 ληφενό
408 2102 522 2186 τιατὴρ,
551 2101 701 2187 ἡόοῖός,
731 2101 753 2186 ἡ
768 2102 801 2169 τύ
815 2103 901 2189 ἅγιον
915 2110 1045 2185 πνεῦμα,
1075 2101 1239 2186 ἡδέδοικεν
1256 2104 1341 2194 έτέρμ
1361 2103 1418 2186 φύ-

269 2228 313 2271 σει
329 2204 513 2288 σομμετογὴν
527 2213 580 2289 τῆς
593 2207 700 2272 έαοτού
716 2203 833 2286 φύσεως
848 2209 900 2271 καί
915 2204 1095 2287 α’ξιοόματος,
1118 2203 1185 2272 ούτε
1199 2204 1275 2271 κατό
1289 2232 1354 2272 τινα
1370 2232 1415 2271 το-

270 2305 364 2391 μὴνὴ
382 2305 547 2394 όττόρροιαν
560 2306 593 2374 τό
608 2306 683 2373 εἰναι
708 2311 737 2385 έξ
753 2304 845 2373 αύτού
858 2307 911 2374 τόν
928 2315 1071 2394 μονογενῆ
1086 2310 1137 2374 καὶ
1152 2305 1186 2374 τό
1202 2306 1288 2394 ἅγιον
1302 2314 1415 2388 πνεῦμα

269 2408 421 2476 όλλοίωσιν
434 2419 487 2493 τῆς
503 2409 621 2492 φύσεως
638 2410 838 2497 ἐξειργάσατο,
870 2407 940 2477 Mo?
960 2409 1098 2495 καθάπερ
1121 2413 1242 2497 έξαρχῆς
1259 2410 1416 2495 κροκηιτέα

148 2549 199 2595 m.
212 2537 257 2582 εει.
271 2511 363 2595 φύσις
384 2511 543 2599 ιἰγέννητος
566 2515 617 2580 καὶ
639 2511 774 2589 όκτιστος
795 2510 841 2577 ύεί
862 2504 916 2596 ἡν,
949 2511 1043 2590 οὕτως
1068 2512 1115 2578 ἀεὶ
1136 2517 1165 2593 ἰξ
1187 2511 1280 2579 αύτού
1297 2537 1417 2597 τροκρο

269 2617 336 2682 τέον
351 2617 479 2702 γέννημα
496 2619 548 2683 καὶ
564 2615 649 2703 ἅγιον
663 2623 779 2699 ιτνεῦμα
793 2612 865 2699 ἡμῖν
883 2623 988 2694 σοφοῖς
1001 2615 1175 2703 κεκὴροχεν,
1196 2617 1248 2681 καί
1265 2611 1322 2683 ούκ
1339 2615 1421 2698 ένηλ-

269 2720 426 2805 λαγμένως.

355 3222 468 3306 Κεφύλ.
481 3224 597 3291 ’Λετίοο
613 3223 646 3311 γ’.
678 3228 721 3290 Εἰ
735 3225 768 3290 δέ
785 3224 876 3303 αύτός
893 3228 987 3315 έαοτῷ
1002 3227 1035 3294 τό
1054 3225 1127 3294 εἰναι
1143 3227 1184 3311 μὴ
1197 3230 1354 3315 παρέσχεν,
1383 3230 1422 3296 ού

270 3327 322 3395 ἰιοί
336 3326 369 3393 τό
387 3326 509 3404 ύσθενές
523 3334 576 3411 τῆς
594 3326 722 3407 φύσεως,
745 3327 817 3393 ἆίλύ
834 3327 884 3394 διό
899 3329 932 3396 τό
951 3327 1182 3416 ὑπερβεβηκέναι
1198 3337 1296 3397 πᾶσαν
1315 3334 1422 3414 αἰτίαν,

269 3430 366 3496 πόθεν
383 3427 421 3495 όὶν
436 3457 480 3507 τις
494 3428 549 3513 τὴν
562 3427 731 3495 ύιτοστᾶσαν
746 3430 821 3515 πρός
841 3431 895 3515 τὴν
910 3430 1118 3517 ύιτοστὴσασαν
1134 3434 1227 3515 φύσιν
1241 3432 1274 3500 τό
1290 3431 1424 3519 ύτταρόί·

268 3542 373 3599 λακτον
390 3536 432 3609 εἰς
452 3530 556 3598 ούσίαν
578 3534 653 3616 έχειν
676 3533 901 3620 συγχωρήσειεν,
938 3535 974 3601 ού
997 3538 1188 3623 τιροςιεμένης
1213 3543 1265 3619 τῆς
1280 3535 1423 3621 τοιαύτης

268 3633 458 3712 ύττοστύσεως
478 3636 604 3721 γένεσινς

348 3737 464 3823 Ἀνατρ.
511 3735 579 3822 Χρὴ
605 3758 651 3816 σε,
684 3728 834 3818 οόἈέτιε,
866 3736 929 3804 ύνω
944 3741 1135 3826 ττροςὲχοντα,
1166 3742 1217 3806 καί
1239 3749 1365 3808 σεαυτοῦ
1386 3742 1421 3810 τό

147 3894 150 3899 .
268 3840 390 3907 έέεεινύν
406 3847 621 3918 κατανοοῦντα,
657 3841 767 3924 έτιέγειν
780 3847 833 3924 τῆς
847 3843 954 3908 έαυτοῦ
969 3850 1115 3928 τολμηρᾶς
1130 3846 1264 3920 διανοίας
1277 3844 1310 3910 τό
1323 3870 1423 3929 τιεριτ-

267 3941 319 4009 τόν
336 3950 388 4024 τῆς
403 3942 552 4025 ἀσεβείας,
575 3946 625 4007 ἵνα
642 3945 692 4007 καί
708 3940 793 4025 ἡμεῖς
809 3942 850 4026 μὴ
865 3944 1095 4028 σομμαινόμενοι
1108 3951 1144 4035 τῇ
1161 3945 1288 4036 τοσαύτη
1304 3945 1423 4037 όφοβίμ

267 4040 422 4129 ἡττημένοι
439 4042 678 4128 ύτιοληφθοῑμεν,
701 4042 772 4109 duo}
794 4049 863 4111 ισοί
879 4072 910 4111 τε
926 4050 976 4112 καὶ
995 4049 1108 4124 έαυτοῖς
1121 4046 1158 4113 τό
1174 4046 1251 4134 τορός
1271 4046 1422 4132 εύσέβειαν

299 4281 324 4337 4.
342 4288 406 4338 Haec
421 4290 493 4338 verba
508 4294 617 4352 corrupta
635 4293 695 4341 ιιιτιι
730 4289 824 4339 Rescri-
858 4286 972 4355 imaginis
995 4307 1044 4340 non
1057 4307 1103 4370 per
1120 4290 1181 4341 duos
1195 4307 1321 4342 sermones
1337 4289 1422 4342 iuter-

265 4356 366 4405 bendum
388 4358 480 4406 videtur
495 4355 548 4410 Καὶ
571 4352 634 4411 αὐτὸ
653 4355 693 4408 ἐπὶ
714 4356 747 4424 τῇ
767 4351 823 4408 ἰού·
857 4372 953 4422 ponens
969 4375 1040 4408 unam
1056 4359 1187 4424 maginem
1203 4359 1279 4417 dixit.
1306 4358 1352 4409 aed
1374 4377 1422 4428 per

265 4439 323 4489 τητι
346 4423 394 4489 τῆς
412 4423 508 4485 εἰκόνος
524 4423 552 4478 τό
567 4425 621 4477 Καὶ
636 4421 678 4478 διὰ
696 4422 742 4478 δύο
759 4426 780 4475 λ.
796 4440 821 4475 τε
856 4441 943 4474 vocem
965 4428 1082 4476 Nostram
1100 4434 1168 4489 τεεί,
1193 4444 1253 4493 ηαοε
1268 4443 1305 4480 mo
1319 4445 1366 4480 τοο
1381 4433 1420 4485 in-

266 4494 395 4545 οοττιοιεοε
418 4496 487 4543 verm
514 4492 565 4543 Sed
595 4502 620 4544 et
648 4491 821 4560 aequalitatem
854 4494 956 4559 ετιίιριτα
973 4498 1041 4546 tibere
1056 4497 1173 4560 ητοβιεοτ.
