3096 5070
384 286 521 340 ΓΓΓΓΓΓΓΓ
538 285 601 338 ura.
615 285 658 338 sn.
675 284 759 338 rou.
770 285 790 336 Γ.
807 282 907 339 anua.
926 282 1047 337 ΓΓΓΓΓΓΓΓ.
1235 266 1296 334 ¹23

138 409 220 474 obes.
266 407 421 495 Augustus
439 407 596 493 episcopus
612 403 839 492 Euphratesiae.
884 401 993 466 Pollux
1010 402 1164 489 episeopus
1180 402 1299 488 provin·

137 512 201 577 ciac
226 513 375 576 secundae
398 507 525 595 Libyae.
581 506 753 572 l‘ancratius
777 507 932 593 episcopus
958 502 1081 569 Pelusii.
1133 502 1300 570 Philicedus

137 615 293 701 episcopus
315 613 554 697 Augustodurum
573 607 719 696 Pbrygiae
748 609 931 695 provinciae.
976 604 1122 693 Serapion
1146 607 1300 693 episcopua

138 718 298 807 Antipyrgi
315 714 444 801 Libyae.
491 711 640 776 Eusebius
659 713 814 798 episcopus
833 709 979 776 Sebastae
995 708 1192 805 Palaestinae.
1237 708 1300 774 ilc·

136 821 268 886 liodorus
306 819 461 905 episcopus
501 812 638 881 Seausac
674 811 857 900 Pentapolis.
918 811 1108 878 Ptolemaeus
1144 811 1301 898 episcopus

138 922 292 988 Tbmueos
308 919 539 1004 Augustonices.
579 918 720 1001 Augurus
737 917 892 1002 episcopus
909 913 983 1003 Cyri
999 913 1195 1000 Euphrasiae.
1236 912 1300 978 Ex·

138 1027 255 1089 eresius
274 1024 430 1108 episcopus
448 1019 642 1086 Gerasorum.
689 1018 821 1084 Arabico
836 1019 991 1104 episcopus
1007 1016 1186 1081 Adraorum.
1222 1013 1301 1082 clo-

138 1128 230 1192 risius
245 1126 401 1211 episcopus
420 1124 521 1188 Aznti.
568 1120 721 1189 Elissaeas
736 1121 891 1206 episcopus
908 1117 1183 1206 Diocletianopolis.
1224 1117 1302 1183 Ger·

135 1248 244 1293 manus
261 1227 414 1313 episeopus
432 1224 599 1291 Petraeum.
645 1224 809 1291 Barocbius
828 1224 983 1310 episcopus
1000 1221 1141 1287 Arabius.
1187 1218 1301 1287 Omnes

141 1331 272 1417 episcopi
296 1350 418 1395 numero
440 1325 559 1393 XLlll.

183 1450 364 1503 HACTENUS
382 1447 664 1500 SEMlAlllANORUM
682 1449 727 1501 ET
746 1446 948 1498 AlllANORUM
966 1445 1054 1496 FlDlll
1072 1445 1262 1499 EXPOSITIO.

223 1668 298 1738 Cum
322 1671 396 1736 hauc
419 1682 448 1735 et
470 1680 587 1735 ceteras
617 1669 645 1733 id
668 1691 811 1754 genuen
792 1669 860 1733 fidei
887 1667 1091 1755 expositiones
1107 1690 1163 1733 vus
1187 1667 1297 1752 legitis,
1340 1673 1402 1740 cap

138 1771 242 1860 quibus
265 1775 436 1861 prudentiae
463 1773 542 1837 inest
564 1794 599 1836 ac
621 1771 720 1835 iudicii
751 1770 900 1850 nonnihil,
937 1772 1161 1836 animadvertite
1190 1791 1301 1889 quaesp
1318 1739 1427 1795 mn·

139 1898 224 1961 quaem
248 1874 401 1940 subdolum
424 1898 459 1940 ac
482 1875 657 1940 malitiosum
680 1875 719 1938 sit
741 1873 828 1938 unius
851 1894 891 1936 ex
912 1873 960 1937 illa
982 1884 1064 1938 secta
1092 1874 1182 1959 partis
1205 1872 1303 1938 consi·

139 1978 228 2058 lium,
253 1999 287 2042 ac
311 1977 381 2041 nibil
403 1990 515 2042 rectum
539 1977 663 2055 babeat,
688 1997 783 2061 neque
798 1975 846 2040 vel
868 1975 1018 2040 levissime
1036 1976 1154 2040 divinae
1175 1975 1244 2039 fidei
1264 1976 1304 2040 sit

139 2080 344 2166 professionis
366 2093 610 2146 cousentaneum.
666 2077 787 2143 Etenim
820 2078 954 2142 dominus
985 2078 1024 2143 ita
1056 2077 1300 2142 commonefecit.

140 2186 250 2263 orion
235 2206 265 2245 rn
282 2204 379 2244 curent
398 2185 520 2256 uadetis,
551 2186 716 2264 praedicate
735 2204 822 2264 super
844 2193 927 2243 tecta.
976 2182 1074 2266 Atque
1096 2191 1129 2246 ul
1149 2181 1360 2289 apostulusna
1317 2192 1360 2239 tta
1360 2192 1404 2239 stu

139 2286 290 2350 bortatur:
316 2289 467 2348 Veritatem
484 2290 675 2367 unusquisque
690 2288 823 2400 lnprrutur
840 2305 902 2345 cum
915 2288 1048 2366 prorfmc
1066 2306 1128 2346 suo.
1177 2285 1218 2348 At
1234 2305 1301 2369 pro·
1314 2247 1441 2356 tipbsat.

138 2389 224 2474 pheta
246 2388 363 2451 illorum
386 2386 600 2474 improbitatem
625 2408 682 2450 non
706 2385 770 2450 siue
793 2386 1022 2470 reprehensione
1045 2387 1186 2450 declarat.
1233 2391 1301 2450 Cum
1320 2401 1365 2446 Γ
1365 2400 1404 2445 ιι

134 2496 284 2573 mummio,
318 2488 429 2575 inquil,
459 2493 586 2572 loqurlur
598 2492 739 2571 purifico,
770 2494 800 2551 t'rt
822 2493 907 2551 corde
925 2511 990 2551 uero
1008 2511 1059 2551 suo
1085 2491 1197 2551 dabct'
1183 2493 1303 2552 ansirici·
1334 2452 1400 2510 ω

140 2599 223 2668 tium,
248 2594 313 2657 sive
336 2592 486 2656 malitiam.
534 2590 619 2655 Talis
643 2601 689 2654 est
710 2590 839 2655 Aeacius
862 2592 916 2654 iste
940 2612 1005 2655 cum
1028 2589 1102 2655 suis.
1147 2589 1303 2655 Nemeum

140 2716 174 2758 se
196 2692 341 2758 abasilio
364 2694 475 2758 eteius
502 2693 625 2758 asseclis
649 2693 880 2773 disiunxisseut,
912 2716 969 2778 quo
993 2714 1083 2757 verae
1106 2692 1303 2757 confessionis

141 2797 289 2860 vinculum
309 2817 344 2859 ac
366 2817 476 2860 nexum
501 2796 665 2860 dissolvere
687 2797 840 2882 cupientes
863 2795 1055 2860 adulterinam
1079 2795 1180 2861 nescio
1203 2817 1302 2880 quam,

142 2908 172 2960 et
196 2899 231 2960 ad
254 2896 444 2962 refellendum
472 2899 603 2977 facilem,
640 2908 670 2962 et
691 2899 720 2962 iu
744 2920 847 2962 omnes
878 2888 984 2984 partes¹
1006 2898 1199 2977 versabilem,
1234 2896 1303 2962 fidei

141 3000 353 3085 professionem
371 3001 542 3081 ediderunt,
568 3011 599 3064 ut
620 3022 660 3065 ex
683 3011 826 3085 concepta
849 3000 912 3086 ipsa
935 3000 1092 3066 verborum
1117 3000 1253 3079 formula,
1276 3001 1303 3065 si

141 3100 246 3186 quibus
268 3102 419 3187 imponere
437 3103 565 3182 vellent,
589 3104 693 3168 iustam
717 3123 752 3167 ac
768 3102 925 3186 legitimam
943 3104 1159 3167 confessionem
1183 3123 1253 3187 prae
1269 3123 1303 3167 sc

141 3206 221 3268 ferre
237 3203 329 3267 videri
353 3217 491 3290 possent,
524 3206 570 3269 sin
593 3207 733 3291 perfidiae
756 3226 828 3269 suae
852 3206 933 3268 virus
957 3207 1125 3289 patefacere
1148 3215 1301 3291 cuperent,

141 3305 285 3370 eiusmodi
307 3306 365 3370 illis
387 3308 422 3371 ad
442 3330 558 3372 manum
576 3320 658 3373 esset
682 3308 749 3371 fidei
773 3307 938 3392 professio,
973 3328 1047 3391 quae
1069 3292 1214 3392 utriunque
1237 3327 1304 3393 spe-

141 3418 224 3472 ctans
246 3409 281 3472 ad
304 3411 461 3492 quamlibet
479 3411 594 3475 illorum
610 3410 826 3475 simulationem
844 3421 942 3495 aptum
958 3410 1092 3494 quiddam
1108 3409 1300 3493 exprimeret.

143 3507 203 3573 Sed
220 3511 356 3594 quoniam
377 3512 405 3574 in
426 3512 480 3576 boc
499 3513 602 3577 Aeacii
626 3513 851 3591 conventiculo,
888 3514 964 3596 quud
987 3512 1024 3577 ab
1043 3513 1108 3575 aliis
1126 3510 1238 3575 duobus
1258 3520 1303 3573 est

142 3612 324 3693 seiunctum,
349 3651 387 3661 -
419 3615 475 3677 iam
499 3614 575 3679 euim
598 3615 726 3679 diximus
746 3625 807 3678 tres
827 3615 857 3677 in
876 3626 975 3701 partes
993 3614 1171 3703 Asianorum
1194 3623 1303 3676 sestam

143 3733 209 3776 csse
229 3713 373 3793 divisam,
397 3735 486 3800 quare
504 3713 670 3793 Eudoxius,
696 3713 876 3795 Germanus,
903 3715 1052 3801 Georgius
1068 3715 1303 3795 Alexandrinus,

141 3813 278 3880 Euznius
302 3814 508 3881 Antiochenus
534 3818 563 3879 in
586 3837 671 3880 unam
696 3816 851 3882 factionem
879 3820 1026 3904 segregati
1053 3827 1141 3895 sunt,
1177 3814 1303 3882 Basilius
1396 3849 1400 3856 ·

141 3938 214 3982 vero
234 3915 385 3995 Eteonos,
409 3916 594 3996 Eustatbius,
620 3915 768 4002 Georgius
785 3918 986 4000 Laodicenos,
1011 3917 1151 3985 Silvanus
1170 3919 1303 3985 Tarsen-

141 4021 201 4100 sis,
234 4017 431 4084 Macednnius
450 4017 813 4104 constantinopolitanus,
847 4022 938 4087 etalii
956 4023 1122 4108 complures
1144 4023 1303 4110 separatim

141 4143 225 4186 suum
245 4143 351 4207 cerpus
367 4123 545 4202 effecerunt,
571 4124 700 4188 Aeacius
717 4122 859 4207 denique,
890 4134 1027 4209 utsupra
1043 4125 1121 4204 dixi,
1156 4147 1220 4191 cum
1235 4125 1303 4191 Me·

142 4225 230 4304 letio,
264 4222 429 4311 Eutychio,
466 4236 496 4289 et
520 4225 586 4290 aliis
613 4226 761 4290 nonnullis
788 4225 890 4288 tertias
913 4224 943 4289 in
967 4239 1065 4312 partes
1089 4228 1300 4294 discesserunt.

141 4397 181 4445 ubl
205 4399 290 4460 tepidus
314 4399 373 4460 stpto
397 4397 432 4448 tt.
456 4398 547 4448 udddo.
589 4401 617 4449 ln
639 4400 705 4451 libris
738 4401 785 4450 toa.
803 4398 888 4459 ΓΓΓΓΓ.)
905 4395 969 4464 belii
971 4413 1014 4451 σαι
1031 4380 1065 4451 io.

141 4467 211 4528 uutm
225 4469 289 4517 cetat
303 4465 456 4533 (uttettma
447 4481 472 4517 ΓΓ
488 4466 544 4517 ΓΜ.
559 4467 641 4518 raso.
659 4469 704 4518 Co·
771 4462 796 4519 4.
816 4464 924 4532 usllrtoe
940 4468 1009 4518 codd.
1025 4482 1080 4522 msa
1097 4474 1200 4534 aaron
