3096 5070
713 319 834 372 stttc‘rt
854 320 1022 371 BPIPHANH

146 688 197 734 Ν·
213 677 270 724 ”¹²
361 678 527 775 Σύντομος
555 677 680 774 ἀληθὴς
704 679 799 776 λόγος
824 683 897 778 περὶ
921 684 1067 768 Πίστεως
1095 685 1277 779 Καθολικης
1303 688 1362 758 καὶ

622 799 861 894 Ἀποστολικής
884 797 1097 892 Ἐκκληοίοις.

151 968 269 1042 1(Μῄ
375 946 418 1012 Τά
444 949 497 1030 μέν
520 951 662 1030 πολυειδῆ
690 950 741 1014 καί
766 945 938 1033 πολύτροπα
964 949 1015 1012 καλ
1040 951 1204 1030 πολυσχεδῆ
1231 956 1290 1014 τῶν
1315 957 1443 1017 σκολιῶν

289 1050 516 1136 ιβουλευμάτων
529 1057 589 1116 τῶν
601 1053 741 1116 ἐναντίων
755 1049 944 1132 διαλαβόντες
955 1057 1087 1133 προπετῆ
1105 1049 1277 1136 διδάγματα,
1299 1055 1350 1117 καί
1365 1051 1444 1137 πρδς

184 1160 186 1165 ’
285 1149 364 1230 ελδος
378 1155 429 1218 καλ
444 1157 530 1239 γένος
546 1151 699 1231 διελόντες,
723 1156 844 1237 φροῦδα
856 1153 907 1217 καί
923 1154 998 1217 ἕωλα
1013 1152 1135 1234 δυνάμει
1152 1162 1228 1220 θεοῦ
1242 1156 1442 1240 διηλὲγξαμεν,

284 1254 338 1321 τόν
355 1280 385 1320 τε
410 1252 535 1341 άπειρον
550 1254 602 1321 τόν
625 1252 685 1321 άπό
712 1255 835 1337 ἑκάστης
857 1256 995 1338 αίρέσεως
1013 1258 1207 1338 βλασφημιῶν
1223 1259 1272 1321 ιιαλ
1291 1247 1441 1343 αίσχρολό-

283 1364 357 1445 γιῶν
375 1359 426 1423 καλ
442 1356 629 1441 ἀηδεστάτων
644 1357 744 1423 αὐτῶν
761 1361 929 1443 μυστηρίων
948 1354 1084 1423 κλύδωνα
1110 1356 1333 1442 διανηξάμενοι,
1362 1358 1442 1441 μάλα

284 1459 369 1544 μόλις
391 1467 449 1525 τῶν
474 1458 647 1543 ζητημάτων
664 1459 761 1542 πάντη
784 1456 1032 1542 λέπιλυσάμενοι,
1061 1463 1113 1525 καλ
1127 1458 1181 1543 τήν
1198 1459 1310 1526 τούτων
1328 1471 1442 1545 μοχθη-

282 1566 352 1648 ρίαν
375 1559 626 1647 ύπερβεβηκύτες,
655 1571 719 1638 τοῖς
741 1569 793 1644 τῆς
810 1561 953 1645 άληθείας
975 1567 1123 1647 γαληνίοις
1148 1562 1363 1646 έπλησιάσαμεν
1384 1591 1441 1647 χω-

282 1669 375 1750 ρίοις,
397 1664 496 1730 πάντα
510 1666 564 1748 μέν
577 1662 672 1730 τόπον
688 1663 892 1740 δυςθάλαττον
909 1663 1148 1750 διαπεράσαντες,
1168 1667 1219 1731 καλ
1236 1672 1334 1731 πᾶσαν
1352 1666 1441 1750 ζάλην

283 1769 336 1833 ιιαλ
352 1765 504 1853 άφρισμδν
518 1769 569 1832 καί
586 1764 727 1849 κυμάτων
750 1763 1199 1852 1κύρτασινύπομεμενηκότες,
1221 1766 1312 1835 σάλον
1328 1768 1377 1848 δέ,
1401 1766 1442 1846 ῶς

282 1872 387 1949 εἰπεῖν,
409 1872 460 1935 καί
478 1873 601 1955 ίλιγγας,
623 1867 717 1955 βράχη
732 1894 762 1934 τε
779 1865 815 1935 ού
833 1865 869 1933 τά
888 1867 1023 1951 τυχόντα,
1045 1871 1096 1934 καλ
1112 1870 1316 1955 θηριοβόλους
1329 1869 1441 1948 τόπους

281 1973 481 2055 θεασάμενοι,
510 1974 540 2038 έν
558 1975 646 2059 πείρᾳ
666 1997 696 2036 τε
711 1970 824 2037 τούτων
841 1968 891 2036 διά
907 1978 966 2035 τῶν
980 1970 1076 2056 λόγων
1091 1975 1290 2058 γεγενημένοι,
1322 1973 1441 2056 τδντῆς

285 2073 404 2158 εἰρήνης
425 2076 527 2158 λιμένα
550 2075 617 2139 νυνί
639 2073 802 2156 θεώμενοι,
834 2076 875 2149 εἰς
897 2071 933 2139 δν
947 2081 1072 2159 κατᾶραι
1087 2074 1282 2155 σπεύδοντες,
1304 2074 1341 2142 δι’
1353 2073 1438 2159 εύχῆς

282 2174 369 2243 πάλιν
390 2175 443 2266 τόν
460 2176 565 2261 κύριον
581 2173 735 2259 άξιοῦμεν·
765 2174 824 2258 ἤδη
843 2176 895 2257 μέν
917 2177 1028 2251 παντός
1050 2169 1150 2259 φόβου
1168 2180 1218 2244 καλ
1233 2176 1369 2264 θορύβου
1384 2180 1434 2242 καί

281 2277 463 2354 ναυτιάσεως
480 2267 740 2359 4ύπολωφῶντός,
772 2280 828 2355 ἕξει
845 2278 877 2342 δὲ
897 2283 1031 2367 καλλίστη
1052 2278 1127 2355 ὓτάς
1147 2277 1232 2346 οάπύ
1250 2286 1301 2361 τῆς
1317 2282 1431 2361 στερεάς

283 2380 402 2467 ῚᾸαῦρας
420 2379 631 2464 έμπνεόμενοι,
653 2383 704 2446 καλ
720 2377 896 2461 άσφαλείας,
926 2382 976 2445 καί
992 2388 1046 2445 τοῦ
1063 2406 1093 2445 τε
1111 2381 1214 2448 εύδίου
1230 2382 1350 2464 λιμένος,
1373 2380 1429 2443 ένι-

282 2483 438 2567 σχυόμενοι
453 2489 496 2572 τῷ
510 2483 653 2567 πνεύματι
670 2481 729 2566 ἤδη
745 2484 928 2568 γεγήθαμεν,
951 2481 1042 2547 πολλά
1059 2485 1128 2565 μέν,
1159 2487 1187 2551 εί
1195 2487 1242 2548 δεῖ
1256 2479 1373 2563 τάληδη
1387 2480 1431 2544 λέ-

280 2611 351 2672 γειν,
374 2583 512 2670 μοχθηρά
528 2588 577 2651 έπλ
592 2584 710 2661 τούτοις
721 2587 771 2650 καλ
786 2583 889 2670 ύβρεις
901 2581 937 2650 οῦ
950 2583 1003 2680 τάς
1016 2585 1157 2669 τυχούσας
1170 2581 1359 2662 ῦποστάντες,
1381 2584 1432 2647 ιιαλ

280 2695 337 2775 γῆν
354 2691 405 2754 καλ
422 2687 587 2767 θάλατταν,
617 2685 658 2764 ύς
679 2691 803 2771 εἰπεῖν,
818 2688 1006 2765 πεζεύοαντές
1027 2713 1057 2752 τε
1079 2691 1129 2754 καλ
1151 2686 1435 2771 ποντοπορήσαντες,

280 2797 336 2874 τῆς
352 2792 405 2874 μέν
419 2799 474 2878 γῆς
491 2789 527 2856 τά
543 2798 649 2875 τραχῆ,
671 2791 721 2855 καλ
740 2797 791 2872 τῆς
808 2787 919 2873 έρὴμου
938 2788 991 2864 τάς
1007 2795 1179 2875 δυςχωρίας,
1201 2793 1252 2856 καί
1267 2797 1326 2855 τῶν
1339 2813 1437 2873 προει-

280 2895 416 2979 ρημένων
432 2900 563 2979 πελαγῶν
578 2892 649 2969 τοῦς
665 2895 842 2970 κινδύνους,
865 2888 943 2974 δμοῦ
959 2917 989 2956 τε
1006 2891 1094 2957 πόλιν
1115 2890 1258 2978 δρῶντες,
1280 2889 1325 2958 ἐπ’
1342 2888 1435 2972 αύτην

279 2992 452 3079 σπεύσωμεν
459 3047 469 3075 ,
491 2996 545 3078 τήν
561 2993 648 3082 άγίαν
666 2992 869 3080 Ἰερουσαλὴμ,
898 2996 950 3059 καλ
969 2991 1023 3076 τήν
1038 2997 1192 3080 παρθένον
1210 3001 1356 3081 Χριστοῦ,
1385 2992 1437 3058 καί

281 3095 415 3180 νύμφην,
438 3098 556 3181 ἀσφαλῆ
573 3124 604 3163 τε
618 3096 716 3181 βάσιν,
739 3098 790 3162 καλ
804 3099 922 3182 πέτραν,
947 3095 1057 3180 σεμνην
1071 3122 1102 3162 τε
1117 3099 1229 3183 μητέρα
1241 3094 1337 3181 ἡμῶν,
1363 3101 1436 3179 Χρι-

279 3206 352 3266 στοῦ
369 3198 507 3283 νύμφην,
537 3198 731 3286 εὐκαιρότατα
748 3201 800 3264 καλ
823 3198 910 3265 αύτολ
931 3201 1076 3284 λέγοντες,
1104 3206 1197 3265 Δεῦτε
1218 3199 1376 3283 άναβῶμεν
1393 3199 1437 3273 είς

279 3298 314 3368 τό
332 3299 404 3387 όρος
420 3307 536 3388 κυρίου,
560 3304 611 3367 καλ
626 3305 667 3378 είς
680 3301 732 3367 τύν
747 3298 829 3367 οἷκον
843 3308 895 3366 τοῦ
909 3308 984 3368 θεοῦ
994 3300 1112 3384 Ἰάκωβ,
1135 3304 1184 3368 καί
1201 3299 1352 3388 δναγγελεῑ
1364 3296 1438 3383 ἡμῖν

279 3402 334 3488 τήν
356 3401 428 3471 δδδν
449 3405 558 3485 αῦτοῦ,
580 3408 632 3470 καλ
653 3403 689 3468 τά
711 3406 784 3487 ἑξῆς.

147 3613 215 3683 Κιφ-
223 3612 265 3724 β
359 3608 430 3696 ’Ἀγε
454 3614 555 3675 τοίνυν
579 3612 610 3675 οί
624 3615 755 3695 Χριστοῦ
779 3613 897 3684 παῖδες,
926 3611 987 3674 υίολ
1001 3616 1053 3691 τῆς
1075 3605 1161 3694 ύγίας
1180 3615 1256 3674 θεοῦ
1272 3611 1437 3689 ἐκκλησίας,

146 3683 223 3737 ml
249 3681 269 3726 ⁸⁹
283 3714 315 3777 ολ
327 3710 395 3778 τόδε
415 3710 448 3778 τό
468 3710 619 3798 σύνταγμα
639 3719 698 3777 τῶν
718 3709 901 3796 ὀγδοήκοντα
924 3713 1064 3796 αἱρέσεων
1088 3708 1206 3796 ἡμέρως
1228 3709 1300 3776 αύτδ
1323 3708 1438 3794 διερχό-

281 3838 380 3896 μενοι,
409 3817 460 3879 καλ
477 3814 532 3880 σύν
547 3817 613 3897 έμολ
629 3813 680 3880 τόν
694 3821 829 3879 τοιοῦτον
851 3812 941 3899 όγκον
960 3821 1020 3878 τῶν
1036 3816 1258 3900 προειρημένων
1274 3819 1440 3898 μοχθηρῶν

282 3919 480 3982 διδασκαλιῶν
502 3915 725 3999 διανηξάμενοι,
756 3914 994 3994 διαπεζεύσαντές
1015 3941 1046 3982 τε
1066 3914 1121 3999 τὴν
1142 3915 1288 3999 τοσαύτην
1312 3917 1439 3997 έρημον,

281 4018 414 4105 φοβεράν
438 4044 483 4101 τε,
512 4022 564 4085 καί
584 4023 616 4085 έν
639 4024 722 4102 δίψει
742 4019 1007 4104 κατατεταγμένην,
1038 4017 1280 4102 έπικαλεσολμεθα
1301 4016 1353 4107 τόν
1376 4024 1440 4083 τῶν

316 4293 374 4344 Cn.
386 4297 404 4344 t.
422 4322 455 4334 —
475 4297 495 4347 Ι.
523 4293 682 4364 βουλεύματα
698 4298 804 4346 comen.
819 4301 840 4345 et
908 4295 932 4347 3.
950 4294 1070 4363 κύρτασω
1093 4297 1161 4346 codd.
1176 4310 1229 4346 τωο.
1252 4300 1273 4344 tt
1289 4296 1343 4344 edit
1359 4297 1440 4357 princ.

280 4363 318 4412 td.
333 4367 408 4424 princ.
442 4366 469 4414 1ο
482 4366 533 4415 cod.
546 4366 642 4427 Βίιεδίς.
660 4366 742 4415 eadem
756 4377 841 4413 πουυε
874 4358 999 4427 κύρτωσιν
1015 4367 1159 4416 εδιλ.Ρείαυ.
1185 4366 1296 4413 Similiter
1308 4365 1366 4412 λοεο
1381 4378 1440 4414 τοπ-

279 4433 378 4480 restituit
394 4427 552 4498 βουλεύματα
567 4448 596 4482 ετ
611 4429 794 4499 βουλευμάτων.
873 4435 950 4481 iunxit
967 4435 1030 4482 haer.
1046 4431 1088 4493 δέ),
1105 4432 1147 4484 79.
1182 4424 1259 4498 όγριά
1273 4448 1301 4483 τε
1315 4424 1439 4495 κυμάτων

313 4499 338 4546 ¹2.
358 4501 485 4550 Comnn'us
506 4503 623 4550 transtulit
647 4501 686 4549 vix
708 4500 839 4549 tandema
874 4497 1042 4566 κυρτώματα,
1066 4497 1210 4566 άφρισμοδς
1232 4498 1262 4553 δὲ
1278 4502 1373 4565 (repone
1394 4503 1438 4567 τε)

281 4565 466 4632 quaestionibus
483 4567 639 4634 undiquaque
656 4568 778 4618 extricati.
873 4568 918 4622 καί
936 4566 1027 4629 σάλους
1044 4568 1147 4628 δεινούς.
