3096 5070
639 292 749 344 rnnnx
767 293 891 345 aenou.
1283 277 1344 343 759

187 414 325 467 Herbariae
342 414 377 467 roi
393 414 530 482 scriptores
547 417 571 464 8.
784 412 867 465 Homo
884 413 944 482 quid
961 413 1038 464 distet
1054 430 1070 462 a
1088 412 1141 463 viro
1158 415 1217 462 181.

188 499 324 552 Herbssiac
341 500 378 551 rei
394 516 449 551 cum
464 499 618 561 haereseon,
635 495 749 548 instituta
785 500 868 565 lmago
893 498 935 550 dei
959 499 984 549 in
1016 497 1117 550 homine
1149 495 1191 547 ubi
1225 494 1347 547 consistet

222 585 434 637 commentatione
451 583 605 652 comparatio
623 587 646 636 ll.
819 589 875 635 81³.
886 615 918 623 -
936 585 1018 636 variae
1027 583 1059 633 de
1068 599 1098 633 eo
1109 582 1237 651 opiniones
1244 584 1346 631 su.-

188 670 388 723 Hsrodianoruur
400 669 509 721 haeresia
522 685 585 737 quae
596 667 749 734 estseptinrs
817 670 899 738 imago
918 669 957 719 dei
975 670 999 721 in
1017 668 1118 719 homine
1133 683 1185 718 non
1203 666 1278 734 periit
1294 663 1346 717 ibi·

223 756 368 807 ludaeorum
385 759 428 804 db.
442 782 477 793 -
510 753 576 804 unde
593 752 655 803 dicti
670 751 732 804 ibid.
817 754 882 806 dem.
901 784 933 793 -
959 772 1010 805 nou
1027 770 1081 804 esse
1097 753 1123 803 in
1139 751 1220 804 anima
1236 749 1346 818 positum

189 840 296 891 Herodis
314 840 385 908 origo
400 844 441 890 18.
460 868 492 878 -
518 849 544 889 et
558 837 679 906 probatur
694 854 749 888 eum
817 840 948 908 imaginem
973 839 1014 890 dei
1037 843 1093 890 815.
1114 867 1145 877 -
1180 852 1270 905 corpus
1294 850 1346 886 non

221 943 273 976 non
299 924 375 975 fuisse
403 923 527 975 Christum
552 933 710 991 expectatum
735 941 750 973 a
818 942 873 975 esse
889 924 922 976 ad
939 925 1072 992 imaginem
1088 923 1129 974 dei
1147 921 1208 973 ibid.
1227 948 1260 960 -
1293 936 1345 973 non

221 1009 336 1077 gentibus
354 1020 442 1060 contra
459 1008 617 1061 Herodianos
634 1013 675 1058 48.
819 1027 873 1060 esse
888 1009 1021 1078 imaginem
1038 1008 1079 1059 dei
1095 1008 1120 1059 in
1137 1007 1230 1058 virtute
1241 1009 1299 1057 818.
1314 1033 1345 1046 -
1437 1015 1444 1026 “

189 1094 368 1146 Hieracitaram
384 1094 494 1146 haeresis
511 1093 697 1162 quadragesima
707 1110 749 1143 se-
818 1110 867 1146 non
886 1112 940 1146 ease
956 1096 981 1145 in
999 1093 1124 1162 baptismo
1140 1091 1201 1145 ibid.

223 1180 300 1247 ptimo
337 1180 424 1231 ordine
459 1178 612 1247 sexagesima
644 1177 749 1246 septima
784 1180 900 1231 Hominis
920 1198 1004 1231 caussa
1022 1188 1104 1230 creata
1121 1189 1179 1229 sunt
1197 1177 1296 1242 omnia,
1320 1184 1347 1228 st

222 1267 279 1315 007.
299 1294 325 1304 -
344 1264 410 1315 unde
426 1265 493 1316 dicta
507 1264 568 1316 ibid.
578 1291 612 1304 -
643 1263 684 1314 ubi
702 1280 749 1314 au-
818 1267 871 1334 ipse
888 1265 993 1317 mundns
1010 1275 1049 1315 est
1064 1274 1181 1332 tanquam
1194 1261 1346 1330 praetorium

222 1360 279 1401 ctor
306 1350 371 1402 illius
389 1349 450 1401 vixit
467 1349 529 1401 ibid.
555 1378 586 1388 —
630 1349 750 1400 Hierocae
818 1350 913 1403 bomini
938 1361 1053 1418 paratum
1078 1352 1134 1400 810.
1163 1375 1194 1386 -
1237 1346 1296 1415 quid
1312 1346 1346 1398 sit

221 1434 325 1486 historia
339 1434 399 1484 ibid.
417 1465 446 1474 -
467 1435 518 1486 eius
534 1451 631 1485 errores
648 1434 707 1485 ibid.
719 1463 748 1473 -
819 1436 920 1504 proprie
936 1436 1013 1487 homo
1032 1439 1090 1485 541.
1103 1462 1135 1473 -
1164 1431 1273 1483 hominis
1286 1448 1346 1498 pras

222 1521 274 1570 vita
299 1520 346 1570 tuit
369 1519 520 1570 admirabilis
545 1523 602 1568 710.
626 1548 659 1559 ·-
700 1535 749 1569 nu·
819 1522 908 1573 ceteris
925 1520 1033 1589 dignitas
1050 1524 1107 1571 818.

221 1605 287 1673 ptius
303 1604 451 1674 repudiabat
467 1604 528 1656 ibid.
546 1632 581 1644 -
603 1604 692 1673 quibus
709 1614 750 1654 te-
784 1608 856 1659 Hnsii
876 1607 965 1659 literae
982 1611 1040 1658 881.

222 1691 345 1742 stimoniis
381 1708 451 1742 suurn
486 1707 596 1741 errorem
632 1688 751 1757 probaret
785 1694 905 1764 Hydropr
930 1691 1052 1759 serpentis
1078 1708 1156 1758 genus
1179 1706 1210 1739 ex
1233 1687 1303 1757 aquis
1319 1686 1346 1738 ia

222 1776 283 1827 ibid.
301 1805 334 1817 -
369 1793 459 1845 pueros
477 1785 535 1826 sate
557 1775 661 1826 rationis
680 1792 750 1826 usum
819 1791 910 1830 terram
928 1795 1073 1844 emergens,
1099 1786 1126 1825 et
1150 1775 1239 1825 eodem
1263 1788 1346 1824 rursus

222 1873 336 1914 mortuos
368 1861 459 1912 salvari
494 1861 601 1927 negabat
634 1864 691 1912 lll.
716 1887 750 1899 -
819 1882 846 1914 se
862 1863 983 1932 recipiens
1000 1867 1041 1913 81.

222 1947 408 1999 Melchisedech
441 1955 514 2014 putat
548 1962 601 1996 esse
636 1943 750 2011 spiritam
784 1951 933 2017 Hypostasis
950 1947 1105 2017 appellatio,
1124 1957 1151 1997 et
1167 1943 1295 2015 quomodo
1311 1941 1344 1994 ab

182 2068 184 2075 ι
222 2043 336 2083 sanctum
359 2030 421 2082 ibid.
448 2058 478 2069 -
522 2030 613 2098 probat
638 2046 668 2079 ex
685 2028 750 2081 libro
819 2033 979 2086 orientalibus
1012 2034 1160 2101 hypostases
1198 2038 1346 2097 usurpentur

221 2117 309 2168 lissiae
323 2117 364 2185 qiri
381 2115 529 2168 Anabaticus
543 2113 634 2165 dicitur
652 2118 749 2164 m.-
819 2126 877 2171 863,

221 2220 289 2253 mors
299 2203 351 2252 eius
361 2211 387 2252 ot
396 2211 513 2252 senectus
520 2199 638 2251 acerrima
645 2198 705 2249 ibid.
719 2227 748 2237 -

221 2289 274 2339 eius
300 2285 420 2338 refutatio
445 2285 557 2337 ibid·
593 2294 752 2352 comparatur
1057 2273 1073 2320 ¹·

223 2392 277 2427 eun
302 2374 349 2435 iis,
373 2389 478 2441 quorum
502 2387 586 2421 sensus
611 2380 667 2420 sna
692 2386 750 2421 cor-
785 2378 889 2430 lacobus
907 2395 955 2445 qua
971 2384 1054 2426 serare
1075 2373 1101 2422 in
1126 2377 1265 2440 aegyptum
1282 2386 1346 2439 pro·

222 2460 289 2529 rupti
308 2462 364 2509 718.
385 2487 413 2498 -
440 2457 566 2508 refutatur
583 2455 669 2523 opinio
685 2454 751 2505 illius
819 2464 899 2514 footos
917 2466 958 2511 17.

221 2546 254 2596 dc
271 2546 354 2613 pueris
374 2541 564 2600 innocentibus,
582 2539 751 2608 probaturque
785 2548 889 2599 lacobus
914 2545 1047 2598 duodecim
1072 2542 1266 2612 patriarcharum
1298 2557 1346 2608 ps·

222 2647 266 2682 sos
283 2629 394 2680 salvatos
411 2638 437 2678 et
456 2644 510 2678 eam
527 2635 634 2676 selflltm
652 2625 751 2693 phem
818 2651 890 2695 rens,
908 2647 1042 2699 eorumque
1060 2627 1213 2679 enumeratio
1231 2629 1271 2676 10.
1289 2630 1329 2676 11.

119 2732 121 2737 ·
222 2715 271 2766 deo
289 2713 348 2766 ibid
366 2741 398 2753 -
425 2713 473 2763 alis
490 2710 611 2763 refutatio
628 2709 750 2761 cimare-
785 2718 867 2770 iacobi
884 2718 951 2768 luera
968 2734 1024 2767 cunr
1041 2712 1130 2780 angelo
1153 2715 1193 2763 10.

222 2799 403 2851 surrectionem
429 2801 486 2848 714·
507 2825 536 2835 -
571 2795 632 2846 ilem
651 2794 683 2845 (¹0
700 2812 748 2846 ¹1¹¹·
786 2803 868 2856 lacobi
885 2819 974 2854 nomen
993 2817 1090 2852 versum
1107 2799 1133 2849 iu
1150 2796 1228 2849 lsrael
1246 2799 1287 2848 10.

222 2885 281 2953 Ρῑὶἰε
298 2883 359 2935 ibid·
786 2890 887 2941 lacobus
914 2888 1008 2939 domini
1041 2887 1119 2937 frater
1150 2880 1249 2948 loseplri
1282 2879 1346 2932 lilius

188 2969 357 3023 Hierichuntis
373 2968 494 3033 ambitus,
512 2977 538 3018 et
554 2965 682 3035 quomodo
699 2966 751 3019 eius
818 2976 910 3044 pn’mos
927 2973 1036 3025 omnium
1051 2972 1181 3040 spiscopus
1195 2966 1347 3035 Hierosoly-

221 3056 319 3106 moenia
338 3052 492 3106 conciderint
510 3056 566 3105 701.
586 3080 617 3093 -
644 3063 670 3104 et
687 3070 746 3122 pec·
818 3061 865 3110 mis
883 3060 932 3110 luit
948 3063 1004 3109 110.

222 3151 277 3192 ests
296 3140 502 3191 Amorrhaeorum
517 3137 620 3190 exitium
637 3138 692 3190 urbi
708 3149 749 3189 tl·
784 3145 868 3197 lucobi
894 3145 937 3194 lilii
954 3142 1052 3211 losephi
1072 3141 1245 3210 praerogativa
1260 3149 1288 3191 ct
1303 3136 1346 3191 di·

222 3225 334 3277 tulerunt
350 3224 411 3276 ibid.
817 3231 898 3298 guitur
916 3234 973 3279 118.

188 3311 298 3364 Historia
324 3310 461 3362 nativitatis
479 3311 568 3362 beatae
584 3309 679 3361 Mariae
697 3309 749 3361 nir·
786 3316 868 3367 [scobi
886 3315 1020 3384 posteritas
1038 3317 1079 3363 10.

142 3411 149 3426 ·
222 3397 287 3465 ginis
306 3399 380 3446 1062.
787 3402 869 3453 {scobi
894 3408 1063 3467 cognomento
1089 3397 1147 3449 iusti
1170 3397 1292 3458 bistcris,
1320 3405 1346 3447 st

188 3484 292 3536 Homeri
309 3499 393 3533 sersus
411 3481 453 3550 qni
475 3481 501 3532 iu
518 3481 580 3532 alios
598 3496 684 3530 sensus
701 3478 747 3529 de-
818 3486 964 3554 mortyrium
982 3488 1057 3534 1046.

221 3577 354 3637 torquent,
373 3567 466 3617 similes
487 3574 545 3616 sunt
562 3565 591 3614 iis
609 3563 651 3632 qui
669 3563 750 3615 verbis
787 3571 888 3622 [scobat
905 3571 984 3622 stator
1005 3568 1101 3620 domiui
1125 3577 1187 3636 quot
1202 3582 1281 3617 soso.
1298 3583 1347 3618 ῃ..

220 3654 365 3721 scripturae
374 3652 408 3704 ad
423 3668 493 3703 suam
508 3651 644 3701 abutuntur
659 3649 750 3700 baere-
819 3666 858 3706 tus
876 3673 890 3707 s
907 3656 957 3706 sits
974 3654 1117 3706 discesserit
1136 3656 1210 3704 1048.

167 3734 169 3738 ’
221 3739 345 3790 simron
787 3741 889 3792 lacobus
916 3741 983 3792 idem
1008 3758 1063 3791 curu
1088 3737 1238 3791 sacerdotali
1268 3737 1348 3807 stirpe

188 3824 291 3877 Homeri
305 3824 387 3892 patria
399 3839 490 3889 anceps
503 3821 536 3872 de
551 3837 600 3889 qua
617 3818 685 3872 sarie
700 3819 748 3870 du·
819 3825 964 3876 coniunctus
979 3825 1041 3877 ibid,

219 3909 328 3961 birotum
346 3913 403 3960 386.
785 3910 930 3963 laldabaoth
948 3911 1092 3962 barbelonis
1109 3927 1171 3978 puer
1188 3917 1249 3960 nutu
1272 3906 1347 3970 filius,

188 3995 308 4047 Homines
330 3994 355 4044 in
373 3993 475 4060 angelos
493 4008 648 4061 nequaquam
665 4000 748 4043 trans·
820 4007 846 4047 et
866 3996 923 4047 libri
940 3997 985 4047 sub
1003 3997 1054 4047 eius
1072 3996 1173 4047 nomine
1192 3999 1232 4046 78.

222 4080 325 4132 formari
343 4084 399 4129 558.
787 4081 866 4133 laredi
892 4092 1005 4150 tempore
1031 4081 1140 4146 scelera,
1171 4077 1293 4132 veneficis
1315 4094 1346 4131 sc

187 4165 308 4217 Homines
322 4164 450 4232 quomodo
464 4181 519 4216 esse
532 4164 630 4232 possint
645 4163 750 4215 immor·
819 4166 944 4235 nequitiae
960 4167 1107 4234 prodierunt
1124 4172 1147 4217 1.

221 4251 284 4301 tales
303 4253 360 4300 6⁶³.
787 4253 875 4302 lcesius
891 4262 979 4303 auctor
997 4256 1053 4304 22³.
1071 4252 1141 4319 (cod.
1159 4254 1237 4314 Vsu.)

187 4334 307 4385 Homines
321 4335 347 4385 in
363 4336 545 4387 resurrectione
560 4334 687 4404 quomodo
702 4352 749 4386 an·
786 4336 942 4389 ldololatriae
960 4339 1030 4406 origo
1050 4343 1125 4389 1081.

221 4419 283 4486 gelis
301 4420 415 4472 dicantur
433 4421 490 4474 sore
507 4421 599 4472 similes
615 4424 673 4472 858.
786 4421 930 4474 Idololatria
947 4423 1048 4491 quando
1065 4424 1177 4492 coeperit
1195 4428 1217 4476 l.

189 4505 272 4557 Homo
290 4505 417 4574 quomodo
435 4507 548 4559 mortslis
569 4524 600 4558 ea
616 4504 749 4559 immortali
784 4507 893 4558 ldumaei
921 4509 1016 4577 posteri
1033 4511 1097 4568 &aa
1121 4509 1246 4589 principes
1265 4510 1345 4572 Edam

221 4591 254 4644 sit
273 4591 353 4644 lactus
372 4596 430 4643 818,
819 4597 859 4644 10.
