3096 5070
642 300 749 353 mouit
768 298 896 354 RERUM.
1283 281 1344 348 763

222 423 262 493 qni
276 422 325 474 eint
338 423 540 475 Manichaeorum
558 420 750 472 8188111111.-
784 421 895 472 Marcion
930 419 1043 471 ordinem
1077 416 1238 488 upiatolarum
1276 413 1346 468 Pauli

222 509 282 578 quid
310 508 418 560 rentiant
444 507 476 557 de
502 506 589 557 Adami
624 504 750 557 creatione
818 507 949 574 perturbat
967 509 1025 556 818.

220 593 280 645 ibid.
306 623 339 633 -
379 609 464 643 eorum
489 591 609 642 refutatio
634 594 691 640 ute.
715 616 751 629 -
785 591 920 642 Marcionis
937 589 993 642 libri
1009 601 1036 641 81
1048 589 1167 658 opuscula
1185 604 1289 658 quornm
1302 605 1346 639 re-

221 678 340 730 ridiculae
359 677 560 728 Manichaeorum
577 692 657 743 nugae
675 677 731 724 810.
818 676 910 727 lutatio
927 676 1056 727 subiicitur
1073 678 1132 725 811.
1152 702 1183 715 -
1208 673 1347 725 illebonae

188 763 348 815 Manichaeue
366 761 438 812 deum
456 760 624 829 improbitatis
641 767 748 810 8888881.
818 760 974 828 evangelium
997 761 1109 829 corrupit
1131 764 1190 810 811.
1207 787 1238 799 -
1283 757 1346 809 ecri-

222 853 279 899 881.
299 876 329 886 -·
362 846 508 915 phrenetico
526 856 684 913 comparatur
699 843 749 895 ibi·
818 857 907 915 pturae
932 846 986 897 loca
1011 864 1026 897 a
1052 845 1181 897 Marcione
1211 842 1348 912 depravata

222 934 333 984 dem.-
358 941 534 982 tentamentum
550 929 611 997 legia
626 939 668 979 aut
683 946 748 980 mor·
818 948 864 1000 per
886 931 982 998 ringula
1012 931 1094 1001 capita
1125 928 1247 998 evangelii
1265 930 1348 979 Lucae

223 1019 254 1069 tis
269 1027 448 1068 tentamentum
464 1015 568 1079 aruerit,
591 1025 618 1065 et
634 1014 686 1065 eiua
704 1031 750 1064 ex·
819 1019 876 1067 818.
894 1020 951 1067 818.
970 1026 997 1067 81
1011 1033 1082 1084 eeqq.

223 1103 317 1172 positio
340 1107 398 1154 888.
424 1131 456 1142 -
503 1111 531 1151 et
557 1099 684 1168 quomodo
710 1097 751 1148 lex
785 1098 1347 1166 Μ818181188881118118111.-8118811118

222 1189 288 1239 inato
306 1206 356 1239 noo
374 1189 406 1238 ait
425 1187 506 1255 posita
522 1185 582 1238 ibid.
601 1215 633 1226 -
663 1185 752 1236 asserit
820 1188 852 1239 de
876 1187 924 1239 deo
948 1196 1053 1255 parente
1078 1197 1106 1237 81
1124 1185 1224 1238 Chriato
1249 1183 1349 1236 fabulae

223 1283 295 1324 vetue
309 1292 339 1325 ac
354 1290 446 1324 norunt
464 1281 640 1322 testamentum
654 1271 686 1321 ab
704 1287 750 1321 eo·
819 1272 959 1324 destructio
975 1272 1036 1324 ibid

195 1410 198 1417 ,
223 1358 281 1409 dem
305 1358 425 1425 magistro
450 1374 500 1408 non
527 1373 581 1406 eane
609 1356 752 1424 profectum
787 1358 1002 1409 Marcioniatarum
1026 1356 1137 1411 haereaia
1162 1355 1280 1424 vigesimae
1306 1371 1348 1406 88-

225 1447 283 1495 804.
821 1442 1027 1495 81888808.-
1061 1444 1094 1494 ab
1109 1451 1211 1494 8881818
1226 1458 1272 1492 auo
1281 1440 1349 1492 Mar·

192 1529 352 1581 Manicbaeue
370 1529 449 1596 legem
467 1545 497 1578 ac
513 1526 649 1595 prophetui
666 1524 753 1594 quibua
822 1527 894 1579 cione
909 1528 969 1580 ibid.
986 1558 1019 1570 -
1043 1529 1118 1599 louge
1134 1528 1237 1595 lateque
1254 1541 1348 1594 propa·

224 1614 406 1681 comparaverit
423 1617 479 1666 808.
491 1640 525 1652 -
542 1624 569 1663 81
585 1611 672 1680 quibua
691 1608 753 1677 lipi-
820 1623 879 1680 gnte
896 1613 956 1664 ibid.

223 1698 328 1766 phauiue
346 1716 389 1750 eoa
407 1709 534 1766 comparat
550 1697 610 1750 ibid.
627 1706 653 1745 et
668 1698 727 1744 686.
788 1698 922 1750 Marcionis
934 1698 1039 1752 biaturia
1052 1698 1112 1752 ibid.
1125 1726 1157 1738 -
1181 1696 1215 1748 ob
1228 1695 1350 1749 1888818111

191 1783 331 1834 Manichaei
358 1783 467 1836 obiectio
493 1795 581 1834 contra
606 1781 684 1832 carnia
709 1797 753 1830 re-
821 1802 835 1834 a
867 1793 939 1851 patre
970 1784 1197 1837 excommunicatur
1230 1786 1287 1834 808.
1315 1809 1349 1822 -

226 1869 407 1922 surrectionem
435 1872 491 1918 708.
518 1896 549 1906 -·
591 1865 643 1916 eina
659 1864 754 1917 aolutio
822 1867 889 1919 unde
906 1879 965 1920 nata
982 1869 1035 1921 eiua
1051 1868 1162 1921 heereaie
1180 1871 1238 1918 808.

226 1954 288 2005 ibid.
309 1984 339 1993 -
367 1971 444 2021 opera
461 1951 540 2004 carnia
558 1969 621 2020 quae
637 1950 688 2001 nint
703 1949 753 2000 ibi·
789 1952 923 2004 Marcionis
947 1972 1017 2006 error
1040 1953 1099 2004 ibid.
1117 1983 1151 1994 -
1185 1970 1247 2022 aqua
1272 1951 1351 2004 utitur

225 2039 291 2091 dem.
309 2068 341 2077 -
367 2038 414 2088 ulia
429 2037 480 2088 eiua
497 2036 606 2088 obiectio
620 2036 684 2087 circa
697 2052 754 2087 car-
823 2048 850 2089 et
867 2038 989 2090 eabbatbo
1002 2039 1095 2091 ieiunat
1110 2043 1168 2090 tot.
1185 2064 1220 2078 -
1253 2036 1349 2089 animae

227 2142 298 2185 nem,
317 2135 343 2174 et
361 2121 454 2174 cointio
474 2125 530 2172 107.
821 2133 919 2176 tantum
943 2142 994 2176 non
1019 2125 1094 2176 etiam
1111 2123 1352 2192 cornuria-rerurre-

192 2209 332 2261 Manichaei
355 2207 465 2260 hoereeie
489 2224 520 2258 ex
537 2206 645 2258 omnium
671 2213 755 2256 88818-
824 2208 933 2261 ctionem
953 2208 1117 2261 creditibid.
1135 2235 1167 2248 -
1201 2207 1352 2276 baptismum

225 2293 754 2346 1888811811811888811818108.-8818-
823 2297 898 2348 iterii
926 2294 1023 2364 saepius
1048 2293 1109 2345 ibid
1134 2322 1167 2333 -
1216 2293 1298 2362 legam
1321 2311 1353 2345 ιο

226 2390 328 2448 paratur
347 2378 498 2431 Cenchrllidl
518 2382 574 2429 ⁷0⁹·
824 2383 959 2451 prophetae
981 2380 1077 2448 reepnit
1096 2383 1154 2431 808.
1173 2408 1205 2419 -
1238 2377 1351 2430 1111111811-

196 2465 307 2516 Marcelli
328 2465 452 2533 professio
470 2463 528 2515 fidei
546 2467 603 2514 888.
623 2493 653 2501 -
696 2460 755 2529 quid
824 2467 869 2518 bui
886 2465 999 2536 pimiiit
1015 2465 1141 2534 baptizare
1156 2462 1217 2515 iiiiii,
1237 2491 1268 2503 ...
1303 2463 1352 2515 gd.

226 2549 259 2599 de
276 2551 397 2601 Marcello
415 2546 756 2601 Δ111888818888888111888.
823 2552 901 2604 mittit
914 2550 1151 2620 metempsychosim
1167 2549 1228 2600 ibid.
1245 2579 1280 2590 -
1303 2547 1353 2599 tri-

194 2635 307 2686 Marcelli
339 2636 424 2704 opinio
449 2647 475 2686 81
511 2633 601 2685 Aeterii
636 2632 756 2683 refutatio
823 2637 881 2706 plex
904 2636 1039 2688 Marcionis
1064 2635 1212 2705 principium
1236 2636 1295 2685 808.
1322 2659 1353 2673 -

228 2724 287 2771 888.
310 2749 337 2759 -
363 2721 446 2771 Aeacii
463 2720 487 2770 iu
508 2718 651 2770 Marcellum
668 2716 754 2783 (118110-
824 2723 875 2773 eina
899 2721 1019 2772 refutatio
1044 2725 1102 2773 807.
1120 2749 1154 2760 -
1188 2737 1251 2789 quoa
1276 2718 1353 2770 libror

228 2806 292 2856 tatio
310 2805 370 2855 ibid.
823 2807 940 2858 admittat
958 2810 1006 2856 ³09
1025 2817 1051 2857 et
1068 2810 1125 2857 ³10.

193 2891 308 2941 Marcelli
340 2890 454 2959 anperbia
487 2890 519 2940 ab
551 2888 641 2940 888810
671 2896 757 2937 notata
791 2893 923 2944 Marcioni·
944 2892 1000 2942 loca
1025 2891 1162 2959 depravata
1186 2908 1216 2942 ex
1240 2889 1353 2958 epietolia

228 2979 287 3026 889.
303 3005 337 3015 -
361 2976 410 3027 alia
426 2974 551 3043 expositio
568 2973 626 3024 fidel
644 2971 755 3023 Marcelli
825 2977 907 3028 Pauli:
941 2994 972 3027 ac
998 2977 1102 3044 primurn
1130 2993 1160 3026 ex
1187 2975 1295 3044 epistola
1322 2973 1353 3024 ud

229 3066 438 3113 uastauit.
825 3064 1068 3113 1181118888818.-
1094 3061 1126 3113 ad
1142 3060 1354 3114 Thessalonicen-

196 3147 310 3197 Marceili
336 3147 444 3197 auctorit
467 3144 682 3196 Marcellianorum
700 3140 756 3209 epi·
824 3165 863 3198 ⁸0,
882 3154 904 3199 1,
923 3157 948 3198 gi
966 3153 989 3198 2,
1013 3158 1039 3198 ei
1056 3147 1088 3198 id
1104 3146 1225 3216 Epheiioi
1242 3145 1302 3197 ibid,
1320 3173 1354 3187 .-

229 3232 293 3282 etola
311 3231 344 3282 ad
363 3232 450 3281 lulium
467 3231 636 3281 Romanorum
656 3227 756 3295 8111888-
825 3232 857 3283 id
884 3233 1043 3284 colomam
1068 3238 1177 3282 1119,-
1211 3232 1243 3282 id
1269 3231 1353 3283 Phile-

229 3321 413 3386 11881884.-
449 3314 508 3384 quid
532 3315 587 3382 lpse
603 3312 708 3364 tenurit
725 3310 757 3360 <le
825 3336 924 3369 monem
941 3318 1001 3370 ibid.
1019 3346 1051 3358 -
1075 3318 1108 3369 ad
1127 3319 1229 3369 Galatae
1246 3317 1306 3368 ibid
1324 3344 1354 3357 -·

228 3403 278 3453 fide
300 3403 373 3453 valde
397 3401 521 3453 occuitum
545 3399 658 3450 11111-
692 3397 758 3447 unde
825 3404 857 3454 ad
868 3403 1011 3454 Corinthios
1026 3407 1083 3453 880.
1102 3413 1127 3455 81
1143 3407 1199 3454 881.
1214 3432 1244 3442 -
1279 3419 1309 3452 ex
1324 3403 1354 3452 ll.

229 3501 281 3539 trea
298 3488 446 3556 hypostaaee
460 3487 485 3536 in
500 3485 634 3536 divinitate
647 3484 698 3534 eiua
715 3481 757 3533 di·
826 3488 858 3539 id
878 3486 1020 3539 corinthios
1037 3487 1097 3538 ibid.

230 3573 318 3642 acipuli
335 3571 448 3625 confiteri
465 3571 598 3622 noluerunt
614 3569 675 3620 ibid·
793 3573 871 3625 Marci
887 3572 997 3624 haeresia
1014 3591 1028 3623 a
1046 3578 1121 3639 po'e'ta
1141 3570 1221 3622 veteri
1238 3571 1355 3623 damnate

196 3660 411 3711 Marcelliauorum
428 3656 538 3708 haereaie
550 3660 591 3706 88.
610 3651 756 3724 888181111-
826 3663 884 3709 111,
894 3663 952 3709 148,
970 3686 997 3696 -
1022 3658 1112 3708 misem
1124 3666 1162 3708 eat
1176 3657 1277 3708 omnino
1292 3674 1356 3726 quie

229 3745 382 3797 atianiamum
398 3743 450 3794 eive
468 3741 556 3793 ordina
577 3738 758 3809 reptuaqeeimu
826 3761 872 3813 per
887 3744 962 3811 alpha
979 3754 1006 3794 et
1022 3743 1081 3794 beta
1106 3742 1263 3794 divinitatem
1279 3742 1356 3794 818118

229 3830 338 3882 eecuoda
356 3834 414 3881 888.
432 3844 555 3896 -aquo
576 3826 636 3878 dicti
655 3825 758 3877 ibid—
826 3830 905 3881 violat
923 3833 981 3881 m.

230 3916 284 3985 quie
307 3915 383 3967 faerit
407 3913 538 3964 Marcello·
562 3928 648 3964 eorum
671 3920 759 3962 auctor
794 3916 926 3967 Marcionis
942 3913 1038 3966 88118118
1054 3914 1080 3965 in
1101 3912 1255 3981 evangelium
1273 3914 1356 3964 Lunae

231 4013 257 4052 et
271 4001 323 4052 eiua
340 4000 445 4052 historie
462 4003 520 4050 884.
827 4018 960 4069 eorumque
978 3999 1100 4050 refutatio
1111 4004 1169 4050 888.
1182 4008 1208 4048 81
1224 4015 1294 4067 aeqq.
1312 4014 1356 4049 na-

197 4087 416 4139 Marcellianorum
433 4102 504 4136 error
520 4084 581 4136 ibid.
600 4111 630 4123 -
672 4099 759 4134 exem-
828 4104 875 4155 qua
891 4086 925 4136 ad
943 4090 999 4136 881.

231 4174 300 4241 plum
328 4171 449 4240 epistolae
483 4171 595 4221 Marcelli
624 4187 698 4239 quem
726 4169 759 4220 ob
793 4171 911 4225 Marcoeii
935 4171 1044 4222 haeresia
1069 4170 1166 4222 decima
1191 4169 1266 4221 tertia
1298 4179 1356 4236 poet

231 4259 353 4312 haeresim
370 4255 480 4325 aynodua
498 4254 614 4324 depoauit
630 4256 691 4308 ibid.
828 4255 1040 4308 Christianismum
1067 4262 1125 4308 888.
1153 4285 1184 4296 -
1218 4255 1355 4324 aquodam

197 4344 330 4398 Marcellue
352 4343 379 4394 in
404 4341 505 4393 sabellii
535 4358 644 4393 errorem
670 4340 758 4392 incidit
827 4346 929 4407 Marco,
954 4343 1019 4394 unde
1036 4343 1153 4394 Marcoeii
1170 4340 1288 4393 haeretiei
1304 4339 1355 4392 ibi.

232 4433 289 4480 884.
827 4431 893 4482 dem.
912 4460 944 4469 -
979 4429 1021 4480 hic
1038 4429 1133 4495 magiae
1154 4427 1249 4494 peritura
1270 4437 1354 4479 aeota·

199 4515 360 4568 Marcelliano
384 4513 541 4581 Carpocrutia
565 4513 682 4564 aectatrix
709 4531 758 4581 qno
827 4526 895 4566 tore·
928 4532 986 4565 8888
1012 4513 1038 4563 in
1072 4523 1200 4580 stuporem
1231 4512 1355 4564 convertit

231 4611 346 4671 tempore
362 4601 466 4652 Romam
485 4597 581 4650 venerit
600 4602 657 4653 108.
827 4605 884 4652 888.
895 4628 927 4641 -·
946 4598 1127 4654 Mercuriorum
1140 4596 1289 4671 praeatigiee
1303 4596 1355 4650 ibi·
