3096 5070
614 293 940 349 uuucnruannnosrs.
1296 293 1356 356 581

201 411 252 474 nili
272 411 395 494 quadam
413 413 522 477 lenonia
547 413 610 477 ausi
631 426 709 478 snut.
755 416 835 495 Alii,
870 418 918 501 qui
936 418 1108 483 audaciores
1127 421 1282 500 videntur,
1317 443 1358 486 ex

201 514 409 578 catholicorum
435 516 565 601 partibus
584 516 695 601 privata
710 518 765 582 sibi
791 520 918 582 factione
938 521 1063 584 condeta
1079 533 1196 607 praeter
1213 523 1358 588 ecclcsiae

200 618 453 696 cousuetudinem,
478 642 512 683 ac
528 618 602 682 citra
618 621 766 703 generalis
784 621 899 685 concilii
915 624 1064 686 decretum
1082 645 1133 687 eos
1150 625 1198 708 qui
1216 624 1252 687 ab
1268 625 1357 689 Aria·

200 722 246 786 nis
264 723 298 785 ad
320 743 391 785 suas
414 733 690 807 partes-transeunt
709 723 813 787 iterum
838 725 985 809 baptizare
1010 725 1081 789 nihil
1103 739 1260 805 verentur,
1293 750 1357 792 num

198 825 326 890 noudum
345 847 379 888 ea
398 845 458 904 res,
483 835 516 888 ut
532 824 613 904 dixi,
637 825 813 890 universalis
832 827 936 912 synodi
955 828 1062 891 iudicio
1080 830 1179 893 decisa
1200 831 1256 910 sit3
1281 833 1357 914 quod

199 929 293 991 adhuc
310 928 405 1012 populi
422 926 588 1012 promiscue
604 929 637 989 ed
656 927 826 992 hodiernum
844 920 935 1014 usque
952 942 1065 1015 tempus
1084 931 1256 1011 habeantur,
1281 935 1359 998 inter

199 1052 273 1114 quos
297 1030 378 1093 multi
397 1030 512 1113 quidem
532 1041 601 1094 sunt
617 1032 767 1110 catholici3
798 1032 850 1095 sed
869 1033 934 1096 ficte
953 1055 988 1096 ac
1004 1056 1057 1118 per
1076 1033 1290 1098 simulationem
1309 1058 1358 1100 sa-

199 1133 349 1196 cerdotum
376 1133 579 1196 auctoritatem
606 1144 785 1216 sequuntur,
819 1135 912 1199 donec
937 1136 1104 1200 execranda
1132 1136 1180 1199 illa
1213 1147 1295 1202 secta
1319 1139 1355 1201 ab

198 1236 342 1299 ecclesiae
358 1237 509 1300 consortio
522 1247 707 1320 segregetur,
732 1248 765 1301 ut
781 1247 848 1301 tunc
862 1238 969 1322 aliquid
989 1239 1024 1301 de
1040 1239 1088 1302 illa
1104 1249 1259 1302 statuatur.
1307 1239 1356 1304 Ex
1431 1303 1434 1311 ,

198 1339 234 1402 iis
252 1338 300 1422 qui
316 1350 418 1424 suapte
444 1341 619 1403 auctoritato
635 1340 741 1403 iterum
758 1341 813 1405 hoc
833 1342 918 1404 modo
935 1341 1086 1426 baptizant
1106 1341 1192 1405 audio
1212 1343 1355 1426 quendum

198 1443 227 1506 in
243 1440 337 1528 Lycia
357 1443 559 1528 presbyterum
586 1464 665 1506 esse.
713 1440 773 1507 Sed
798 1455 827 1507 et
854 1444 919 1508 aliis
944 1443 973 1507 iu
997 1444 1071 1508 locis
1096 1444 1284 1529 reperiuntur
1305 1446 1355 1509 alii

122 1629 124 1634 Ι
198 1545 245 1629 qui
266 1546 432 1628 singillatim
450 1567 485 1609 ac
501 1547 628 1630 separati
647 1566 751 1630 preces
768 1545 894 1624 obeunt,
928 1558 958 1610 et
977 1547 1154 1630 reliquorum
1174 1549 1354 1613 communio-

197 1671 263 1713 nem
291 1671 405 1713 omnem
438 1660 590 1734 respuunt.
653 1649 713 1712 Alii
738 1649 855 1711 collaria
879 1647 934 1710 sihi
961 1660 1078 1733 practer
1104 1650 1248 1713 ecclesiae
1272 1651 1353 1734 leges

196 1753 359 1816 innectunt.
406 1750 502 1835 Quum
524 1753 560 1816 ob
586 1772 719 1815 caussam
744 1750 968 1834 disputationem
991 1773 1106 1814 omnem
1131 1752 1183 1815 huc
1205 1752 1353 1816 sententia
1434 1742 1444 1759 ⁸

197 1857 345 1933 conclusi,
379 1858 615 1925 Adulescentulus
631 1877 691 1916 esse
705 1857 784 1916 nullo
803 1875 918 1914 numero
934 1859 1164 1934 comprehensum
1197 1876 1271 1938 quae
1294 1856 1353 1940 pri·

196 1970 264 2024 vato
284 1958 407 2021 consilio
425 1959 564 2021 audacter
586 1957 805 2040 insolenterque
826 1977 858 2019 se
874 1967 998 2040 gerunt,
1032 1978 1089 2019 nou
1112 1967 1143 2019 ut
1160 1957 1228 2019 honi
1245 1957 1353 2041 aliquid

196 2073 431 2144 consequantur,
456 2071 507 2123 aut
524 2058 686 2145 sapientiae
702 2059 730 2122 in
747 2079 815 2122 sese
834 2079 928 2143 genus
950 2057 1065 2141 aliquod
1084 2060 1250 2142 expoliant,
1283 2069 1352 2142 puta

197 2164 385 2251 prudentiae,
418 2163 614 2241 tortitudinis,
645 2162 875 2247 temperantiae,
899 2159 1040 2224 iustitiae.
1086 2159 1155 2244 Quo
1172 2182 1210 2224 ex
1229 2183 1352 2225 numero

195 2267 350 2354 tyrannico
376 2287 457 2330 more
485 2267 626 2350 quaedam
656 2265 834 2342 efferuntur,
869 2274 995 2348 atquea
1024 2263 1149 2326 veritate
1181 2263 1349 2343 deflectunt,

194 2371 273 2436 nullo
298 2381 328 2433 ut
351 2390 474 2433 numero
497 2368 640 2432 contineri
664 2367 787 2451 possint.

279 2475 321 2536 At
337 2476 495 2554 singularis
511 2476 562 2534 illc
577 2473 704 2532 columba
719 2480 879 2554 sanctaque
896 2468 981 2551 virgo
1000 2469 1084 2531 deum
1102 2468 1274 2544 confitetur,
1298 2487 1350 2551 pa-

193 2587 267 2639 trem
291 2585 321 2638 et
342 2577 429 2639 tilium
452 2587 483 2639 et
503 2574 636 2658 spiritum
656 2583 806 2652 sanctum,
836 2583 949 2657 patrem
966 2572 1145 2656 perlectum,
1180 2570 1266 2633 filiurn
1284 2590 1350 2654 pcr-

193 2680 319 2755 iectum,
351 2681 510 2762 perlectum
538 2676 670 2761 spiritum
694 2687 844 2753 sanctum,
877 2671 1347 2738 consubstantialemtrinitatem.

195 2776 254 2843 Sed
270 2780 356 2842 lilium
374 2800 445 2842 vere
461 2801 478 2842 a
497 2789 577 2863 patre
592 2778 735 2863 genitum,
759 2790 789 2842 et
802 2778 934 2863 spiritum
951 2788 1084 2840 sanctum
1100 2797 1116 2836 a
1132 2787 1213 2860 patro
1233 2774 1349 2858 illioque

194 2882 416 2960 nonalienum,
448 2881 625 2959 trinitatem,
658 2882 791 2964 inquam,
823 2901 897 2965 quae
923 2900 1039 2964 semper
1060 2879 1115 2955 sit,
1147 2899 1241 2960 neque
1263 2877 1348 2940 ullum
1379 2888 1384 2910 ⁸

170 2980 174 2990 ’
194 2984 395 3048 accessionem
416 2984 528 3068 capiat,
554 3004 648 3066 neque
666 2984 817 3068 quicquam
837 2984 866 3046 iu
884 3003 952 3046 sese
973 2983 1095 3045 iuferius
1113 2980 1236 3060 habeut,
1261 3001 1349 3064 quae·

193 3108 249 3171 que
265 3088 299 3148 ad
320 3087 495 3169 singularem
521 3086 661 3149 unitatem
685 3087 859 3169 unicumque
885 3086 930 3148 dci
948 3106 982 3148 ac
1001 3083 1090 3168 patris
1107 3083 1280 3168 principium
1300 3102 1348 3145 re-

192 3192 314 3254 feratur.
360 3188 408 3251 Ab
424 3190 524 3252 eadem
542 3189 691 3267 trinitate,
724 3199 824 3273 patre,
856 3188 915 3249 lilio
933 3198 963 3250 et
980 3187 1083 3269 spiritu
1100 3196 1222 3263 sancto,
1246 3195 1347 3248 creata

193 3313 260 3357 esse
279 3301 400 3370 cuncta,
432 3311 505 3374 quac
528 3292 682 3376 aliquando
701 3313 758 3353 uon
780 3291 956 3366 extiterant,
990 3310 1085 3374 neque
1105 3311 1169 3352 cunr
1190 3289 1244 3351 deo
1265 3298 1344 3366 suut,

194 3416 249 3459 noc
267 3405 334 3459 aute
354 3395 487 3471 lucrant,
512 3395 597 3458 sede
617 3393 705 3456 uilrilc
722 3394 829 3477 aliquid
845 3415 911 3456 esse
929 3403 1106 3478 coeperunt,
1130 3401 1262 3477 apntre,
1287 3390 1346 3454 lilio

192 3510 352 3579 sanctoque
367 3495 470 3580 spiritu
487 3497 636 3580 producta.
684 3494 769 3558 Hunc
784 3495 878 3580 ipsum
891 3477 1002 3581 patrem
1019 3506 1048 3558 et
1063 3495 1151 3558 lilium
1169 3505 1199 3557 et
1212 3493 1346 3577 spiritum

191 3610 340 3678 cunctum,
370 3597 480 3661 sanctis
504 3596 566 3660 suis
584 3618 636 3682 per
654 3597 747 3660 visum
765 3599 953 3681 apparuisse,
985 3610 1123 3683 quantum
1141 3619 1247 3683 capere
1267 3599 1346 3683 quis-

192 3722 247 3786 que
265 3712 396 3785 poterat,
421 3722 455 3763 ac
475 3721 527 3785 pro
543 3720 579 3762 eo
596 3721 630 3763 ac
646 3698 764 3761 cuilibet
780 3701 990 3764 communicata
1010 3722 1063 3786 per
1080 3700 1260 3764 divinitatem
1278 3722 1345 3785 gra-

190 3806 231 3867 tia
246 3816 304 3883 est,
328 3826 413 3889 quam
431 3803 467 3866 iis
481 3802 616 3866 omnihus
633 3801 681 3886 qui
696 3801 885 3865 merebantur
902 3802 1052 3887 impertiit.
1089 3800 1132 3865 lta
1150 3803 1241 3888 patris
1259 3823 1344 3888 aspe-

223 4078 247 4132 9.
266 4078 293 4142 ἐξ
311 4069 346 4132 niu
362 4093 409 4129 nen
427 4080 555 4141 cpncrount
571 4077 639 4127 codd.
657 4090 711 4126 mcc
728 4080 750 4125 n
782 4090 836 4126 rurs.
853 4079 1031 4139 auditorium
1048 4068 1247 4143 προῦπάρξαντα,
1276 4075 1343 4145 γινό-

188 4150 243 4200 edlt.
259 4152 335 4211 princ.
784 4161 847 4210 μονα
860 4148 914 4196 edit
929 4148 1021 4209 Potum,
1038 4162 1067 4198 ea
1082 4150 1187 4197 Puncrr'o
1200 4160 1257 4208 pop.
1272 4144 1342 4197 1096.

225 4218 263 4266 10.
281 4210 408 4280 ἀληθινῶς
422 4211 454 4265 ἐκ
468 4210 563 4278 πατρὸς
583 4214 632 4263 cod
650 4213 747 4275 umero.
818 4212 857 4265 14.
875 4211 939 4268 εἶναι
954 4219 1066 4266 oudsrum
1089 4221 1123 4265 eat
1143 4218 1169 4264 iu
1191 4217 1245 4264 edit
1259 4215 1341 4266 Petne.

226 4283 263 4334 rt.
281 4278 313 4335 nd
335 4285 347 4298 ”
362 4285 417 4333 edit.
435 4285 517 4332 Prtuu.
784 4285 862 4333 Coton.
879 4290 948 4346 repet

226 4351 264 4400 t‘t.
283 4349 327 4403 ἐκτ
339 4352 399 4403 σθαι
415 4352 478 4399 eddi.
505 4349 650 4416 κεκτῆσᾶαι
666 4364 749 4414 mnrpe
820 4354 860 4403 15.
873 4349 978 4405 dodonec
991 4354 1058 4403 codd.
1074 4367 1130 4402 cue.
1153 4343 1263 4418 η’δύνατο
1278 4353 1342 4402 editt.

188 4420 243 4469 edit
261 4422 342 4469 Prtnn.
361 4421 406 4478 (cn
421 4432 451 4468 en
463 4420 643 4482 eochrr'nt).
661 4415 691 4470 dx
706 4416 747 4470 du·
818 4417 855 4470 to.
874 4415 951 4473 edred
969 4417 1012 4475 dcci
1026 4422 1074 4487 τῆς
1090 4417 1212 4488 θεότητος
1230 4435 1341 4482 reponen-

188 4486 275 4539 rlcffcn
290 4489 340 4536 cod.
359 4489 404 4536 len.
424 4483 570 4538 ἐκέκτισᾶαι
586 4489 636 4537 cod.
651 4488 747 4550 lttndtp.
781 4490 839 4538 dum
853 4490 894 4556 (ex
910 4493 1015 4542 Penuria
1029 4506 1086 4556 pap.
1101 4489 1179 4559 ludu)
1196 4491 1283 4543 cenauit
1295 4492 1341 4540 Pe·

224 4555 263 4609 13.
292 4550 498 4626 προϋπάρχοντα,
530 4552 654 4626 γενόμενα
679 4558 748 4609 codd.
780 4559 867 4610 tantur.
