3096 5070
276 256 339 320 492
697 267 1008 320 ελυοτιτοινιιιυο

276 384 327 452 διό
344 385 399 470 τήν
415 391 487 468 μίαν
508 391 569 450 τῶν
587 392 691 450 πασῶν
708 386 917 467 διωρισμένην,
946 382 1029 472 μόνω
1045 384 1078 449 δέ
1090 391 1133 472 τῶ
1149 387 1270 472 νυμφίῳ
1287 391 1436 470 κεκληρω·

278 491 384 571 μένην,
413 485 464 553 ὕπ’
488 487 581 555 αότοῦ
605 488 637 552 δέ
660 478 899 571 όμολογουμίνην
921 494 958 575 τῇ
980 491 1080 574 τοιᾷδε
1101 484 1247 573 ὀνομασίᾳ
1268 484 1329 565 ότι,
1363 493 1438 554 Μία

141 617 193 662 μς.
207 606 264 652 Μ
279 592 340 656 έστλ
361 589 517 676 περιστεραί
534 617 609 674 μου,
631 592 683 654 καί
697 587 802 668 πόλιν,
836 593 935 655 Τιλεία
949 615 1023 671 μου·
1047 585 1088 664 ῶς
1102 596 1161 654 τῶν
1174 595 1278 653 πασῶν
1294 595 1437 656 παλλακί-

275 696 337 759 δων
361 690 493 778 όγεννῶν
519 692 634 770 οόσῶν,
664 694 713 758 καί
739 692 795 758 οὐκ
820 694 852 758 ἒν
874 691 986 779 ἀκακία
1011 693 1280 776 έπιμετρουμένων,
1313 692 1384 758 οόδέ
1404 696 1437 760 έν
1490 768 1491 771 ¹

275 792 377 883 όγνείρ
392 798 444 860 καί
457 794 621 879 ήμερότητι.
666 797 735 860 Είσλ
752 796 805 877 μέν
819 786 874 860 σόν
889 791 1026 877 όπαργής
1041 792 1260 876 συναπτόμεναι
1272 801 1315 882 τῷ
1326 804 1435 861 καλου-

276 899 355 985 μίνρτ
377 903 575 987 Βαρβαρισμῷ
590 900 642 963 καί
664 903 830 984 Σκυθισμῷ
846 895 913 980 όίχρι
935 903 994 960 τῶν
1018 898 1237 980 προειρημένων
1259 905 1437 963 Μασσαλια-

266 1007 337 1071 ,νῶν
352 997 391 1065 όε’
406 999 458 1065 τόν
478 998 626 1084 α’ριθμόν,
657 1002 707 1066 ταί
728 997 932 1081 Ἑλληνισμός,
960 1001 990 1075 ἔξ
1008 991 1045 1063 οὗ
1063 1002 1097 1061 αί
1113 995 1279 1080 Ἑλληνικαί
1293 1002 1430 1085 αἱρέσεις,

274 1104 324 1168 καλ
343 1100 543 1185 Ἰουδαϊσμός,
567 1105 596 1180 ἐξ
611 1095 649 1168 οὗ
664 1101 842 1180 Ἰουδαῖκαί,
863 1103 913 1165 καί
933 1099 1149 1185 Σαμαρειτική,
1177 1104 1207 1178 έξ
1224 1094 1261 1184 ής
1280 1105 1313 1167 αί
1328 1111 1434 1187 Σαματ

276 1207 412 1290 ρειτικαί,
433 1212 494 1268 τῶν
508 1211 599 1290 τριῶν
614 1205 664 1270 έπλ
680 1202 731 1269 τόν
746 1202 968 1286 ἑβδομηκοστόν
983 1205 1111 1286 ἕβδομον
1128 1203 1262 1288 ἀριθμόν
1276 1217 1435 1291 προςτιθε-

275 1309 388 1389 μένων,
418 1310 460 1383 είς
476 1304 700 1393 όγδοηιιοντόδα
721 1303 854 1391 όρνθμόν
871 1308 1098 1390 πληρουμένων,
1125 1309 1177 1371 καί
1198 1314 1253 1390 τῆς
1269 1317 1339 1391 μιᾶς
1351 1335 1436 1395 περι-

211 1456 213 1461 ,
273 1412 464 1493 λειπομένης,
485 1412 633 1476 τουτέστιν
651 1407 671 1491 ή
691 1406 760 1495 όγία
777 1407 926 1491 καθολική
948 1411 1099 1490 έκκλησία,
1128 1411 1178 1474 καί
1204 1412 1436 1495 Χριστιανισμός

275 1510 368 1600 ὅντως
393 1509 601 1595 ῶνομασμένος
625 1511 774 1595 ἇπαργῆς,
804 1512 854 1575 καί
878 1509 933 1575 σόν
948 1517 988 1598 τῷ
1007 1508 1105 1591 Ἀδόμ
1119 1514 1170 1576 καί
1187 1510 1246 1598 πρό
1265 1521 1318 1578 τοῦ
1333 1514 1434 1598 Ἀδοίμ

275 1616 326 1679 καί
350 1613 408 1698 πρό
426 1612 545 1680 πόντων
566 1619 625 1679 τῶν
641 1613 760 1679 αίιόνων
778 1612 834 1678 σόν
856 1619 989 1700 Χριστῷ,
1021 1613 1163 1696 θελήματι
1179 1623 1233 1679 τοῦ
1253 1616 1365 1701 πατρός
1380 1621 1435 1683 καί

275 1709 345 1784 υίοῦ
357 1718 408 1782 καί
425 1714 512 1802 όγίου
527 1716 703 1798 πνεύματος,
723 1718 774 1782 καί
789 1714 860 1799 μετὰ
876 1713 997 1781 πάντων
1010 1721 1069 1780 τῶν
1083 1714 1157 1781 κατό
1172 1716 1273 1802 γενεῶν
1286 1726 1350 1808 θεῷ
1366 1718 1434 1785 εόα·

275 1816 478 1905 ρεστησόντων
489 1818 708 1901 πιστευόμενος,
729 1821 780 1883 κάλ
795 1821 825 1883 έν
839 1825 876 1907 τῇ
891 1817 985 1883 αὐτοῦ
1001 1823 1150 1905 παρουσίᾳ
1166 1821 1198 1884 έν
1209 1817 1312 1910 κόσμῳ
1327 1831 1434 1903 σαφῶς

275 1921 521 2003 όπακαλυφθείς,
543 1923 595 1986 καί
610 1928 666 1986 νῦν
681 1921 753 2003 μετὰ
766 1920 818 1996 τοίς
833 1921 958 2005 αἱρέσεις
973 1920 1080 1996 ταύτας
1097 1921 1209 2001 πόσας,
1236 1921 1289 1999 τός
1304 1922 1343 2007 δή
1359 1931 1433 1990 παλ-

274 2028 412 2104 λακίδας,
433 2021 487 2105 όφ’
510 2021 621 2108 ’ήμῶν
637 2023 724 2090 πόλιν
740 2021 1000 2105 4έξυμνοόμενος,
1023 2020 1063 2099 ῶς
1082 2022 1158 2088 κατοί
1175 2022 1230 2108 τήν
1245 2020 1432 2092 ιίκολουθίαν

274 2133 329 2193 τοῦ
348 2125 447 2212 λόγου.

138 2362 205 2428 Km
222 2361 253 2426 γ,
361 2328 461 2407 Αότός
473 2329 530 2417 γόρ
542 2329 561 2397 ό
574 2331 660 2417 λόγος
675 2335 707 2397 έν
721 2339 784 2406 τοῖς
793 2329 951 2414 ’Ἆισμασιν
964 2331 1060 2407 οὕτως
1074 2331 1249 2415 ἠρίθμησεν,
1268 2327 1423 2411 Ἐξήκοντα

273 2437 443 2516 βασιλίσσας
456 2433 573 2516 φήσας,
595 2436 644 2498 καί
659 2431 844 2518 όγδοήκοντα
859 2439 1053 2512 παλλακίδας,
1076 2437 1128 2499 καί
1143 2433 1288 2511 νεάνιδας,
1310 2423 1353 2497 ῶν
1367 2428 1424 2496 οόκ

273 2538 352 2601 ίστιν
368 2535 509 2621 ιἰριθμός.
554 2541 623 2601 Μία
640 2538 688 2615 δέ,
711 2539 800 2618 φησί,
824 2539 885 2602 έστί
898 2536 1053 2621 περιστερά
1068 2563 1145 2618 μου,
1170 2539 1258 2601 τελεία
1274 2560 1347 2617 μου·
1372 2538 1426 2615 μία

273 2640 335 2704 ίστί
351 2646 387 2727 τῇ
403 2640 489 2723 μητρί
504 2637 598 2721 αὐτῆς
612 2636 731 2722 έκλεκτή
745 2646 782 2728 τῇ
796 2638 924 2728 τεκοόση
943 2636 1043 2722 αότήν.
1088 2641 1149 2704 Καί
1161 2637 1283 2722 ὕστερον
1296 2640 1429 2702 δείκνυσι

274 2747 338 2818 πῶς
353 2738 434 2826 παρῶ
451 2748 542 2806 πᾶσιν
555 2738 757 2826 εὑρεθήσεται,
781 2738 821 2817 ῶς
836 2744 1005 2824 έντιμοτέρα
1018 2749 1121 2806 πασῶν
1136 2734 1222 2821 οὖσα,
1242 2741 1292 2806 καί
1308 2737 1430 2804 πόντων

274 2841 467 2923 δεσπόζουσα,
488 2846 540 2909 καὶ
562 2841 664 2932 ιαότρῑ
678 2844 755 2926 μόνη
770 2845 965 2930 έκλελεγμέυη,
988 2837 1025 2926 ής
1040 2842 1076 2907 τοί
1089 2846 1178 2909 τέκνα
1193 2842 1360 2928 κληρονόμα
1374 2848 1430 2907 τοῦ

214 2985 217 2991 ·
273 2948 432 3030 βασιλέως,
454 2949 505 3011 καί
519 2948 608 3011 τέκνα
625 2944 772 3028 όληθινοί,
796 2943 837 3021 ῶς
851 2949 937 3012 τέκνα
954 2955 1006 3029 τῆς
1023 2949 1204 3031 ἐπαγγελίας,
1225 2948 1278 3010 καί
1293 2942 1330 3011 οό
1343 2946 1432 3009 τέκνα

273 3056 326 3132 τῆς
338 3053 506 3130 παιδίσκης,
529 3047 596 3114 οὔτε
611 3053 799 3128 παλλακίδος,
821 3047 890 3114 οὔτε
904 3057 964 3114 τῶν
976 3046 1071 3112 ἄλλων
1082 3055 1140 3113 τῶν
1152 3045 1329 3133 οίναρίθμως
1343 3048 1431 3132 έρμη-

273 3153 446 3234 σευομένων.
470 3154 513 3215 El
523 3151 579 3237 γόρ
593 3154 644 3217 καὶ
658 3149 718 3218 α’πό
734 3151 903 3236 Χεττοόρας
917 3159 970 3233 τῆς
983 3154 1161 3226 παλλακίδος
1174 3153 1256 3233 έσγεν
1268 3147 1286 3215 ό
1296 3146 1432 3234 Ἀβραόμ

272 3255 376 3332 τέκνα,
404 3251 442 3318 οό
457 3253 684 3338 συνκληρονόμα
700 3253 836 3340 τυγχάνει
849 3251 886 3316 τοί
901 3255 988 3318 τέκνα
1002 3260 1054 3335 τῆς
1077 3254 1243 3338 Χεττοόρας
1261 3260 1301 3340 τῷ
1317 3249 1431 3317 Ἰσαάκ·

273 3355 389 3438 δόματα
404 3356 436 3419 δέ
453 3358 567 3440 έλαβεν,
591 3354 632 3433 ῶς
647 3356 775 3441 ληγότου
793 3355 891 3439 χάριν·
913 3360 963 3420 ίνα
980 3353 998 3421 ό
1011 3355 1105 3430 τόπος
1120 3357 1203 3437 μένοι
1216 3357 1258 3430 είς
1273 3350 1434 3439 α’ναγωγήν

270 3456 441 3543 τοῦλόγου,
464 3461 505 3534 είς
522 3457 555 3524 τό
570 3459 611 3541 μή
625 3455 783 3524 όπελπίσυι
799 3457 880 3534 τινός
901 3465 953 3540 τῆς
967 3465 1020 3524 τοῦ
1037 3465 1168 3542 Χριστοῦ
1185 3456 1322 3540 κλήσεως.
1367 3459 1433 3521 Καί

271 3557 328 3646 γιίρ
344 3559 381 3624 τό
395 3559 526 3642 δόματα,
559 3560 579 3625 δί
597 3564 689 3627 έδωκε
705 3569 745 3649 τῷ
758 3560 878 3643 Ἰσμαήλ
894 3563 945 3626 καλ
961 3570 1022 3636 τοῖς
1038 3564 1115 3636 υἱοῖς
1132 3560 1314 3644 Χεττοόρας,
1336 3559 1435 3634 τόπος

270 3655 309 3745 ήν
325 3668 386 3727 τῶν
408 3663 571 3744 μελλόντων
592 3666 713 3728 ἔσεσθαι
738 3664 889 3748 ἳᾶγαθῶν
905 3667 947 3739 είς
965 3661 1146 3747 ἐπιστροφήν
1164 3670 1269 3745 ψυχῶν
1286 3659 1362 3746 πρός
1375 3659 1436 3742 τήν

270 3770 368 3830 πίστιν
388 3766 440 3829 καί
463 3762 517 3847 τήν
538 3764 691 3847 ἀλήθειαν.
739 3772 783 3853 Τῇ
800 3766 852 3848 μέν
867 3765 923 3850 γόρ
935 3763 1030 3850 ’Ἅγαρ
1046 3769 1188 3854 παιδίσκη
1208 3764 1283 3854 οίίση
1300 3765 1355 3829 καί,
1367 3761 1433 3829 οίπό

271 3875 325 3934 τοῦ
339 3865 472 3953 Ἅβραόμ
488 3870 666 3957 έκβληθείση
682 3865 771 3951 (ῶςή
788 3866 970 3934 δουλεύσασα
986 3867 1067 3933 κοίτω
1080 3865 1270 3952 Ἰερουσαλήμ
1284 3865 1355 3949 μετὰ
1371 3873 1435 3930 τῶν

270 3971 381 4035 τέκνων
398 3969 507 4051 αὐτῆς,
536 3972 601 4053 περί
619 3963 657 4053 ής
672 3974 799 4052 είρηται,
827 3971 998 4053 Ἀπέρριψα
1021 3969 1073 4052 τήν
1093 3972 1203 4054 μητέρα
1226 3967 1347 4051 8ὑμῶν,
1379 3971 1435 4034 καί

137 4103 188 4149 μς.
201 4093 257 4137 lm
272 4071 376 4151 πόλιν,
398 4071 520 4137 Ἕδωκα
537 4077 651 4156 βιβλίον
665 4070 849 4139 όποστασίου
872 4077 914 4149 είς
927 4071 981 4149 τός
997 4083 1096 4157 χεῖρας
1110 4073 1230 4154 αὐτῆς),
1259 4069 1350 4159 ταότη
1373 4068 1435 4157 γόρ

270 4183 307 4263 τῇ
323 4179 479 4264 παιδίσκη,
493 4172 588 4259 ’Ἅγαρ
603 4200 650 4254 τε,
673 4179 767 4258 φημί,
790 4177 1046 4261 συμβολικώτερον
1062 4173 1099 4241 δι’
1116 4179 1220 4241 ἐλπίδα
1237 4177 1435 4257 έπιστροφῆς,

272 4274 364 4343 σίσκόυ
386 4281 508 4343 δίδωσιν
532 4276 656 4353 ὕδατος·
687 4282 737 4344 ἵνα
755 4282 835 4367 δείξη
858 4285 912 4342 τοῦ
928 4287 1053 4363 λουτροῦ
1070 4285 1123 4362 τῆς
1139 4280 1357 4363 παλιγγενεσίας
1378 4275 1437 4359 τήν

304 4431 329 4483 3.
347 4429 422 4499 ήμων
436 4437 504 4484 codd.
521 4449 575 4484 mn.
611 4430 682 4500 δμῶν
700 4438 764 4486 editi.
865 4439 948 4486 πυτίαι
960 4441 1060 4486 verterat
1077 4453 1158 4486 rursus
1174 4453 1189 4484 ο
1203 4433 1275 4485 nobis
1292 4434 1361 4483 iuxta
1376 4451 1436 4486 οτα-

306 4499 329 4549 4.
348 4497 528 4567 ἐξομοιούμενος
544 4506 653 4565 rescripsi
674 4519 722 4567 τρο.
760 4506 834 4568 Vulgo
866 4503 942 4554 tionis
961 4504 1164 4572 consequentiam
1181 4503 1327 4553 celebratus.

271 4565 462 4638 έξνμνονμίνας,
481 4573 556 4621 invita
571 4575 690 4622 αετιίεπίίο.
714 4574 766 4624 lum
776 4575 832 4624 Gor·
902 4571 959 4622 (λιν.
981 4574 1036 4623 VH.
1053 4601 1087 4612 -
1124 4574 1145 4630 1.
1163 4567 1240 4626 αότοῡ
1264 4573 1376 4623 παυσατο
1398 4579 1435 4623 ατε
