3096 5070
419 300 559 356 canaan
576 303 640 354 cre.
653 302 697 353 m.
714 300 797 355 rom
812 303 832 353 ι.
849 300 949 354 naen.
965 301 1083 354 mna.
1260 274 1323 352 ιιι

168 435 249 490 taxat
263 424 364 489 insunt
380 443 454 509 quoe
473 423 606 506 dignitati
624 421 702 486 illios
719 432 770 486 ant
789 419 902 484 taudem
927 420 1231 506 praedicationemque
1252 438 1323 482 eon·-
1414 490 1420 509 .

166 538 284 614 gruunt.
330 523 478 591 Nimirum
502 525 555 587 'uni
576 545 611 589 ao
629 524 770 607 singulari
791 523 957 602 diuinitati,
991 523 1145 601 unalans,
1176 531 1206 584 et
1223 521 1324 606 singu·

166 629 236 695 laris
255 630 350 693 bonor
365 628 568 691 attribuendus
588 636 652 688 est:
682 631 719 689 tta
736 631 875 688 honorent
879 629 996 708 filt'uen,
1026 630 1104 686 areat
1115 628 1257 686 honorant
1270 642 1322 704 pe·
1345 639 1423 685 tuac

166 745 253 807 trern,
288 741 316 794 et
337 728 686 793 tttuocontumeiiosum
714 729 848 812 quiddam
873 729 902 790 in
923 725 1199 812 spiritumiaciant,
1230 727 1322 788 inter·
1366 723 1375 749 ’

164 833 354 898 minationem
373 823 451 895 iiiam
468 830 572 910 ueriti,
598 851 671 916 quoe
687 829 851 894 istiusmodi
871 830 986 907 scelus,
1011 829 1051 892 uti
1071 850 1124 915 par
1140 839 1202 908 est,
1225 849 1278 890 nee
1292 831 1323 890 t'n
1354 841 1440 889 mmet.

160 940 312 1019 praesenta·
326 937 457 1008 soeculo,
489 955 540 995 nec
558 936 706 1017 abfuturo
720 937 930 995 condonandum
952 932 1087 995 edicitur.
1134 928 1236 1014 Quare
1254 927 1325 994 uibii
1364 894 1439 948 1¹,st

164 1042 195 1103 in
213 1037 344 1101 trinitate
367 1036 497 1119 cogitare
523 1035 689 1112 diuersum,
722 1055 816 1119 neque
839 1035 920 1099 saiva
940 1035 1048 1120 pietate
1067 1035 1179 1098 sentire
1196 1043 1247 1097 aut
1263 1032 1326 1118 opi·

167 1138 328 1204 nariiicet.
375 1135 487 1202 Verum
507 1139 681 1223 etinpotre
707 1149 837 1222 patrem,
871 1135 1144 1214 etindiiodliom,
1175 1146 1206 1199 et
1222 1136 1251 1198 in
1267 1134 1327 1220 spi·

166 1245 224 1307 rito
243 1251 346 1306 sancto
365 1240 496 1325 spiritum
519 1250 651 1304 sanctum
677 1261 839 1326 agnoscere
860 1260 915 1303 nos
933 1249 1061 1326 oportet.
1110 1237 1195 1301 {iuno
1215 1238 1244 1300 in
1262 1258 1324 1300 mo-

168 1345 234 1408 dum
252 1342 397 1430 proditori,
423 1354 453 1406 et
466 1343 504 1404 ita
523 1364 563 1406 ex
579 1343 622 1406 rei
642 1343 768 1406 veritato
784 1343 914 1406 iudicare
930 1362 1055 1406 neeesse
1070 1353 1133 1419 est,
1165 1362 1217 1426 pro
1232 1360 1270 1403 eo
1289 1360 1324 1404 ao

169 1458 398 1511 cousentaneum
420 1457 467 1510 est
489 1446 538 1509 oui
560 1446 683 1509 trinitati
709 1446 890 1508 adorationis
908 1445 1051 1530 praebere
1075 1444 1182 1508 coitum
1204 1443 1326 1507 etiiiius

169 1549 545 1635 maiestate-agnoscere.
592 1545 695 1632 itaquo
716 1567 771 1610 neo
787 1549 947 1631 ingenitum
966 1569 1039 1634 opos
1058 1547 1144 1610 babet
1158 1547 1270 1631 genito,
1295 1555 1327 1610 ut
1387 1591 1390 1597 -

169 1652 276 1736 aliquid
294 1646 418 1716 naturae
435 1672 507 1714 suae
523 1651 675 1725 conferat,
710 1651 832 1734 eiusque
851 1651 916 1714 dum
934 1651 1026 1733 ipsum
1042 1650 1173 1714 declarat
1189 1649 1328 1734 quodom-

169 1755 254 1818 modo
278 1775 384 1820 caussa
407 1763 581 1828 censeatur,
617 1773 712 1837 neque
732 1752 823 1837 geniti
849 1753 1010 1816 substantie
1031 1753 1181 1836 ingenitae
1204 1763 1327 1816 naturae

171 1867 234 1934 est,
258 1867 309 1920 aut
331 1857 437 1919 dicitnr
459 1855 590 1919 abiectio.

261 1956 299 2022 ΙΙ.
348 1954 463 2042 Quippe
481 1956 596 2020 trinitas
612 1956 656 2020 rei
672 1956 777 2020 nullius
794 1957 923 2040 indiget,
949 1977 1003 2019 nec
1021 1957 1107 2021 uilius
1124 1957 1325 2021 accessionem

168 2063 307 2147 postulat.
355 2057 431 2124 Com
451 2059 527 2122 enim
554 2058 667 2122 trinitas
693 2059 729 2122 ab
752 2072 876 2123 aeterno
904 2061 1010 2137 inerit,
1044 2080 1109 2123 oona
1140 2059 1209 2122 nibil
1233 2059 1326 2123 adbuc

168 2175 334 2227 creatarum
358 2160 639 2238 rerumexistcret,
671 2183 730 2224 uon
752 2162 864 2226 idcirco
888 2173 1006 2239 tamen,
1039 2184 1096 2248 quo
1120 2163 1201 2226 reiut
1221 2162 1327 2224 sortito

61 2271 72 2290 ⁸
167 2266 223 2330 sibi
240 2265 346 2349 aliquid
367 2265 504 2340 cederet,
537 2273 588 2326 aut
610 2285 703 2327 norae
722 2264 846 2328 alicuius
864 2265 1084 2350 appellationis,
1116 2266 1163 2329 vei
1181 2266 1216 2328 ad
1234 2261 1328 2348 digni·

168 2379 257 2431 tatem
275 2389 358 2432 suam
376 2366 558 2429 accessionis
574 2386 693 2452 compos
710 2367 811 2445 fieret,
836 2389 933 2430 rerum
949 2368 1076 2429 omnium
1094 2367 1326 2452 procreationem

166 2473 196 2534 in
217 2469 344 2535 animum
364 2469 482 2532 induxit
503 2480 605 2553 pater,
631 2469 705 2531 adeo
724 2482 755 2532 ιιι
772 2470 886 2532 coelum
906 2480 1091 2553 terramque,
1117 2480 1146 2533 et
1164 2468 1328 2554 aspectabi-

167 2573 205 2636 lia
219 2571 336 2652 omnia,
360 2591 453 2657 eaque
469 2592 544 2655 quae
563 2571 658 2634 visum
676 2572 807 2655 fugiam,
832 2594 885 2658 per
902 2572 989 2636 fliium
1007 2583 1139 2651 crearet,
1171 2570 1327 2655 omniaque

168 2695 242 2759 quoe
268 2675 443 2738 condiderat
466 2673 570 2759 spiritu
595 2693 649 2736 suo
674 2675 899 2753 corroboraret,
933 2696 990 2760 quo
1012 2696 1052 2739 ex
1073 2676 1121 2738 itta
1146 2675 1328 2738 conditarum

169 2796 266 2838 rerum
284 2777 452 2855 creatione,
476 2797 656 2860 operumque
673 2776 865 2840 fabricatione
886 2777 994 2862 aliquid
1013 2780 1043 2842 in
1062 2779 1153 2864 patris
1175 2776 1328 2840 utilitatem

170 2878 360 2955 redundaret,
385 2879 432 2961 qui
450 2888 567 2942 creator
582 2892 612 2940 et
629 2879 739 2942 artifex
756 2880 974 2959 nominaretur,
999 2882 1047 2944 vel
1064 2879 1227 2944 accessisse
1244 2877 1329 2940 intei-

170 2979 312 3063 ligeretor
328 2981 363 3044 ad
381 2978 487 3058 filium,
513 3001 685 3065 perquem,
712 2993 741 3043 et
756 3003 773 3045 a
790 3004 848 3066 quo
865 2994 983 3046 creatae
1002 3005 1050 3048 rcs
1068 2984 1226 3067 productae
1246 2991 1326 3060 sunt,

169 3082 218 3145 vei
236 3080 361 3166 denique
376 3083 412 3146 ad
429 3081 562 3168 spiritum
581 3093 735 3161 sonetum,
769 3085 816 3168 qui
835 3087 936 3149 eadem
952 3086 1001 3149 itta
1018 3085 1212 3149 confirmavit.
1257 3081 1329 3147 Non

170 3184 248 3247 enim
265 3184 301 3247 ab
320 3184 474 3249 affectione
493 3186 588 3270 aliqua
605 3206 770 3249 conversus
792 3186 822 3249 iu
844 3187 966 3251 alteram
983 3189 1073 3266 deus,
1097 3199 1127 3251 et
1146 3198 1248 3251 natura
1262 3185 1331 3250 sub·

170 3285 335 3369 stantiaque
364 3298 507 3365 mutatos,
541 3288 623 3351 velut
646 3287 876 3370 cogitabundus,
911 3293 1020 3355 autad
1045 3290 1129 3355 aliam
1153 3291 1329 3354 sententiam

170 3387 339 3463 traductus,
370 3408 445 3470 qnae
468 3389 585 3452 molitus
606 3400 651 3451 ost
668 3390 779 3453 ed'ecit.
827 3389 942 3478 Quippe
962 3394 1010 3478 qui
1032 3395 1060 3456 in
1083 3414 1151 3457 sese
1172 3393 1331 3456 fabricandi

100 3535 103 3542 .
171 3489 230 3550 rim
257 3487 388 3551 babuerit
409 3510 543 3574 semper,
579 3511 703 3575 eamque
730 3494 908 3575 perfectam,
942 3515 997 3559 nec
1020 3496 1084 3559 uilis
1102 3495 1215 3581 gloriae
1235 3495 1332 3557 incre·

172 3591 278 3653 mentis
300 3591 476 3672 augendam.
523 3589 672 3675 Quocirca
689 3596 947 3677 quemadmodum,
979 3619 1043 3661 oum
1063 3599 1098 3660 de
1115 3598 1223 3662 creatis
1242 3597 1331 3662 rebus

173 3693 304 3777 agimus,
341 3691 399 3754 trie
416 3693 549 3777 quiddam
567 3694 604 3756 de
619 3695 674 3756 deo
694 3696 837 3778 suspicari
859 3702 959 3776 nefas,
990 3702 1073 3784 quasi
1096 3701 1213 3763 divinae
1228 3716 1331 3763 essem

170 3796 227 3858 tiae
247 3794 419 3878 gloriaeque
436 3795 574 3858 maiestas
599 3795 662 3858 eins
683 3796 848 3862 affectionis
868 3801 1074 3885 dignitatisque
1094 3802 1151 3879 sit,
1187 3823 1262 3885 quae
1277 3800 1353 3865 att·-

168 3897 236 3982 quid
254 3896 442 3960 extrinsecus
461 3896 611 3959 vindicare
629 3894 685 3958 sibi
704 3899 812 3979 possit,
837 3899 876 3963 ita
894 3912 923 3964 et
941 3903 1119 3965 rctettendus
1136 3904 1193 3964 erit
1209 3903 1329 3983 Aetius,

169 4000 217 4083 qui
236 3998 508 4061 ratiocinationibus
532 3999 593 4061 suis
619 3997 747 4060 divinam
774 4010 905 4064 naturam
933 4005 1183 4089 comprehendere
1209 4006 1329 4088 cupieos

169 4101 291 4187 ingeniti
318 4101 466 4184 genitique
492 4100 717 4186 proprietatibus
738 4099 867 4164 abutitur
886 4125 922 4167 ea
942 4106 1155 4190 disputatione,
1188 4128 1273 4191 quarn
1293 4109 1328 4171 de

202 4273 227 4324 8.
246 4279 281 4323 ιιι
299 4272 397 4323 uictos?
766 4275 925 4324 emendatione
944 4277 1044 4328 rorate
1080 4280 1209 4330 emortua
1223 4283 1291 4331 uertit
1306 4291 1332 4332 et

202 4337 227 4388 9.
244 4342 280 4390 tto
295 4345 444 4391 eoneenunt
460 4344 587 4393 Cernentes
603 4348 673 4405 etque
686 4344 731 4392 Pe·
766 4340 831 4390 idem
849 4344 1000 4410 amarmptiue
1019 4345 1051 4394 de
1068 4344 1118 4395 titio
1136 4347 1297 4415 intedigatur.

169 4411 254 4458 uum.
288 4411 312 4459 n
329 4411 395 4457 tom
411 4413 482 4472 aaran
499 4413 583 4472 tantun
599 4400 638 4463 ed.
804 4411 838 4460 ιι.
858 4409 1001 4483 parentat
1026 4417 1140 4474 amman
1162 4422 1215 4467 aar
1240 4419 1330 4470 cmo·

206 4477 243 4526 tn.
268 4468 303 4543 ἦ,
327 4479 390 4539 qood
405 4481 476 4540 netgo
493 4480 570 4542 oben,
594 4481 686 4542 repetet
702 4492 731 4530 ra
764 4481 814 4596 qiua
831 4481 903 4542 (certe
920 4485 941 4533 tr
957 4486 1023 4533 vertit
1047 4483 1223 4553 mutationem)
1245 4492 1267 4540 et
1284 4490 1330 4539 Pe-

774 4561 850 4598 ouans.

1348 691 1504 753 aaa=
