<?xml version="1.0" encoding="UTF-8"?>
<!DOCTYPE html PUBLIC "-//W3C//DTD XHTML 1.0 Transitional//EN"
    "http://www.w3.org/TR/xhtml1/DTD/xhtml1-transitional.dtd">
<html xmlns="http://www.w3.org/1999/xhtml" xml:lang="en" lang="en">
 <head>
  <title>
</title>
<meta http-equiv="Content-Type" content="text/html;charset=utf-8" />
  <meta name='ocr-system' content='tesseract 3.04.00' />
  <meta name='ocr-capabilities' content='ocr_page ocr_carea ocr_par ocr_line ocrx_word'/>
</head>
<body>
  <div class='ocr_page' id='page_1' title='image "./corporishaerese00unkngoog/corporishaerese00unkngoog_0202.png"; bbox 0 0 3096 5070; ppageno 0'>
   <div class='ocr_carea' id='block_1_1' title="bbox 445 273 1357 339">
    <p class='ocr_par' dir='ltr' id='par_1_1' title="bbox 445 273 1357 339">
     <span class='ocr_line' id='line_1_1' title="bbox 445 273 1357 339; baseline 0.004 -6"><span class='ocrx_word' id='word_1_1' title='bbox 445 281 584 333; x_wconf 77' lang='lat' dir='ltr'>nassau</span> <span class='ocrx_word' id='word_1_2' title='bbox 601 281 665 333; x_wconf 81' lang='lat' dir='ltr'>uta.</span> <span class='ocrx_word' id='word_1_3' title='bbox 678 282 724 333; x_wconf 85' lang='lat' dir='ltr'>tn.</span> <span class='ocrx_word' id='word_1_4' title='bbox 741 282 823 334; x_wconf 85' lang='lat' dir='ltr'>ron.</span> <span class='ocrx_word' id='word_1_5' title='bbox 837 284 857 334; x_wconf 89' lang='lat'>1.</span> <span class='ocrx_word' id='word_1_6' title='bbox 872 281 974 333; x_wconf 83' lang='lat' dir='ltr'>nsua.</span> <span class='ocrx_word' id='word_1_7' title='bbox 989 282 1109 334; x_wconf 83' lang='lat' dir='ltr'>uxxvr.</span> <span class='ocrx_word' id='word_1_8' title='bbox 1298 273 1357 339; x_wconf 78' lang='lat' dir='ltr'>tao</span> 
     </span>
    </p>
   </div>
   <div class='ocr_carea' id='block_1_2' title="bbox 153 397 1495 4525">
    <p class='ocr_par' dir='ltr' id='par_1_2' title="bbox 191 397 1360 895">
     <span class='ocr_line' id='line_1_2' title="bbox 196 397 1359 484; baseline 0.003 -19"><span class='ocrx_word' id='word_1_9' title='bbox 196 400 298 465; x_wconf 83' lang='lat' dir='ltr'>voluit.</span> <span class='ocrx_word' id='word_1_10' title='bbox 343 397 527 484; x_wconf 83' lang='lat' dir='ltr'>Quamquam</span> <span class='ocrx_word' id='word_1_11' title='bbox 547 421 603 464; x_wconf 92' lang='lat' dir='ltr'>nos</span> <span class='ocrx_word' id='word_1_12' title='bbox 626 423 684 464; x_wconf 95' lang='lat' dir='ltr'>non</span> <span class='ocrx_word' id='word_1_13' title='bbox 706 401 769 465; x_wconf 88' lang='lat' dir='ltr'>sola</span> <span class='ocrx_word' id='word_1_14' title='bbox 787 400 976 466; x_wconf 69' lang='lat' dir='ltr'>similitudine</span> <span class='ocrx_word' id='word_1_15' title='bbox 995 403 1062 465; x_wconf 88' lang='lat' dir='ltr'>lreti</span> <span class='ocrx_word' id='word_1_16' title='bbox 1085 402 1275 467; x_wconf 86' lang='lat' dir='ltr'>constitutum</span> <span class='ocrx_word' id='word_1_17' title='bbox 1292 404 1359 468; x_wconf 81' lang='lat' dir='ltr'>idei</span> 
     </span>
     <span class='ocr_line' id='line_1_3' title="bbox 195 501 1359 590; baseline 0.003 -24"><span class='ocrx_word' id='word_1_18' title='bbox 195 505 299 587; x_wconf 72' lang='lat' dir='ltr'>dogma</span> <span class='ocrx_word' id='word_1_19' title='bbox 318 523 355 566; x_wconf 92' lang='lat' dir='ltr'>ac</span> <span class='ocrx_word' id='word_1_20' title='bbox 374 501 513 566; x_wconf 69' lang='lat' dir='ltr'>trinitatis</span> <span class='ocrx_word' id='word_1_21' title='bbox 538 503 647 567; x_wconf 88' lang='lat' dir='ltr'>cultum</span> <span class='ocrx_word' id='word_1_22' title='bbox 667 505 865 588; x_wconf 80' lang='lat' dir='ltr'><strong>honoremque</strong></span> <span class='ocrx_word' id='word_1_23' title='bbox 884 503 1079 589; x_wconf 78' lang='lat' dir='ltr'>suscipientes</span> <span class='ocrx_word' id='word_1_24' title='bbox 1097 505 1167 568; x_wconf 93' lang='lat' dir='ltr'>illud</span> <span class='ocrx_word' id='word_1_25' title='bbox 1187 526 1274 568; x_wconf 82' lang='lat' dir='ltr'>astrum</span> <span class='ocrx_word' id='word_1_26' title='bbox 1291 527 1359 590; x_wconf 92' lang='lat' dir='ltr'>pro·</span> 
     </span>
     <span class='ocr_line' id='line_1_4' title="bbox 192 602 1360 690; baseline 0.002 -21"><span class='ocrx_word' id='word_1_27' title='bbox 192 605 322 669; x_wconf 87' lang='lat' dir='ltr'>litemnr.</span> <span class='ocrx_word' id='word_1_28' title='bbox 367 602 448 668; x_wconf 86' lang='lat' dir='ltr'>Nam</span> <span class='ocrx_word' id='word_1_29' title='bbox 472 615 673 690; x_wconf 82' lang='lat' dir='ltr'>elangentum</span> <span class='ocrx_word' id='word_1_30' title='bbox 696 616 804 670; x_wconf 87' lang='lat' dir='ltr'>stanno</span> <span class='ocrx_word' id='word_1_31' title='bbox 828 606 922 670; x_wconf 90' lang='lat' dir='ltr'>simile</span> <span class='ocrx_word' id='word_1_32' title='bbox 945 617 1009 685; x_wconf 89' lang='lat' dir='ltr'>est,</span> <span class='ocrx_word' id='word_1_33' title='bbox 1041 617 1192 670; x_wconf 90' lang='lat' dir='ltr'>etaurum</span> <span class='ocrx_word' id='word_1_34' title='bbox 1214 607 1296 687; x_wconf 89' lang='lat' dir='ltr'>aeri,</span> <span class='ocrx_word' id='word_1_35' title='bbox 1329 617 1360 671; x_wconf 89' lang='lat' dir='ltr'>et</span> 
     </span>
     <span class='ocr_line' id='line_1_5' title="bbox 193 707 1360 794; baseline 0.003 -23"><span class='ocrx_word' id='word_1_36' title='bbox 193 708 340 794; x_wconf 81' lang='lat' dir='ltr'>plumbum</span> <span class='ocrx_word' id='word_1_37' title='bbox 366 707 464 786; x_wconf 87' lang='lat' dir='ltr'>lerro,</span> <span class='ocrx_word' id='word_1_38' title='bbox 497 717 528 770; x_wconf 90' lang='lat' dir='ltr'>et</span> <span class='ocrx_word' id='word_1_39' title='bbox 542 708 662 792; x_wconf 84' lang='lat' dir='ltr'>pretiosi</span> <span class='ocrx_word' id='word_1_40' title='bbox 681 709 791 792; x_wconf 90' lang='lat' dir='ltr'>lapides</span> <span class='ocrx_word' id='word_1_41' title='bbox 813 710 908 786; x_wconf 85' lang='lat' dir='ltr'>vitro,</span> <span class='ocrx_word' id='word_1_42' title='bbox 940 730 995 772; x_wconf 91' lang='lat' dir='ltr'>neo</span> <span class='ocrx_word' id='word_1_43' title='bbox 1017 708 1177 772; x_wconf 82' lang='lat' dir='ltr'>similitudo</span> <span class='ocrx_word' id='word_1_44' title='bbox 1195 710 1259 794; x_wconf 91' lang='lat' dir='ltr'>ipsa</span> <span class='ocrx_word' id='word_1_45' title='bbox 1274 720 1360 775; x_wconf 86' lang='lat' dir='ltr'>natu·</span> 
     </span>
     <span class='ocr_line' id='line_1_6' title="bbox 191 809 1073 895; baseline -0.001 -20"><span class='ocrx_word' id='word_1_46' title='bbox 191 831 273 889; x_wconf 85' lang='lat' dir='ltr'>ram,</span> <span class='ocrx_word' id='word_1_47' title='bbox 297 810 351 874; x_wconf 88' lang='lat' dir='ltr'>sed</span> <span class='ocrx_word' id='word_1_48' title='bbox 374 809 599 894; x_wconf 78' lang='lat' dir='ltr'>expressionem</span> <span class='ocrx_word' id='word_1_49' title='bbox 622 821 709 895; x_wconf 83' lang='lat' dir='ltr'>atque</span> <span class='ocrx_word' id='word_1_50' title='bbox 733 812 856 895; x_wconf 79' lang='lat' dir='ltr'>effigiem</span> <span class='ocrx_word' id='word_1_51' title='bbox 880 813 1073 875; x_wconf 89' lang='lat' dir='ltr'>demonstrat.</span> 
     </span>
    </p>

    <p class='ocr_par' dir='ltr' id='par_1_3' title="bbox 191 909 1495 1818">
     <span class='ocr_line' id='line_1_7' title="bbox 277 909 1495 997; baseline 0.004 -22"><span class='ocrx_word' id='word_1_52' title='bbox 277 909 367 996; x_wconf 84' lang='lat' dir='ltr'>Quod</span> <span class='ocrx_word' id='word_1_53' title='bbox 389 922 486 976; x_wconf 90' lang='lat' dir='ltr'>autem</span> <span class='ocrx_word' id='word_1_54' title='bbox 509 912 544 975; x_wconf 93' lang='lat' dir='ltr'>ad</span> <span class='ocrx_word' id='word_1_55' title='bbox 567 912 741 997; x_wconf 87' lang='lat' dir='ltr'>scripturam</span> <span class='ocrx_word' id='word_1_56' title='bbox 763 913 886 989; x_wconf 80' lang='lat' dir='ltr'>attinet,</span> <span class='ocrx_word' id='word_1_57' title='bbox 922 934 996 997; x_wconf 88' lang='lat' dir='ltr'>quae</span> <span class='ocrx_word' id='word_1_58' title='bbox 1018 913 1106 976; x_wconf 89' lang='lat' dir='ltr'>lilium</span> <span class='ocrx_word' id='word_1_59' title='bbox 1131 913 1177 976; x_wconf 90' lang='lat' dir='ltr'>dei</span> <span class='ocrx_word' id='word_1_60' title='bbox 1200 912 1358 979; x_wconf 80' lang='lat' dir='ltr'>invisibilis</span> <span class='ocrx_word' id='word_1_61' title='bbox 1378 917 1438 986; x_wconf 72' lang='lat' dir='ltr'>cop.</span> <span class='ocrx_word' id='word_1_62' title='bbox 1452 921 1495 971; x_wconf 83' lang='lat' dir='ltr'>lll-</span> 
     </span>
     <span class='ocr_line' id='line_1_8' title="bbox 192 1015 1359 1102; baseline 0.004 -24"><span class='ocrx_word' id='word_1_63' title='bbox 192 1015 352 1100; x_wconf 71' lang='lat' dir='ltr'>imaginem</span> <span class='ocrx_word' id='word_1_64' title='bbox 369 1015 513 1100; x_wconf 87' lang='lat' dir='ltr'>appellat,</span> <span class='ocrx_word' id='word_1_65' title='bbox 545 1036 600 1079; x_wconf 92' lang='lat' dir='ltr'>nos</span> <span class='ocrx_word' id='word_1_66' title='bbox 615 1035 767 1079; x_wconf 86' lang='lat' dir='ltr'>sacrarum</span> <span class='ocrx_word' id='word_1_67' title='bbox 786 1015 937 1078; x_wconf 86' lang='lat' dir='ltr'>literarum</span> <span class='ocrx_word' id='word_1_68' title='bbox 956 1016 1015 1080; x_wconf 85' lang='lat' dir='ltr'>rim</span> <span class='ocrx_word' id='word_1_69' title='bbox 1032 1015 1132 1080; x_wconf 84' lang='lat' dir='ltr'>divino</span> <span class='ocrx_word' id='word_1_70' title='bbox 1149 1016 1292 1081; x_wconf 90' lang='lat' dir='ltr'>beuelicio</span> <span class='ocrx_word' id='word_1_71' title='bbox 1309 1038 1359 1102; x_wconf 88' lang='lat' dir='ltr'>pe·</span> 
     </span>
     <span class='ocr_line' id='line_1_9' title="bbox 193 1114 1356 1202; baseline -0.001 -19"><span class='ocrx_word' id='word_1_72' title='bbox 193 1119 273 1183; x_wconf 86' lang='lat' dir='ltr'>nitus</span> <span class='ocrx_word' id='word_1_73' title='bbox 295 1117 441 1194; x_wconf 72' lang='lat' dir='ltr'>assecuti,</span> <span class='ocrx_word' id='word_1_74' title='bbox 473 1137 547 1201; x_wconf 82' lang='lat' dir='ltr'>quae</span> <span class='ocrx_word' id='word_1_75' title='bbox 566 1117 611 1179; x_wconf 89' lang='lat' dir='ltr'>sio</span> <span class='ocrx_word' id='word_1_76' title='bbox 627 1114 806 1181; x_wconf 84' lang='lat' dir='ltr'>Pharisaeos</span> <span class='ocrx_word' id='word_1_77' title='bbox 831 1119 1002 1202; x_wconf 84' lang='lat' dir='ltr'>compellat:</span> <span class='ocrx_word' id='word_1_78' title='bbox 1038 1122 1163 1181; x_wconf 79' lang='lat' dir='ltr'>Nescitis</span> <span class='ocrx_word' id='word_1_79' title='bbox 1184 1123 1356 1200; x_wconf 70' lang='lat' dir='ltr'>scripturas,</span> 
     </span>
     <span class='ocr_line' id='line_1_10' title="bbox 195 1219 1358 1305; baseline 0.002 -22"><span class='ocrx_word' id='word_1_80' title='bbox 195 1242 285 1302; x_wconf 76' lang='lat' dir='ltr'>sepite</span> <span class='ocrx_word' id='word_1_81' title='bbox 304 1225 431 1282; x_wconf 67' lang='lat' dir='ltr'>mistam</span> <span class='ocrx_word' id='word_1_82' title='bbox 450 1222 512 1293; x_wconf 83' lang='lat' dir='ltr'>dei,</span> <span class='ocrx_word' id='word_1_83' title='bbox 544 1220 687 1305; x_wconf 80' lang='lat' dir='ltr'>duplicem</span> <span class='ocrx_word' id='word_1_84' title='bbox 706 1220 780 1282; x_wconf 84' lang='lat' dir='ltr'>hanc</span> <span class='ocrx_word' id='word_1_85' title='bbox 798 1220 997 1283; x_wconf 83' lang='lat' dir='ltr'>habitudinem</span> <span class='ocrx_word' id='word_1_86' title='bbox 1015 1241 1083 1284; x_wconf 84' lang='lat' dir='ltr'>esse</span> <span class='ocrx_word' id='word_1_87' title='bbox 1103 1221 1249 1284; x_wconf 86' lang='lat' dir='ltr'>novimus.</span> <span class='ocrx_word' id='word_1_88' title='bbox 1297 1219 1358 1285; x_wconf 88' lang='lat' dir='ltr'>Vc·</span> 
     </span>
     <span class='ocr_line' id='line_1_11' title="bbox 197 1320 1357 1406; baseline 0.003 -21"><span class='ocrx_word' id='word_1_89' title='bbox 197 1332 363 1385; x_wconf 77' lang='lat' dir='ltr'>rummmeu</span> <span class='ocrx_word' id='word_1_90' title='bbox 383 1321 547 1406; x_wconf 81' lang='lat' dir='ltr'>explicandi</span> <span class='ocrx_word' id='word_1_91' title='bbox 577 1320 672 1404; x_wconf 81' lang='lat' dir='ltr'>gratia</span> <span class='ocrx_word' id='word_1_92' title='bbox 701 1334 730 1385; x_wconf 88' lang='lat' dir='ltr'>et</span> <span class='ocrx_word' id='word_1_93' title='bbox 757 1322 899 1386; x_wconf 86' lang='lat' dir='ltr'>abusione</span> <span class='ocrx_word' id='word_1_94' title='bbox 923 1323 1045 1405; x_wconf 88' lang='lat' dir='ltr'>quodam</span> <span class='ocrx_word' id='word_1_95' title='bbox 1074 1343 1116 1387; x_wconf 84' lang='lat' dir='ltr'>ex</span> <span class='ocrx_word' id='word_1_96' title='bbox 1139 1323 1267 1387; x_wconf 74' lang='lat' dir='ltr'>hunuano</span> <span class='ocrx_word' id='word_1_97' title='bbox 1288 1323 1357 1389; x_wconf 90' lang='lat' dir='ltr'>illud</span> 
     </span>
     <span class='ocr_line' id='line_1_12' title="bbox 197 1421 1358 1509; baseline 0.003 -22"><span class='ocrx_word' id='word_1_98' title='bbox 197 1443 281 1488; x_wconf 82' lang='lat' dir='ltr'>more</span> <span class='ocrx_word' id='word_1_99' title='bbox 303 1423 516 1487; x_wconf 85' lang='lat' dir='ltr'>transierimus.</span> <span class='ocrx_word' id='word_1_100' title='bbox 562 1421 677 1509; x_wconf 82' lang='lat' dir='ltr'>Quippe</span> <span class='ocrx_word' id='word_1_101' title='bbox 704 1435 734 1486; x_wconf 90' lang='lat' dir='ltr'>et</span> <span class='ocrx_word' id='word_1_102' title='bbox 754 1424 879 1488; x_wconf 86' lang='lat' dir='ltr'>hominis</span> <span class='ocrx_word' id='word_1_103' title='bbox 899 1425 995 1508; x_wconf 86' lang='lat' dir='ltr'>imago</span> <span class='ocrx_word' id='word_1_104' title='bbox 1015 1445 1130 1509; x_wconf 89' lang='lat' dir='ltr'>quoque</span> <span class='ocrx_word' id='word_1_105' title='bbox 1147 1425 1271 1504; x_wconf 73' lang='lat' dir='ltr'>dicitur,</span> <span class='ocrx_word' id='word_1_106' title='bbox 1305 1447 1358 1490; x_wconf 93' lang='lat' dir='ltr'>ne·</span> 
     </span>
     <span class='ocr_line' id='line_1_13' title="bbox 197 1523 1358 1611; baseline 0.003 -22"><span class='ocrx_word' id='word_1_107' title='bbox 197 1546 254 1609; x_wconf 83' lang='lat' dir='ltr'>que</span> <span class='ocrx_word' id='word_1_108' title='bbox 268 1535 363 1589; x_wconf 90' lang='lat' dir='ltr'>tamen</span> <span class='ocrx_word' id='word_1_109' title='bbox 378 1526 481 1589; x_wconf 82' lang='lat' dir='ltr'>similis</span> <span class='ocrx_word' id='word_1_110' title='bbox 498 1535 555 1587; x_wconf 87' lang='lat' dir='ltr'>est.</span> <span class='ocrx_word' id='word_1_111' title='bbox 602 1523 680 1588; x_wconf 89' lang='lat' dir='ltr'>Nam</span> <span class='ocrx_word' id='word_1_112' title='bbox 699 1525 791 1589; x_wconf 90' lang='lat' dir='ltr'>altera</span> <span class='ocrx_word' id='word_1_113' title='bbox 812 1527 960 1590; x_wconf 88' lang='lat' dir='ltr'>coloribus</span> <span class='ocrx_word' id='word_1_114' title='bbox 977 1529 1119 1591; x_wconf 78' lang='lat' dir='ltr'>duntaxat</span> <span class='ocrx_word' id='word_1_115' title='bbox 1137 1526 1280 1611; x_wconf 80' lang='lat' dir='ltr'>effigiata,</span> <span class='ocrx_word' id='word_1_116' title='bbox 1315 1528 1358 1593; x_wconf 92' lang='lat' dir='ltr'>al·</span> 
     </span>
     <span class='ocr_line' id='line_1_14' title="bbox 194 1627 1358 1714; baseline 0.003 -23"><span class='ocrx_word' id='word_1_117' title='bbox 194 1637 259 1693; x_wconf 89' lang='lat' dir='ltr'>tera</span> <span class='ocrx_word' id='word_1_118' title='bbox 274 1630 396 1693; x_wconf 75' lang='lat' dir='ltr'>modom</span> <span class='ocrx_word' id='word_1_119' title='bbox 415 1648 456 1691; x_wconf 77' lang='lat' dir='ltr'>ex</span> <span class='ocrx_word' id='word_1_120' title='bbox 474 1628 668 1711; x_wconf 81' lang='lat' dir='ltr'>generatione</span> <span class='ocrx_word' id='word_1_121' title='bbox 687 1627 882 1691; x_wconf 86' lang='lat' dir='ltr'>substantiam</span> <span class='ocrx_word' id='word_1_122' title='bbox 900 1629 1030 1708; x_wconf 82' lang='lat' dir='ltr'>obtinet,</span> <span class='ocrx_word' id='word_1_123' title='bbox 1063 1651 1128 1693; x_wconf 90' lang='lat' dir='ltr'>cum</span> <span class='ocrx_word' id='word_1_124' title='bbox 1146 1630 1264 1714; x_wconf 79' lang='lat' dir='ltr'>genitus</span> <span class='ocrx_word' id='word_1_125' title='bbox 1282 1630 1358 1695; x_wconf 87' lang='lat' dir='ltr'>lilius</span> 
     </span>
     <span class='ocr_line' id='line_1_15' title="bbox 191 1730 1356 1818; baseline 0.004 -25"><span class='ocrx_word' id='word_1_126' title='bbox 191 1731 336 1814; x_wconf 77' lang='lat' dir='ltr'>quandam</span> <span class='ocrx_word' id='word_1_127' title='bbox 352 1732 472 1815; x_wconf 77' lang='lat' dir='ltr'>generis</span> <span class='ocrx_word' id='word_1_128' title='bbox 491 1730 537 1793; x_wconf 90' lang='lat' dir='ltr'>sui</span> <span class='ocrx_word' id='word_1_129' title='bbox 555 1740 653 1793; x_wconf 86' lang='lat' dir='ltr'>notam</span> <span class='ocrx_word' id='word_1_130' title='bbox 671 1751 706 1792; x_wconf 90' lang='lat' dir='ltr'>ac</span> <span class='ocrx_word' id='word_1_131' title='bbox 725 1730 848 1793; x_wconf 80' lang='lat' dir='ltr'>formam</span> <span class='ocrx_word' id='word_1_132' title='bbox 870 1732 1090 1815; x_wconf 90' lang='lat' dir='ltr'>comparatione</span> <span class='ocrx_word' id='word_1_133' title='bbox 1112 1732 1204 1816; x_wconf 86' lang='lat' dir='ltr'>patris</span> <span class='ocrx_word' id='word_1_134' title='bbox 1221 1733 1356 1818; x_wconf 88' lang='lat' dir='ltr'>accipiat.</span> 
     </span>
    </p>

    <p class='ocr_par' dir='ltr' id='par_1_4' title="bbox 153 1828 1416 4525">
     <span class='ocr_line' id='line_1_16' title="bbox 153 1828 1357 1915; baseline 0.007 -25"><span class='ocrx_word' id='word_1_135' title='bbox 153 1887 154 1890; x_wconf 74' lang='grc'>,</span> <span class='ocrx_word' id='word_1_136' title='bbox 193 1828 272 1896; x_wconf 83' lang='lat' dir='ltr'>Tum</span> <span class='ocrx_word' id='word_1_137' title='bbox 299 1833 330 1896; x_wconf 96' lang='lat' dir='ltr'>in</span> <span class='ocrx_word' id='word_1_138' title='bbox 348 1854 384 1896; x_wconf 93' lang='lat' dir='ltr'>eo</span> <span class='ocrx_word' id='word_1_139' title='bbox 402 1852 474 1896; x_wconf 86' lang='lat' dir='ltr'>vero</span> <span class='ocrx_word' id='word_1_140' title='bbox 500 1853 558 1895; x_wconf 92' lang='lat' dir='ltr'>nou</span> <span class='ocrx_word' id='word_1_141' title='bbox 581 1832 690 1915; x_wconf 86' lang='lat' dir='ltr'>effigies</span> <span class='ocrx_word' id='word_1_142' title='bbox 716 1833 802 1895; x_wconf 93' lang='lat' dir='ltr'>modo</span> <span class='ocrx_word' id='word_1_143' title='bbox 825 1833 973 1912; x_wconf 78' lang='lat' dir='ltr'>cerruitur,</span> <span class='ocrx_word' id='word_1_144' title='bbox 1007 1834 1058 1896; x_wconf 91' lang='lat' dir='ltr'>sed</span> <span class='ocrx_word' id='word_1_145' title='bbox 1083 1844 1113 1896; x_wconf 90' lang='lat' dir='ltr'>et</span> <span class='ocrx_word' id='word_1_146' title='bbox 1132 1845 1236 1899; x_wconf 88' lang='lat' dir='ltr'>natura</span> <span class='ocrx_word' id='word_1_147' title='bbox 1253 1836 1357 1899; x_wconf 88' lang='lat' dir='ltr'>eadem</span> 
     </span>
     <span class='ocr_line' id='line_1_17' title="bbox 191 1933 1357 2020; baseline 0.004 -24"><span class='ocrx_word' id='word_1_148' title='bbox 191 1943 221 1996; x_wconf 92' lang='lat' dir='ltr'>et</span> <span class='ocrx_word' id='word_1_149' title='bbox 239 1933 423 2014; x_wconf 83' lang='lat' dir='ltr'>sulastantia,</span> <span class='ocrx_word' id='word_1_150' title='bbox 459 1935 589 2018; x_wconf 85' lang='lat' dir='ltr'>adeoque</span> <span class='ocrx_word' id='word_1_151' title='bbox 615 1955 688 1999; x_wconf 85' lang='lat' dir='ltr'>vera</span> <span class='ocrx_word' id='word_1_152' title='bbox 704 1934 783 1998; x_wconf 86' lang='lat' dir='ltr'>illius</span> <span class='ocrx_word' id='word_1_153' title='bbox 801 1935 970 2020; x_wconf 82' lang='lat' dir='ltr'>expressio.</span> <span class='ocrx_word' id='word_1_154' title='bbox 1017 1933 1110 2019; x_wconf 77' lang='lat' dir='ltr'>igitur</span> <span class='ocrx_word' id='word_1_155' title='bbox 1124 1936 1293 2019; x_wconf 75' lang='lat' dir='ltr'>unigenitus</span> <span class='ocrx_word' id='word_1_156' title='bbox 1311 1936 1357 2001; x_wconf 91' lang='lat' dir='ltr'>dei</span> 
     </span>
     <span class='ocr_line' id='line_1_18' title="bbox 190 2034 1358 2123; baseline 0.003 -24"><span class='ocrx_word' id='word_1_157' title='bbox 190 2035 267 2099; x_wconf 79' lang='lat' dir='ltr'>filius</span> <span class='ocrx_word' id='word_1_158' title='bbox 288 2034 367 2099; x_wconf 87' lang='lat' dir='ltr'>idem</span> <span class='ocrx_word' id='word_1_159' title='bbox 391 2058 457 2100; x_wconf 89' lang='lat' dir='ltr'>cum</span> <span class='ocrx_word' id='word_1_160' title='bbox 481 2036 634 2099; x_wconf 82' lang='lat' dir='ltr'>divinitate</span> <span class='ocrx_word' id='word_1_161' title='bbox 658 2057 693 2099; x_wconf 91' lang='lat' dir='ltr'>ac</span> <span class='ocrx_word' id='word_1_162' title='bbox 716 2037 870 2100; x_wconf 89' lang='lat' dir='ltr'>maiestate</span> <span class='ocrx_word' id='word_1_163' title='bbox 890 2037 980 2122; x_wconf 90' lang='lat' dir='ltr'>patris</span> <span class='ocrx_word' id='word_1_164' title='bbox 1000 2048 1047 2100; x_wconf 89' lang='lat' dir='ltr'>est</span> <span class='ocrx_word' id='word_1_165' title='bbox 1065 2048 1094 2100; x_wconf 90' lang='lat' dir='ltr'>et</span> <span class='ocrx_word' id='word_1_166' title='bbox 1109 2039 1258 2122; x_wconf 86' lang='lat' dir='ltr'>aequalis,</span> <span class='ocrx_word' id='word_1_167' title='bbox 1288 2059 1358 2123; x_wconf 81' lang='lat' dir='ltr'>ger·</span> 
     </span>
     <span class='ocr_line' id='line_1_19' title="bbox 190 2137 1355 2226; baseline 0.002 -23"><span class='ocrx_word' id='word_1_168' title='bbox 190 2160 277 2203; x_wconf 85' lang='lat' dir='ltr'>mana</span> <span class='ocrx_word' id='word_1_169' title='bbox 294 2139 417 2224; x_wconf 78' lang='lat' dir='ltr'>quadam</span> <span class='ocrx_word' id='word_1_170' title='bbox 434 2139 561 2223; x_wconf 84' lang='lat' dir='ltr'>imagine</span> <span class='ocrx_word' id='word_1_171' title='bbox 577 2159 612 2202; x_wconf 90' lang='lat' dir='ltr'>ac</span> <span class='ocrx_word' id='word_1_172' title='bbox 631 2137 839 2217; x_wconf 87' lang='lat' dir='ltr'>similitudine,</span> <span class='ocrx_word' id='word_1_173' title='bbox 871 2160 946 2223; x_wconf 84' lang='lat' dir='ltr'>quae</span> <span class='ocrx_word' id='word_1_174' title='bbox 970 2139 1048 2202; x_wconf 91' lang='lat' dir='ltr'>nulla</span> <span class='ocrx_word' id='word_1_175' title='bbox 1066 2140 1180 2204; x_wconf 89' lang='lat' dir='ltr'>rationo</span> <span class='ocrx_word' id='word_1_176' title='bbox 1195 2141 1355 2226; x_wconf 84' lang='lat' dir='ltr'>discrepet,</span> 
     </span>
     <span class='ocr_line' id='line_1_20' title="bbox 189 2239 1354 2328; baseline 0.001 -23"><span class='ocrx_word' id='word_1_177' title='bbox 189 2251 329 2326; x_wconf 70' lang='lat' dir='ltr'>unquam</span> <span class='ocrx_word' id='word_1_178' title='bbox 355 2241 432 2306; x_wconf 88' lang='lat' dir='ltr'>lilius</span> <span class='ocrx_word' id='word_1_179' title='bbox 453 2263 469 2305; x_wconf 92' lang='lat' dir='ltr'>a</span> <span class='ocrx_word' id='word_1_180' title='bbox 495 2253 577 2327; x_wconf 89' lang='lat' dir='ltr'>patre</span> <span class='ocrx_word' id='word_1_181' title='bbox 605 2239 721 2325; x_wconf 86' lang='lat' dir='ltr'>reipsa,</span> <span class='ocrx_word' id='word_1_182' title='bbox 757 2251 788 2303; x_wconf 90' lang='lat' dir='ltr'>et</span> <span class='ocrx_word' id='word_1_183' title='bbox 813 2263 878 2305; x_wconf 90' lang='lat' dir='ltr'>cum</span> <span class='ocrx_word' id='word_1_184' title='bbox 903 2242 1004 2305; x_wconf 88' lang='lat' dir='ltr'>eadem</span> <span class='ocrx_word' id='word_1_185' title='bbox 1033 2241 1198 2306; x_wconf 89' lang='lat' dir='ltr'>substantia</span> <span class='ocrx_word' id='word_1_186' title='bbox 1224 2245 1354 2328; x_wconf 74' lang='lat' dir='ltr'>genitus.</span> 
     </span>
     <span class='ocr_line' id='line_1_21' title="bbox 191 2340 1356 2431; baseline 0 -22"><span class='ocrx_word' id='word_1_187' title='bbox 191 2340 272 2409; x_wconf 87' lang='lat' dir='ltr'>idem</span> <span class='ocrx_word' id='word_1_188' title='bbox 288 2365 377 2430; x_wconf 89' lang='lat' dir='ltr'>porro</span> <span class='ocrx_word' id='word_1_189' title='bbox 391 2344 427 2406; x_wconf 91' lang='lat' dir='ltr'>de</span> <span class='ocrx_word' id='word_1_190' title='bbox 443 2342 549 2428; x_wconf 90' lang='lat' dir='ltr'>spiritu</span> <span class='ocrx_word' id='word_1_191' title='bbox 563 2354 667 2406; x_wconf 85' lang='lat' dir='ltr'>sancto</span> <span class='ocrx_word' id='word_1_192' title='bbox 682 2354 814 2407; x_wconf 90' lang='lat' dir='ltr'>statuere</span> <span class='ocrx_word' id='word_1_193' title='bbox 831 2365 886 2407; x_wconf 91' lang='lat' dir='ltr'>nos</span> <span class='ocrx_word' id='word_1_194' title='bbox 904 2353 1038 2427; x_wconf 85' lang='lat' dir='ltr'>oportet,</span> <span class='ocrx_word' id='word_1_195' title='bbox 1063 2344 1138 2426; x_wconf 88' lang='lat' dir='ltr'>quod</span> <span class='ocrx_word' id='word_1_196' title='bbox 1158 2365 1175 2406; x_wconf 91' lang='lat' dir='ltr'>a</span> <span class='ocrx_word' id='word_1_197' title='bbox 1192 2356 1275 2429; x_wconf 90' lang='lat' dir='ltr'>patre</span> <span class='ocrx_word' id='word_1_198' title='bbox 1289 2366 1356 2431; x_wconf 89' lang='lat' dir='ltr'>pro·</span> 
     </span>
     <span class='ocr_line' id='line_1_22' title="bbox 191 2444 1356 2530; baseline 0 -19"><span class='ocrx_word' id='word_1_199' title='bbox 191 2448 294 2525; x_wconf 85' lang='lat' dir='ltr'>cedat,</span> <span class='ocrx_word' id='word_1_200' title='bbox 327 2447 444 2511; x_wconf 87' lang='lat' dir='ltr'>tametsi</span> <span class='ocrx_word' id='word_1_201' title='bbox 468 2457 727 2530; x_wconf 73' lang='lat' dir='ltr'>congrassetur,</span> <span class='ocrx_word' id='word_1_202' title='bbox 760 2446 786 2509; x_wconf 93' lang='lat' dir='ltr'>id</span> <span class='ocrx_word' id='word_1_203' title='bbox 810 2449 886 2530; x_wconf 91' lang='lat' dir='ltr'>quod</span> <span class='ocrx_word' id='word_1_204' title='bbox 911 2444 1054 2530; x_wconf 81' lang='lat' dir='ltr'>unigeniti</span> <span class='ocrx_word' id='word_1_205' title='bbox 1076 2446 1126 2509; x_wconf 92' lang='lat' dir='ltr'>lilii</span> <span class='ocrx_word' id='word_1_206' title='bbox 1143 2446 1220 2510; x_wconf 88' lang='lat' dir='ltr'>ratio</span> <span class='ocrx_word' id='word_1_207' title='bbox 1237 2445 1356 2511; x_wconf 90' lang='lat' dir='ltr'>minime</span> 
     </span>
     <span class='ocr_line' id='line_1_23' title="bbox 192 2548 1357 2633; baseline 0 -21"><span class='ocrx_word' id='word_1_208' title='bbox 192 2549 314 2633; x_wconf 82' lang='lat' dir='ltr'>patitur.</span> <span class='ocrx_word' id='word_1_209' title='bbox 369 2548 429 2614; x_wconf 81' lang='lat' dir='ltr'>Sed</span> <span class='ocrx_word' id='word_1_210' title='bbox 463 2549 567 2614; x_wconf 71' lang='lat' dir='ltr'>ditius</span> <span class='ocrx_word' id='word_1_211' title='bbox 594 2548 727 2611; x_wconf 86' lang='lat' dir='ltr'>veritatis</span> <span class='ocrx_word' id='word_1_212' title='bbox 756 2548 934 2633; x_wconf 81' lang='lat' dir='ltr'>professioni</span> <span class='ocrx_word' id='word_1_213' title='bbox 961 2548 1166 2611; x_wconf 83' lang='lat' dir='ltr'>vehementius</span> <span class='ocrx_word' id='word_1_214' title='bbox 1189 2568 1357 2632; x_wconf 80' lang='lat' dir='ltr'>repugnare</span> 
     </span>
     <span class='ocr_line' id='line_1_24' title="bbox 193 2647 1355 2736; baseline 0 -21"><span class='ocrx_word' id='word_1_215' title='bbox 193 2651 316 2715; x_wconf 81' lang='lat' dir='ltr'>studens</span> <span class='ocrx_word' id='word_1_216' title='bbox 331 2672 368 2715; x_wconf 92' lang='lat' dir='ltr'>ne</span> <span class='ocrx_word' id='word_1_217' title='bbox 382 2650 432 2715; x_wconf 89' lang='lat' dir='ltr'>lilii</span> <span class='ocrx_word' id='word_1_218' title='bbox 449 2651 563 2736; x_wconf 87' lang='lat' dir='ltr'>quidem</span> <span class='ocrx_word' id='word_1_219' title='bbox 582 2672 647 2714; x_wconf 89' lang='lat' dir='ltr'>cum</span> <span class='ocrx_word' id='word_1_220' title='bbox 666 2660 747 2734; x_wconf 90' lang='lat' dir='ltr'>patre</span> <span class='ocrx_word' id='word_1_221' title='bbox 765 2650 985 2713; x_wconf 88' lang='lat' dir='ltr'>similitudinem</span> <span class='ocrx_word' id='word_1_222' title='bbox 1002 2650 1088 2714; x_wconf 87' lang='lat' dir='ltr'>lateri</span> <span class='ocrx_word' id='word_1_223' title='bbox 1105 2650 1209 2713; x_wconf 86' lang='lat' dir='ltr'>voluit.</span> <span class='ocrx_word' id='word_1_224' title='bbox 1250 2647 1284 2714; x_wconf 93' lang='lat' dir='ltr'>lu</span> <span class='ocrx_word' id='word_1_225' title='bbox 1298 2670 1355 2736; x_wconf 90' lang='lat' dir='ltr'>quo</span> 
     </span>
     <span class='ocr_line' id='line_1_25' title="bbox 194 2749 1355 2836; baseline 0.002 -21"><span class='ocrx_word' id='word_1_226' title='bbox 194 2751 231 2815; x_wconf 81' lang='lat' dir='ltr'>ab</span> <span class='ocrx_word' id='word_1_227' title='bbox 248 2753 370 2816; x_wconf 80' lang='lat' dir='ltr'>Arianis</span> <span class='ocrx_word' id='word_1_228' title='bbox 386 2754 495 2817; x_wconf 88' lang='lat' dir='ltr'>ceteris</span> <span class='ocrx_word' id='word_1_229' title='bbox 511 2751 663 2830; x_wconf 72' lang='lat' dir='ltr'>dissentit,</span> <span class='ocrx_word' id='word_1_230' title='bbox 688 2752 736 2835; x_wconf 86' lang='lat' dir='ltr'>qui</span> <span class='ocrx_word' id='word_1_231' title='bbox 752 2773 769 2814; x_wconf 93' lang='lat' dir='ltr'>a</span> <span class='ocrx_word' id='word_1_232' title='bbox 787 2749 922 2815; x_wconf 78' lang='lat' dir='ltr'>Lucieno</span> <span class='ocrx_word' id='word_1_233' title='bbox 941 2764 970 2815; x_wconf 91' lang='lat' dir='ltr'>et</span> <span class='ocrx_word' id='word_1_234' title='bbox 989 2749 1121 2836; x_wconf 84' lang='lat' dir='ltr'>Origene</span> <span class='ocrx_word' id='word_1_235' title='bbox 1138 2753 1250 2816; x_wconf 87' lang='lat' dir='ltr'>erroris</span> <span class='ocrx_word' id='word_1_236' title='bbox 1268 2774 1355 2817; x_wconf 89' lang='lat' dir='ltr'>occa·</span> 
     </span>
     <span class='ocr_line' id='line_1_26' title="bbox 193 2854 1353 2939; baseline 0.002 -22"><span class='ocrx_word' id='word_1_237' title='bbox 193 2854 306 2919; x_wconf 87' lang='lat' dir='ltr'>sionem</span> <span class='ocrx_word' id='word_1_238' title='bbox 326 2857 403 2920; x_wconf 87' lang='lat' dir='ltr'>nacti</span> <span class='ocrx_word' id='word_1_239' title='bbox 430 2866 515 2933; x_wconf 87' lang='lat' dir='ltr'>snut,</span> <span class='ocrx_word' id='word_1_240' title='bbox 550 2866 581 2919; x_wconf 87' lang='lat' dir='ltr'>ct</span> <span class='ocrx_word' id='word_1_241' title='bbox 602 2877 668 2917; x_wconf 91' lang='lat' dir='ltr'>cum</span> <span class='ocrx_word' id='word_1_242' title='bbox 687 2857 810 2917; x_wconf 83' lang='lat' dir='ltr'>Asterio</span> <span class='ocrx_word' id='word_1_243' title='bbox 833 2854 955 2937; x_wconf 87' lang='lat' dir='ltr'>quodam</span> <span class='ocrx_word' id='word_1_244' title='bbox 982 2855 1111 2939; x_wconf 85' lang='lat' dir='ltr'>sophista</span> <span class='ocrx_word' id='word_1_245' title='bbox 1136 2855 1246 2919; x_wconf 86' lang='lat' dir='ltr'>versati</span> <span class='ocrx_word' id='word_1_246' title='bbox 1272 2866 1353 2935; x_wconf 92' lang='lat' dir='ltr'>sunt,</span> 
     </span>
     <span class='ocr_line' id='line_1_27' title="bbox 193 2952 1355 3042; baseline 0.001 -21"><span class='ocrx_word' id='word_1_247' title='bbox 193 2954 293 3042; x_wconf 78' lang='lat' dir='ltr'>quiin</span> <span class='ocrx_word' id='word_1_248' title='bbox 320 2957 528 3042; x_wconf 87' lang='lat' dir='ltr'>persecutione</span> <span class='ocrx_word' id='word_1_249' title='bbox 550 2955 726 3020; x_wconf 83' lang='lat' dir='ltr'>Maximiani</span> <span class='ocrx_word' id='word_1_250' title='bbox 752 2952 950 3020; x_wconf 85' lang='lat' dir='ltr'>Christianam</span> <span class='ocrx_word' id='word_1_251' title='bbox 976 2957 1060 3020; x_wconf 88' lang='lat' dir='ltr'>lidern</span> <span class='ocrx_word' id='word_1_252' title='bbox 1085 2958 1222 3028; x_wconf 82' lang='lat' dir='ltr'>eiurarit.</span> <span class='ocrx_word' id='word_1_253' title='bbox 1274 2955 1355 3023; x_wconf 87' lang='lat' dir='ltr'>Nam</span> 
     </span>
     <span class='ocr_line' id='line_1_28' title="bbox 193 3056 1356 3142; baseline 0.002 -19"><span class='ocrx_word' id='word_1_254' title='bbox 193 3058 390 3124; x_wconf 80' lang='lat' dir='ltr'>camillorum</span> <span class='ocrx_word' id='word_1_255' title='bbox 408 3059 558 3138; x_wconf 83' lang='lat' dir='ltr'>nonrmlli,</span> <span class='ocrx_word' id='word_1_256' title='bbox 584 3071 615 3122; x_wconf 92' lang='lat' dir='ltr'>ut</span> <span class='ocrx_word' id='word_1_257' title='bbox 633 3058 662 3121; x_wconf 90' lang='lat' dir='ltr'>in</span> <span class='ocrx_word' id='word_1_258' title='bbox 680 3056 881 3142; x_wconf 89' lang='lat' dir='ltr'>superioribus</span> <span class='ocrx_word' id='word_1_259' title='bbox 899 3058 1072 3122; x_wconf 87' lang='lat' dir='ltr'>haeresibus</span> <span class='ocrx_word' id='word_1_260' title='bbox 1091 3061 1289 3141; x_wconf 88' lang='lat' dir='ltr'>ostendimus,</span> <span class='ocrx_word' id='word_1_261' title='bbox 1322 3062 1356 3125; x_wconf 92' lang='lat' dir='ltr'>li·</span> 
     </span>
     <span class='ocr_line' id='line_1_29' title="bbox 192 3160 1356 3246; baseline 0.003 -21"><span class='ocrx_word' id='word_1_262' title='bbox 192 3160 262 3225; x_wconf 85' lang='lat' dir='ltr'>liam</span> <span class='ocrx_word' id='word_1_263' title='bbox 291 3160 339 3225; x_wconf 88' lang='lat' dir='ltr'>dei</span> <span class='ocrx_word' id='word_1_264' title='bbox 366 3173 549 3240; x_wconf 89' lang='lat' dir='ltr'>creaturam,</span> <span class='ocrx_word' id='word_1_265' title='bbox 584 3160 717 3246; x_wconf 91' lang='lat' dir='ltr'>spiritum</span> <span class='ocrx_word' id='word_1_266' title='bbox 745 3181 818 3223; x_wconf 88' lang='lat' dir='ltr'>vero</span> <span class='ocrx_word' id='word_1_267' title='bbox 845 3171 978 3224; x_wconf 90' lang='lat' dir='ltr'>sanctum</span> <span class='ocrx_word' id='word_1_268' title='bbox 1006 3173 1161 3226; x_wconf 87' lang='lat' dir='ltr'>creaturas</span> <span class='ocrx_word' id='word_1_269' title='bbox 1188 3174 1356 3229; x_wconf 88' lang='lat' dir='ltr'>creaturam</span> 
     </span>
     <span class='ocr_line' id='line_1_30' title="bbox 191 3262 1354 3348; baseline 0.002 -21"><span class='ocrx_word' id='word_1_270' title='bbox 191 3283 261 3327; x_wconf 87' lang='lat' dir='ltr'>esse</span> <span class='ocrx_word' id='word_1_271' title='bbox 278 3262 448 3343; x_wconf 88' lang='lat' dir='ltr'>docuerint,</span> <span class='ocrx_word' id='word_1_272' title='bbox 481 3264 530 3329; x_wconf 87' lang='lat' dir='ltr'>alii</span> <span class='ocrx_word' id='word_1_273' title='bbox 549 3265 597 3348; x_wconf 89' lang='lat' dir='ltr'>qui</span> <span class='ocrx_word' id='word_1_274' title='bbox 612 3283 767 3327; x_wconf 92' lang='lat' dir='ltr'>commune</span> <span class='ocrx_word' id='word_1_275' title='bbox 785 3262 853 3325; x_wconf 93' lang='lat' dir='ltr'>illud</span> <span class='ocrx_word' id='word_1_276' title='bbox 872 3264 907 3325; x_wconf 90' lang='lat' dir='ltr'>de</span> <span class='ocrx_word' id='word_1_277' title='bbox 925 3274 1060 3327; x_wconf 89' lang='lat' dir='ltr'>creatura</span> <span class='ocrx_word' id='word_1_278' title='bbox 1078 3275 1232 3343; x_wconf 85' lang='lat' dir='ltr'>tenerent,</span> <span class='ocrx_word' id='word_1_279' title='bbox 1264 3266 1354 3331; x_wconf 87' lang='lat' dir='ltr'>liliam</span> 
     </span>
     <span class='ocr_line' id='line_1_31' title="bbox 191 3363 1356 3450; baseline 0.004 -23"><span class='ocrx_word' id='word_1_280' title='bbox 191 3364 269 3450; x_wconf 85' lang='lat' dir='ltr'>patri</span> <span class='ocrx_word' id='word_1_281' title='bbox 293 3363 417 3429; x_wconf 85' lang='lat' dir='ltr'>similem</span> <span class='ocrx_word' id='word_1_282' title='bbox 440 3385 508 3430; x_wconf 88' lang='lat' dir='ltr'>esse</span> <span class='ocrx_word' id='word_1_283' title='bbox 537 3367 664 3430; x_wconf 83' lang='lat' dir='ltr'>conlassi</span> <span class='ocrx_word' id='word_1_284' title='bbox 693 3375 772 3428; x_wconf 83' lang='lat' dir='ltr'>susat.</span> <span class='ocrx_word' id='word_1_285' title='bbox 820 3365 861 3427; x_wconf 87' lang='grc' dir='ltr'>Αι</span> <span class='ocrx_word' id='word_1_286' title='bbox 885 3364 991 3429; x_wconf 80' lang='lat' dir='ltr'>Aetius</span> <span class='ocrx_word' id='word_1_287' title='bbox 1016 3367 1072 3429; x_wconf 89' lang='lat' dir='ltr'>iste</span> <span class='ocrx_word' id='word_1_288' title='bbox 1100 3387 1216 3431; x_wconf 88' lang='lat' dir='ltr'>omnem</span> <span class='ocrx_word' id='word_1_289' title='bbox 1238 3367 1356 3433; x_wconf 91' lang='lat' dir='ltr'>illorum</span> 
     </span>
     <span class='ocr_line' id='line_1_32' title="bbox 193 3465 1355 3554; baseline 0.004 -22"><span class='ocrx_word' id='word_1_290' title='bbox 193 3465 412 3533; x_wconf 85' lang='lat' dir='ltr'>cavillationem</span> <span class='ocrx_word' id='word_1_291' title='bbox 434 3490 500 3532; x_wconf 91' lang='lat' dir='ltr'>cum</span> <span class='ocrx_word' id='word_1_292' title='bbox 517 3469 668 3554; x_wconf 89' lang='lat' dir='ltr'>impietate</span> <span class='ocrx_word' id='word_1_293' title='bbox 690 3489 744 3531; x_wconf 89' lang='lat' dir='ltr'>sua</span> <span class='ocrx_word' id='word_1_294' title='bbox 767 3468 914 3551; x_wconf 87' lang='lat' dir='ltr'>propalam</span> <span class='ocrx_word' id='word_1_295' title='bbox 939 3472 1196 3553; x_wconf 81' lang='lat' dir='ltr'>praeseferens,</span> <span class='ocrx_word' id='word_1_296' title='bbox 1227 3470 1355 3537; x_wconf 87' lang='lat' dir='ltr'>immane</span> 
     </span>
     <span class='ocr_line' id='line_1_33' title="bbox 192 3558 1356 3656; baseline 0.001 -23"><span class='ocrx_word' id='word_1_297' title='bbox 192 3558 296 3633; x_wconf 84' lang='lat' dir='ltr'>contra</span> <span class='ocrx_word' id='word_1_298' title='bbox 314 3570 459 3635; x_wconf 88' lang='lat' dir='ltr'>domiuum</span> <span class='ocrx_word' id='word_1_299' title='bbox 481 3581 509 3635; x_wconf 91' lang='lat' dir='ltr'>et</span> <span class='ocrx_word' id='word_1_300' title='bbox 527 3569 809 3654; x_wconf 85' lang='lat' dir='ltr'>impudentissimum</span> <span class='ocrx_word' id='word_1_301' title='bbox 830 3571 935 3652; x_wconf 82' lang='lat' dir='ltr'>dogma</span> <span class='ocrx_word' id='word_1_302' title='bbox 963 3571 1126 3656; x_wconf 86' lang='lat' dir='ltr'>proposuit.</span> <span class='ocrx_word' id='word_1_303' title='bbox 1170 3571 1288 3655; x_wconf 81' lang='lat' dir='ltr'>Atque,</span> <span class='ocrx_word' id='word_1_304' title='bbox 1322 3582 1356 3634; x_wconf 93' lang='lat' dir='ltr'>ut</span> 
     </span>
     <span class='ocr_line' id='line_1_34' title="bbox 192 3671 1353 3757; baseline 0.002 -22"><span class='ocrx_word' id='word_1_305' title='bbox 192 3671 321 3757; x_wconf 77' lang='lat' dir='ltr'>ingenue</span> <span class='ocrx_word' id='word_1_306' title='bbox 339 3672 449 3750; x_wconf 81' lang='lat' dir='ltr'>fatear,</span> <span class='ocrx_word' id='word_1_307' title='bbox 482 3672 564 3736; x_wconf 75' lang='lat' dir='ltr'>Astii</span> <span class='ocrx_word' id='word_1_308' title='bbox 583 3672 686 3750; x_wconf 84' lang='lat' dir='ltr'>lanius,</span> <span class='ocrx_word' id='word_1_309' title='bbox 717 3672 781 3736; x_wconf 84' lang='lat' dir='ltr'>sive</span> <span class='ocrx_word' id='word_1_310' title='bbox 797 3671 965 3750; x_wconf 81' lang='lat' dir='ltr'>Auomoei,</span> <span class='ocrx_word' id='word_1_311' title='bbox 995 3673 1109 3737; x_wconf 88' lang='lat' dir='ltr'>subtilis</span> <span class='ocrx_word' id='word_1_312' title='bbox 1125 3673 1173 3736; x_wconf 90' lang='lat' dir='ltr'>illa</span> <span class='ocrx_word' id='word_1_313' title='bbox 1189 3671 1267 3738; x_wconf 88' lang='lat' dir='ltr'>ratio</span> <span class='ocrx_word' id='word_1_314' title='bbox 1285 3671 1353 3737; x_wconf 89' lang='lat' dir='ltr'>illos</span> 
     </span>
     <span class='ocr_line' id='line_1_35' title="bbox 191 3772 1354 3860; baseline 0.001 -21"><span class='ocrx_word' id='word_1_315' title='bbox 191 3786 274 3839; x_wconf 84' lang='lat' dir='ltr'>recta</span> <span class='ocrx_word' id='word_1_316' title='bbox 291 3794 326 3838; x_wconf 85' lang='lat' dir='ltr'>ao</span> <span class='ocrx_word' id='word_1_317' title='bbox 343 3774 447 3839; x_wconf 90' lang='lat' dir='ltr'>merito</span> <span class='ocrx_word' id='word_1_318' title='bbox 467 3775 550 3860; x_wconf 90' lang='lat' dir='ltr'>petit,</span> <span class='ocrx_word' id='word_1_319' title='bbox 571 3775 619 3858; x_wconf 91' lang='lat' dir='ltr'>qni</span> <span class='ocrx_word' id='word_1_320' title='bbox 636 3774 724 3836; x_wconf 91' lang='lat' dir='ltr'>lilium</span> <span class='ocrx_word' id='word_1_321' title='bbox 743 3773 790 3835; x_wconf 88' lang='lat' dir='ltr'>dci</span> <span class='ocrx_word' id='word_1_322' title='bbox 807 3785 973 3837; x_wconf 87' lang='lat' dir='ltr'>creaturam</span> <span class='ocrx_word' id='word_1_323' title='bbox 995 3795 1062 3838; x_wconf 87' lang='lat' dir='ltr'>esse</span> <span class='ocrx_word' id='word_1_324' title='bbox 1077 3774 1248 3838; x_wconf 84' lang='lat' dir='ltr'>detendunt.</span> <span class='ocrx_word' id='word_1_325' title='bbox 1281 3772 1354 3840; x_wconf 78' lang='lat' dir='ltr'>tite·</span> 
     </span>
     <span class='ocr_line' id='line_1_36' title="bbox 191 3874 1355 3962; baseline 0 -21"><span class='ocrx_word' id='word_1_326' title='bbox 191 3876 250 3941; x_wconf 82' lang='lat' dir='ltr'>eim</span> <span class='ocrx_word' id='word_1_327' title='bbox 267 3877 404 3962; x_wconf 85' lang='lat' dir='ltr'>quiequid</span> <span class='ocrx_word' id='word_1_328' title='bbox 427 3887 558 3939; x_wconf 88' lang='lat' dir='ltr'>creatum</span> <span class='ocrx_word' id='word_1_329' title='bbox 585 3887 649 3952; x_wconf 84' lang='lat' dir='ltr'>est,</span> <span class='ocrx_word' id='word_1_330' title='bbox 682 3874 808 3937; x_wconf 90' lang='lat' dir='ltr'>creatori</span> <span class='ocrx_word' id='word_1_331' title='bbox 827 3897 881 3939; x_wconf 92' lang='lat' dir='ltr'>sno</span> <span class='ocrx_word' id='word_1_332' title='bbox 905 3876 1046 3940; x_wconf 90' lang='lat' dir='ltr'>dissimile</span> <span class='ocrx_word' id='word_1_333' title='bbox 1069 3887 1132 3957; x_wconf 78' lang='lat' dir='ltr'>cst3</span> <span class='ocrx_word' id='word_1_334' title='bbox 1168 3876 1283 3940; x_wconf 89' lang='lat' dir='ltr'>tametsi</span> <span class='ocrx_word' id='word_1_335' title='bbox 1301 3896 1355 3960; x_wconf 88' lang='lat' dir='ltr'>per</span> 
     </span>
     <span class='ocr_line' id='line_1_37' title="bbox 188 3974 1354 4064; baseline -0.002 -19"><span class='ocrx_word' id='word_1_336' title='bbox 188 3980 313 4064; x_wconf 70' lang='lat' dir='ltr'>gratiam</span> <span class='ocrx_word' id='word_1_337' title='bbox 332 3979 464 4044; x_wconf 88' lang='lat' dir='ltr'>nonnihil</span> <span class='ocrx_word' id='word_1_338' title='bbox 480 3978 672 4041; x_wconf 90' lang='lat' dir='ltr'>assimiletur.</span> <span class='ocrx_word' id='word_1_339' title='bbox 718 3974 758 4039; x_wconf 87' lang='lat' dir='ltr'>Et</span> <span class='ocrx_word' id='word_1_340' title='bbox 772 3988 890 4039; x_wconf 89' lang='lat' dir='ltr'>creator</span> <span class='ocrx_word' id='word_1_341' title='bbox 911 3978 973 4062; x_wconf 88' lang='lat' dir='ltr'>ipse</span> <span class='ocrx_word' id='word_1_342' title='bbox 992 3979 1035 4042; x_wconf 89' lang='lat' dir='ltr'>rei</span> <span class='ocrx_word' id='word_1_343' title='bbox 1053 3998 1119 4042; x_wconf 88' lang='lat' dir='ltr'>ase</span> <span class='ocrx_word' id='word_1_344' title='bbox 1134 3987 1251 4041; x_wconf 89' lang='lat' dir='ltr'>creatae</span> <span class='ocrx_word' id='word_1_345' title='bbox 1267 3978 1354 4043; x_wconf 87' lang='lat' dir='ltr'>dissi-</span> 
     </span>
     <span class='ocr_line' id='line_1_38' title="bbox 189 4077 1356 4166; baseline -0.002 -20"><span class='ocrx_word' id='word_1_346' title='bbox 189 4081 265 4146; x_wconf 80' lang='lat' dir='ltr'>milis</span> <span class='ocrx_word' id='word_1_347' title='bbox 287 4092 352 4160; x_wconf 85' lang='lat' dir='ltr'>est,</span> <span class='ocrx_word' id='word_1_348' title='bbox 387 4082 521 4166; x_wconf 83' lang='lat' dir='ltr'>quemvis</span> <span class='ocrx_word' id='word_1_349' title='bbox 542 4080 633 4145; x_wconf 87' lang='lat' dir='ltr'>variis</span> <span class='ocrx_word' id='word_1_350' title='bbox 659 4101 722 4143; x_wconf 87' lang='lat' dir='ltr'>eam</span> <span class='ocrx_word' id='word_1_351' title='bbox 749 4077 896 4142; x_wconf 86' lang='lat' dir='ltr'>coloribus</span> <span class='ocrx_word' id='word_1_352' title='bbox 916 4079 1062 4165; x_wconf 87' lang='lat' dir='ltr'>perpolire</span> <span class='ocrx_word' id='word_1_353' title='bbox 1087 4079 1263 4158; x_wconf 86' lang='lat' dir='ltr'>contendat;</span> <span class='ocrx_word' id='word_1_354' title='bbox 1297 4081 1356 4144; x_wconf 89' lang='lat' dir='ltr'>uisi</span> 
     </span>
     <span class='ocr_line' id='line_1_39' title="bbox 189 4179 1416 4268; baseline -0.002 -19"><span class='ocrx_word' id='word_1_355' title='bbox 189 4184 314 4268; x_wconf 73' lang='lat' dir='ltr'>effigiem</span> <span class='ocrx_word' id='word_1_356' title='bbox 331 4183 476 4267; x_wconf 85' lang='lat' dir='ltr'>quandam</span> <span class='ocrx_word' id='word_1_357' title='bbox 494 4197 524 4247; x_wconf 89' lang='lat' dir='ltr'>et</span> <span class='ocrx_word' id='word_1_358' title='bbox 540 4183 789 4248; x_wconf 86' lang='lat' dir='ltr'>adumbrationem</span> <span class='ocrx_word' id='word_1_359' title='bbox 805 4179 835 4243; x_wconf 92' lang='lat' dir='ltr'>iu</span> <span class='ocrx_word' id='word_1_360' title='bbox 854 4201 889 4242; x_wconf 88' lang='lat' dir='ltr'>eo</span> <span class='ocrx_word' id='word_1_361' title='bbox 906 4182 982 4264; x_wconf 91' lang='lat' dir='ltr'>quod</span> <span class='ocrx_word' id='word_1_362' title='bbox 996 4201 1173 4267; x_wconf 78' lang='lat' dir='ltr'>expressum</span> <span class='ocrx_word' id='word_1_363' title='bbox 1190 4192 1237 4246; x_wconf 87' lang='lat' dir='ltr'>est</span> <span class='ocrx_word' id='word_1_364' title='bbox 1252 4181 1354 4247; x_wconf 87' lang='lat' dir='ltr'>inesse</span> <span class='ocrx_word' id='word_1_365' title='bbox 1412 4181 1416 4187; x_wconf 76' lang='grc'><strong>’</strong></span> 
     </span>
     <span class='ocr_line' id='line_1_40' title="bbox 188 4315 1355 4454; baseline -0.003 -15"><span class='ocrx_word' id='word_1_366' title='bbox 188 4317 603 4450; x_wconf 46' lang='lat' dir='ltr'>delituistis?</span> <span class='ocrx_word' id='word_1_367' title='bbox 616 4335 755 4438; x_wconf 54' lang='lat' dir='ltr'>stitit..</span> <span class='ocrx_word' id='word_1_368' title='bbox 788 4315 1355 4454; x_wconf 56' lang='lat' dir='ltr'>istittittttittttttnfm·</span> 
     </span>
     <span class='ocr_line' id='line_1_41' title="bbox 188 4447 1354 4525; baseline -0.001 -18"><span class='ocrx_word' id='word_1_369' title='bbox 188 4453 267 4507; x_wconf 87' lang='lat' dir='ltr'>lilium</span> <span class='ocrx_word' id='word_1_370' title='bbox 297 4453 339 4506; x_wconf 85' lang='lat' dir='ltr'>dei</span> <span class='ocrx_word' id='word_1_371' title='bbox 369 4454 536 4523; x_wconf 81' lang='lat' dir='ltr'>unusquisque</span> <span class='ocrx_word' id='word_1_372' title='bbox 571 4454 754 4525; x_wconf 85' lang='lat' dir='ltr'>praedictorum</span> <span class='ocrx_word' id='word_1_373' title='bbox 823 4454 847 4506; x_wconf 89' lang='grc'>3.</span> <span class='ocrx_word' id='word_1_374' title='bbox 873 4447 979 4519; x_wconf 78' lang='grc' dir='ltr'>αἐτερῑω</span> <span class='ocrx_word' id='word_1_375' title='bbox 1004 4455 1041 4519; x_wconf 85' lang='lat' dir='ltr'>(at</span> <span class='ocrx_word' id='word_1_376' title='bbox 1063 4456 1135 4505; x_wconf 85' lang='lat' dir='ltr'>etium</span> <span class='ocrx_word' id='word_1_377' title='bbox 1156 4458 1181 4504; x_wconf 88' lang='lat' dir='ltr'>in</span> <span class='ocrx_word' id='word_1_378' title='bbox 1204 4457 1254 4505; x_wconf 88' lang='lat' dir='ltr'>cod.</span> <span class='ocrx_word' id='word_1_379' title='bbox 1273 4457 1354 4506; x_wconf 80' lang='lat' dir='ltr'>tmo</span> 
     </span>
    </p>
   </div>
   <div class='ocr_carea' id='block_1_3' title="bbox 188 4521 1328 4661">
    <p class='ocr_par' dir='ltr' id='par_1_5' title="bbox 188 4521 1328 4661">
     <span class='ocr_line' id='line_1_42' title="bbox 188 4521 1269 4592; baseline -0.002 -19"><span class='ocrx_word' id='word_1_380' title='bbox 188 4521 318 4585; x_wconf 77' lang='lat' dir='ltr'>decrerit,</span> <span class='ocrx_word' id='word_1_381' title='bbox 343 4532 370 4574; x_wconf 87' lang='lat' dir='ltr'>et</span> <span class='ocrx_word' id='word_1_382' title='bbox 385 4523 499 4592; x_wconf 82' lang='lat' dir='ltr'>spiritum</span> <span class='ocrx_word' id='word_1_383' title='bbox 520 4535 634 4575; x_wconf 71' lang='lat' dir='ltr'>asomum</span> <span class='ocrx_word' id='word_1_384' title='bbox 656 4533 756 4573; x_wconf 87' lang='lat' dir='ltr'>creatu·</span> <span class='ocrx_word' id='word_1_385' title='bbox 790 4537 820 4572; x_wconf 87' lang='lat' dir='ltr'>tn.</span> <span class='ocrx_word' id='word_1_386' title='bbox 836 4537 873 4586; x_wconf 81' lang='lat' dir='ltr'>pr.</span> <span class='ocrx_word' id='word_1_387' title='bbox 892 4522 964 4584; x_wconf 72' lang='lat' dir='ltr'>samse</span> <span class='ocrx_word' id='word_1_388' title='bbox 981 4524 1085 4591; x_wconf 84' lang='lat' dir='ltr'>videtur)</span> <span class='ocrx_word' id='word_1_389' title='bbox 1103 4524 1153 4573; x_wconf 84' lang='lat' dir='ltr'>cod.</span> <span class='ocrx_word' id='word_1_390' title='bbox 1172 4524 1269 4587; x_wconf 74' lang='lat' dir='ltr'>tttmtp.</span> 
     </span>
     <span class='ocr_line' id='line_1_43' title="bbox 188 4585 1328 4661; baseline -0.003 -20"><span class='ocrx_word' id='word_1_391' title='bbox 188 4607 244 4641; x_wconf 89' lang='lat' dir='ltr'>ram</span> <span class='ocrx_word' id='word_1_392' title='bbox 260 4599 389 4642; x_wconf 85' lang='lat' dir='ltr'>creaturae</span> <span class='ocrx_word' id='word_1_393' title='bbox 411 4590 559 4654; x_wconf 84' lang='lat' dir='ltr'>docuerant,</span> <span class='ocrx_word' id='word_1_394' title='bbox 584 4589 675 4661; x_wconf 85' lang='lat' dir='ltr'>partim</span> <span class='ocrx_word' id='word_1_395' title='bbox 695 4607 756 4642; x_wconf 81' lang='lat' dir='ltr'>sero</span> <span class='ocrx_word' id='word_1_396' title='bbox 824 4589 848 4642; x_wconf 75' lang='lat' dir='ltr'>l.</span> <span class='ocrx_word' id='word_1_397' title='bbox 867 4585 969 4659; x_wconf 73' lang='grc' dir='ltr'>ὖῑιάρχη</span> <span class='ocrx_word' id='word_1_398' title='bbox 986 4592 1053 4643; x_wconf 75' lang='lat' dir='ltr'>codd</span> <span class='ocrx_word' id='word_1_399' title='bbox 1071 4605 1126 4643; x_wconf 85' lang='lat' dir='ltr'>mas.</span> <span class='ocrx_word' id='word_1_400' title='bbox 1144 4596 1165 4642; x_wconf 82' lang='lat' dir='ltr'>et</span> <span class='ocrx_word' id='word_1_401' title='bbox 1181 4592 1235 4643; x_wconf 86' lang='lat' dir='ltr'>edit.</span> <span class='ocrx_word' id='word_1_402' title='bbox 1250 4592 1328 4655; x_wconf 78' lang='lat' dir='ltr'>prins.</span> 
     </span>
    </p>
   </div>
   <div class='ocr_carea' id='block_1_4' title="bbox 1079 4674 1150 4744">
    <p class='ocr_par' dir='ltr' id='par_1_6' title="bbox 1079 4674 1150 4744">
     <span class='ocr_line' id='line_1_44' title="bbox 1079 4674 1150 4744; baseline 0.014 -1"><span class='ocrx_word' id='word_1_403' title='bbox 1079 4674 1150 4744; x_wconf 83' lang='grc'>13*</span> 
     </span>
    </p>
   </div>
   <div class='ocr_carea' id='block_1_5' title="bbox 0 0 1552 5070">
    <p class='ocr_par' dir='ltr' id='par_1_7' title="bbox 0 0 1552 5070">
     <span class='ocr_line' id='line_1_45' title="bbox 0 0 1552 5070; baseline 0 0"><span class='ocrx_word' id='word_1_404' title='bbox 0 0 1552 5070; x_wconf 95' lang='lat' dir='ltr'> </span> 
     </span>
    </p>
   </div>
  </div>
 </body>
</html>
