3096 5070
270 246 332 313 378
696 260 1007 313 ειυοτιαειειειοιι

268 379 320 442 καί
336 379 577 462 Μαρκιωνισταλ,
607 379 659 444 καί
683 375 768 444 άλλαι
789 379 931 463 αίρέσεις,
960 376 1003 460 μή
1019 374 1114 459 σάρκα
1137 377 1220 465 αὐτῷ
1246 374 1429 460 προςάπτειν

268 479 461 563 βουλόμενοι,
494 483 545 546 ἵνα
574 480 616 564 μη
644 479 800 546 έλάττωσιν
829 488 865 569 τῇ
888 481 1010 561 θεότηιι
1041 479 1134 544 αὐτοῦ
1165 479 1426 563 περιποιήσαντας.

133 578 341 648 Ν·1019·’Λλλ’
355 582 392 647 οό
408 581 483 647 κατά
499 581 552 664 την
566 591 624 649 τοῖν
642 580 816 667 άνθράπων
839 581 980 665 βούλησιν
997 579 1017 664 ἡ
1034 578 1160 665 άλήθεια
1184 585 1240 665 ἔχει
1262 580 1316 664 τὴν
1334 581 1428 647 δόνα-

268 710 334 766 μιν,
362 681 436 749 άλλά
457 684 533 750 κατά
552 684 607 767 την
629 683 721 768 αότῆς
743 682 1007 769 διακυβερνητικήν
1027 689 1137 765 σοφίαν
1157 688 1210 750 καί
1233 683 1430 768 οἰκονομικὴν

268 783 482 870 άκαταληψίαν.
531 792 641 855 Τοίνυν
663 785 750 871 ἡμῶν
771 786 866 864 οὕτως
889 784 1129 873 δμολογοόντων,
1158 789 1209 851 καί
1228 784 1270 869 μὴ
1285 787 1359 852 κατά
1373 786 1429 854 τόν

270 896 442 972 Μανιχαῖον
458 888 585 973 έχόνιων
607 890 657 966 (οδ
681 891 767 975 χάριν
787 888 843 975 γάρ
867 891 980 965 έκεῖνος
1002 888 1105 968 δόσει,
1136 891 1234 955 δοκῶν
1249 892 1291 964 είς
1305 892 1431 956 ἔπαινον

272 998 403 1077 Χριστοῦ
417 991 511 1076 σάρκα
525 994 618 1078 λέγειν
635 991 727 1058 αότόν
744 989 786 1075 μη
804 994 968 1074 είληφέναι,
997 988 1069 1056 άλλά
1094 996 1201 1074 μᾶλλον
1219 997 1270 1073 τῆς
1286 989 1431 1075 άληθείας

268 1103 413 1173 πεσεῖται,
445 1095 565 1176 δοκήσει
581 1091 735 1180 ὁμολογῶν
747 1092 803 1177 τὴν
817 1096 961 1177 ένσαρκον
978 1101 1111 1180 Χριστοῦ
1124 1100 1314 1179 παρουσίαν),
1345 1091 1429 1160 οὕτω

269 1198 321 1263 καί
336 1198 368 1262 έν
386 1203 427 1283 τῷ
447 1195 573 1281 παρόντι
587 1205 650 1272 τοῖς
662 1193 815 1281 ἡμετέροις
829 1194 969 1276 άδελφοῖς
986 1199 1065 1262 έσται
1082 1193 1103 1277 ἦ
1117 1199 1302 1282 χυδαιολσγία
1317 1201 1432 1278 ματαία

268 1297 352 1384 χάρις
366 1296 564 1383 τυγχάνουσα·
587 1295 771 1384 άμολόγηται
789 1297 845 1385 γάρ
862 1297 930 1384 παρ’
947 1297 1049 1374 αότοῖς
1063 1323 1094 1363 τε
1109 1301 1161 1364 καί
1177 1295 1246 1383 παρ’
1261 1295 1349 1380 ἡμῖν,
1373 1296 1430 1364 έάν

269 1398 310 1482 μὴ
326 1403 455 1467 θέλωσιν
477 1404 582 1487 έτέρως
603 1410 742 1484 φρονεῖν,
773 1401 879 1476 καθάς
902 1426 978 1477 τινες
997 1400 1137 1476 πολλάκις
1159 1398 1211 1465 άπ’
1227 1400 1329 1466 αὐτῶν
1344 1399 1430 1479 όντες

268 1503 399 1569 έάλωσαν
421 1504 603 1587 πιεζόμενοι,
634 1501 684 1568 διά
705 1510 792 1569 τοῦτο
819 1506 869 1568 καί
893 1500 1067 1589 άρνοόμενοι
1091 1502 1187 1588 σάρκα
1210 1499 1359 1586 άληθινῆν
1374 1502 1431 1570 τόν

271 1603 400 1687 Χριστόν
428 1607 594 1687 εἰληφέναι,
628 1603 670 1682 ω’ς
691 1602 752 1671 άνω
772 1633 823 1689 μοι
847 1609 960 1689 εἴρηται
987 1604 1033 1672 ότι
1051 1607 1127 1681 τινές
1151 1603 1313 1688 έτόλμησαν
1334 1608 1430 1693 λέγειν

269 1704 430 1791 δμσοάσιον
457 1704 531 1774 τίνοι
551 1707 605 1791 την
623 1706 719 1793 σάρκα
739 1715 775 1798 τῇ
798 1705 890 1773 αότοῦ
908 1706 1038 1791 θεότητι.
1077 1705 1151 1772 Ἀλλ’
1174 1710 1279 1775 έκεῖνοι
1301 1710 1355 1792 μέν
1370 1735 1430 1774 πα·

271 1812 518 1894 ρεκβαλέσθωσαν
535 1808 577 1886 άς
598 1808 802 1896 μεταγνόντες,
831 1813 881 1875 καί
897 1813 1078 1896 ἐλεηθέντες
1095 1813 1144 1877 έπλ
1158 1818 1199 1898 τῷ
1215 1810 1340 1900 τοιοότφ
1350 1810 1428 1880 διο·

271 1912 384 1996 πήματι
406 1910 489 1998 παρά
512 1921 575 1988 τοῖς
594 1914 662 1998 περί
684 1910 794 1996 σαρκός
816 1914 848 1978 έν
865 1913 968 1989 αὐτοῖς
987 1921 1084 1989 καλῶς
1099 1921 1254 1998 φρονοῦσι.
1300 1914 1430 1994 Πάντως

239 2060 241 2065 ,
269 2012 324 2102 γάρ
346 2040 407 2080 που
428 2012 446 2082 ό
468 2013 557 2091 αότός
578 2011 787 2099 εδλαβέστατος
806 2012 1012 2100 Ἀπολινάριος
1033 2016 1091 2081 οὐκ
1112 2014 1278 2102 άρνήσεται.

132 2520 256 2591 ΚῑΜί·
355 2531 398 2593 El
414 2532 515 2594 τοίνυν
540 2526 637 2612 σάρκα
659 2531 780 2611 ιίληφεν
803 2526 902 2595 έλθάν
923 2526 941 2594 ό
962 2527 1063 2614 λόγος,
1091 2531 1143 2596 καί
1165 2523 1223 2593 άπό
1240 2528 1364 2612 Μαρίας
1388 2526 1421 2590 έν

269 2632 413 2720 άληθείμ,
435 2633 492 2698 αιἰκ
509 2631 570 2698 άπό
587 2633 754 2714 σπέρματος
771 2629 895 2716 άνδρός,
918 2630 990 2695 ιἰλλά
1004 2629 1055 2696 διά
1070 2630 1235 2714 πνεύματος
1251 2627 1352 2717 άγίου,
1376 2629 1422 2712 έχ-

267 2737 454 2816 κυμονηθείς
479 2735 512 2799 δέ
532 2737 564 2800 έν
587 2729 729 2821 άληθείμ,
757 2735 809 2797 καί
832 2732 1078 2816 άναπλασάμενος
1101 2737 1249 2815 ιέαυτοῦ,
1281 2730 1322 2810 ός
1338 2728 1424 2809 θεός,

268 2838 322 2902 καί
336 2835 467 2919 πλάστης
490 2834 533 2902 σόν
554 2842 609 2902 τοῦ
626 2833 883 2920 ’πρωτοπλάστου
901 2833 1067 2918 άνθράπου
1082 2838 1135 2901 καλ
1154 2835 1290 2914 πάντων,
1318 2832 1377 2919 άρα
1393 2857 1426 2918 γε

268 2938 326 3005 οδκ
342 2937 499 3022 ἠλαττόθη
515 2936 613 3003 έλθοίν
628 2936 647 3003 ό
662 2935 761 3024 λόγος,
792 2933 852 3001 άλλ’
868 2940 979 3020 ἔμεινεν
996 2941 1027 3004 έν
1044 2945 1080 3028 τῇ
1098 2942 1159 3027 ίδίμ
1176 2939 1313 3026 ’άτρέπτφ
1328 2934 1426 3019 φόσει.

273 3040 319 3107 Οδ
337 3040 394 3126 γάρ
412 3039 511 3123 λαβοίν
529 3038 584 3122 την
602 3038 698 3123 σάρκα
713 3038 827 3125 τροπήν
849 3037 978 3122 όπέστη,
1008 3038 1049 3116 οός
1066 3038 1225 3123 όμοοάσισς
1247 3047 1311 3128 θεῷ
1325 3039 1426 3123 πατρί,

268 3145 320 3208 καλ
336 3144 393 3209 οὐκ
413 3142 566 3227 άλλότριος
581 3141 663 3227 παρά
679 3139 732 3207 τόν
756 3143 869 3225 πατέρα
884 3144 936 3207 καί
957 3141 990 3208 τό
1007 3142 1092 3228 άγιον
1108 3143 1203 3208 αὐτοῦ
1216 3149 1342 3224 πνεῦμα.
1386 3142 1432 3204 El

269 3250 370 3311 τοίνυν
385 3243 569 3330 όμολόγηται
584 3251 689 3324 σαφῶς
703 3242 799 3327 σάρκα
814 3242 906 3309 αὐτόν
921 3246 1071 3326 εἰληφέναι
1080 3295 1089 3324 ,
1110 3247 1160 3310 καί
1175 3242 1345 3330 ἡδρόνθαι,
1368 3240 1430 3327 άρα

270 3345 327 3414 οδιι
346 3346 431 3423 έκτδς
447 3354 546 3430 ψυχῆς
562 3345 696 3432 τυγχάνει
710 3353 784 3426 (πᾶν
799 3345 855 3431 γάρ
869 3345 902 3412 τό
920 3344 1138 3432 άδρυνόμενον,
1160 3347 1237 3429 πλὴν
1250 3354 1310 3412 τῶν
1325 3343 1432 3426 άκινή-

270 3440 344 3529 των,
375 3453 407 3516 έκ
426 3457 526 3533 ψυχῆς
549 3452 600 3515 καὶ
623 3448 757 3531 στόματος
779 3451 963 3536 συνέστηκε),
994 3449 1068 3515 κατά
1092 3448 1125 3515 τό
1143 3451 1311 3534 εἰρημένον,
1340 3445 1380 3511 ‘0
1394 3446 1433 3512 δέ

265 3551 383 3635 Ἰησοῦς
400 3554 582 3638 προέκοπτεν
604 3554 636 3617 έν
659 3555 752 3639 σοφία
777 3553 829 3615 καί
846 3549 961 3640 ἡλικία·
993 3554 1043 3616 ἵνα
1068 3556 1148 3642 δείξη
1169 3549 1224 3633 τὴν
1242 3548 1359 3633 ἡλικίαν
1376 3548 1434 3615 διά

270 3653 322 3737 τὴν
336 3653 439 3740 σάρκα.
481 3652 595 3720 Ἡλικία
618 3655 650 3718 δέ
666 3651 727 3718 άπό
747 3661 799 3736 τῆς
824 3661 939 3737 ψυχῆς,
973 3651 1015 3729 σός
1029 3657 1122 3736 ἔφην,
1154 3655 1204 3718 καί
1227 3652 1363 3735 σόματος
1383 3677 1435 3718 τε·

269 3764 408 3824 λειοῦται.
454 3756 543 3823 Μειά
558 3757 590 3822 δέ
603 3755 636 3821 τό
655 3758 761 3832 εἰπεῖν,
795 3758 986 3841 Προέκοπτεν
999 3755 1114 3845 ἡλικίᾳ,
1145 3754 1324 3830 άκολοόθως
1340 3758 1434 3838 φησὶ,

272 3861 332 3924 Καί
348 3863 448 3949 σοφία.
491 3857 525 3924 ‘0
540 3857 583 3924 όν
601 3859 634 3924 δέ
653 3862 745 3939 σοφία
758 3858 887 3944 πατρός,
917 3867 982 3935 πῶς
1006 3861 1188 3944 προέκοπτεν
1208 3860 1240 3923 έν
1263 3860 1373 3945 σοφίμ,
1405 3861 1438 3924 εί

128 3998 181 4044 m.
194 3983 252 4032 ιοιε.
272 3960 424 4046 άλλότριον
447 3955 485 4045 ἦν
504 3961 537 4028 τό
553 3968 659 4037 σκεῦος
680 3969 734 4026 νοῦ
749 3961 960 4046 άνθρωπίνσυς
991 3965 1041 4028 καί
1056 3964 1084 4026 εί
1098 3959 1170 4026 άνευ
1191 3961 1262 4036 νοός
1282 3957 1436 4044 έτόγχανε,

269 4072 334 4142 πῶς
351 4068 443 4145 σοφία
460 4068 491 4131 έν
507 4071 591 4154 ψυχῇ
612 4066 664 4129 καλ
681 4062 794 4146 σάματι
810 4065 991 4149 προέκοπτες
1037 4066 1098 4130 Καί
1116 4061 1190 4149 όρᾶς
1210 4062 1289 4144 πόση
1307 4066 1351 4136 τίς
1368 4063 1438 4130 έστι

303 4273 530 4325 cn.xxv{1.-
567 4270 831 4336 1.έαυτοῡ,ίκίιλιρι
898 4272 922 4321 λ
940 4268 1125 4339 πρωτοαλάστα
1139 4275 1223 4323 vitium
1243 4274 1276 4321 ιιί
1289 4270 1326 4319 ιδ
1345 4270 1437 4324 Ριίαυ.

270 4336 361 4405 σάρκα.
396 4344 508 4405 Suspicor
531 4347 610 4392 οαιιοι
631 4339 714 4410 ἑαυτῷ
732 4355 780 4391 ωει
796 4353 833 4390 τι·
870 4341 948 4391 Goion.
966 4346 1036 4402 repet.

267 4411 421 4461 scribendum.
