3096 5070
407 293 542 346 ennean
561 292 623 344 ere.
635 293 678 344 nr.
696 292 806 345 rous.
824 291 922 345 osen.
934 291 1054 345 exxnr.
1075 288 1078 299 ·
1255 272 1296 344 89

141 412 273 500 qnoniam
292 415 405 476 oerdnm
421 417 609 498 earosoctnm
626 425 678 475 est.
713 413 789 476 ldem
806 424 902 476 entem
920 411 1006 475 homo
1022 433 1079 474 non
1100 421 1176 492 erat,
1194 421 1297 497 quate·

140 539 193 582 nos
209 529 374 581 ceterorum
394 538 475 580 more
492 530 577 578 natns
594 537 651 577 runo
668 516 780 594 luerat,
814 515 870 578 hoc
886 525 931 577 est
945 535 961 576 e
977 513 1052 576 virili
1070 524 1152 590 satu,
1177 525 1208 577 et
1223 515 1296 579 utei-

141 641 232 706 usque
248 620 454 684 coniunctione
469 639 574 683 sextus.
620 620 661 683 lta
679 619 771 695 lilius,
803 617 851 702 qni
869 616 986 679 saccula
1010 617 1169 679 antecessit
1183 616 1294 696 omnia,

139 725 211 786 dens
229 733 292 800 est,
317 733 461 806 quatenns
480 721 524 782 dei
540 720 632 797 tilius,
658 719 777 805 perinde
793 730 879 802 atque
896 718 981 781 horreo
999 730 1060 797 est,
1084 730 1228 802 qnatenus
1245 720 1296 783 lto·

139 825 226 889 nuituis
245 825 339 902 fitium
374 825 426 886 sed
444 844 501 885 non
522 822 597 885 idem
616 833 663 885 est
681 822 799 885 omnino
818 843 883 884 com
902 821 956 884 deo
974 832 1075 906 patre,
1107 842 1199 906 aqrro
1213 821 1296 905 genri-

140 939 187 992 tus
206 938 270 1003 est3
303 925 542 1011 quamadmodum
566 946 623 988 non
642 925 719 986 idem
738 936 783 988 est
800 947 864 988 cnm
881 924 997 987 tremine
1013 935 1155 1008 quotenus
1172 923 1238 987 sine
1253 923 1297 986 ni·

140 1031 185 1094 rili
205 1042 271 1092 sato
287 1039 334 1091 est
351 1049 385 1090 ac
405 1028 552 1112 voluptate
576 1040 765 1112 propagatos.
812 1024 890 1090 ldem
915 1032 1010 1089 corne's
1031 1032 1145 1106 peccati
1159 1030 1292 1089 rtinr'le'tn-
1304 1042 1433 1102 noman

139 1138 231 1195 dinem
255 1133 371 1205 lodur't5
404 1131 635 1215 qrraudoquidern
663 1132 784 1208 lumem,
819 1131 916 1206 sitim,
949 1150 1133 1193 aesomnrnn
1160 1129 1188 1191 in
1207 1150 1296 1192 carere

139 1235 295 1311 tolerarit,
329 1232 433 1316 quibus
457 1232 661 1296 allectionibus
686 1234 720 1296 ad
746 1234 922 1316 peccandum
950 1254 1073 1320 corpora
1098 1232 1295 1295 concitantur.

140 1335 251 1400 Verum
267 1337 335 1398 licet
353 1336 449 1398 cornis
464 1336 636 1399 affectiones
650 1336 792 1399 eiusmodi
811 1336 988 1413 sustineret,
1015 1334 1132 1397 minime
1148 1347 1244 1398 tannen
1261 1333 1297 1398 ab

139 1440 175 1503 iis
193 1440 227 1501 ad
246 1440 421 1521 peccandum
440 1438 581 1523 impulsos
598 1449 655 1501 est.
702 1436 814 1500 Eodem
832 1440 917 1501 modo
935 1439 1013 1501 liliers
1030 1460 1047 1500 a
1067 1448 1149 1520 petre
1165 1437 1296 1520 genitus,

139 1563 174 1605 ac
187 1542 232 1604 dei
248 1545 337 1604 torma
356 1542 504 1626 praeditus
519 1540 709 1625 aequalisque
724 1542 778 1603 deo
797 1541 956 1604 divinitatis
974 1544 1167 1624 proprietates
1185 1540 1295 1618 haberit,

140 1656 238 1729 utpote
255 1646 388 1729 corporis
408 1645 568 1708 secundnm
586 1643 744 1707 essentiam
761 1664 887 1727 expers,
920 1665 954 1707 ac
972 1643 1045 1726 patri
1065 1642 1216 1705 divinitate
1235 1642 1297 1727 ipsa

140 1757 169 1809 et
187 1748 359 1832 incorporea
384 1746 551 1809 cornlitiona
577 1755 607 1808 et
630 1745 746 1830 actione
765 1745 886 1823 sienilis3
917 1746 1037 1831 perinde
1060 1766 1095 1807 ae
1112 1743 1216 1808 similis
1234 1754 1299 1808 erat

140 1851 257 1927 carreis,
291 1862 435 1933 qeratenns
452 1870 522 1912 caro
538 1848 606 1925 luit,
641 1859 671 1910 et
689 1847 787 1909 caenis
806 1849 959 1932 passiones
977 1846 1117 1931 suscepit.
1162 1845 1232 1910 Non
1254 1858 1297 1908 ta·

139 1975 205 2016 men
230 1953 304 2015 idem
330 1962 376 2014 est
398 1951 535 2028 ornrnino,
568 1950 704 2034 qnoniam
725 1971 779 2033 qna
796 1951 868 2013 dens
888 1961 950 2028 est,
983 1971 1040 2012 non
1061 1952 1153 2013 torma
1173 1949 1218 2012 dci
1238 1961 1297 2026 εει,

138 2057 189 2119 εει
208 2056 298 2118 deus:
333 2075 386 2116 nec
408 2053 539 2137 aequalis
558 2053 631 2130 deo,
662 2055 713 2115 sed
734 2054 823 2129 deus,
856 2074 951 2137 neque
971 2052 1136 2137 principalis
1156 2062 1187 2114 nt
1201 2064 1296 2138 pater.

140 2157 411 2242 Quemadmodum,
428 2156 511 2238 -qund
529 2158 562 2218 ad
580 2146 806 2240 propensionem
827 2155 855 2218 in
875 2167 1025 2240 peceatum
1044 2156 1186 2241 pertinet,
1212 2154 1298 2217 horren

140 2282 197 2322 non
218 2269 280 2336 εει,
312 2259 363 2321 εει
382 2257 499 2321 actione
516 2257 623 2319 homini
645 2257 760 2321 similis.
808 2262 972 2336 (lecoeem'm
986 2261 1170 2339 suce'tpoter,
1203 2262 1451 2334 conmeantum.

136 2366 211 2446 sact't
225 2374 254 2423 ει
266 2365 363 2442 filins.
413 2358 493 2444 Ergo
516 2359 561 2422 llic
584 2360 693 2445 absque
721 2361 833 2445 peccati
856 2361 994 2424 illeoelrra
1017 2360 1153 2424 similiter
1173 2370 1260 2443 atque
1279 2359 1300 2422 ii

140 2465 187 2549 qni
209 2485 298 2527 cartre
325 2464 446 2547 praediti
472 2473 540 2525 sinn
564 2463 749 2526 incitabatur.
797 2463 964 2527 Absortium
990 2472 1036 2526 εει
1055 2464 1131 2525 enim
1156 2462 1235 2526 illum
1262 2463 1298 2526 ab

140 2568 265 2630 naturali
282 2578 358 2630 stntn
376 2569 411 2629 ael
428 2587 492 2629 cnm
509 2565 557 2649 qui
576 2576 691 2647 praeter
706 2577 838 2630 staturam
858 2577 920 2644 est,
945 2586 1012 2629 esse
1029 2565 1218 2650 perductum,
1244 2566 1300 2629 lunc

140 2681 182 2733 est
204 2669 293 2732 lilium
315 2669 440 2731 honnuis
459 2689 474 2728 e
493 2670 548 2730 deo
567 2670 673 2731 laetum
692 2669 727 2730 iis
745 2692 867 2752 quornm
886 2669 1027 2731 rinturnlis
1051 2677 1097 2731 est
1118 2667 1173 2730 iste
1191 2678 1298 2746 status,

140 2771 320 2834 nntrrrnlibns
335 2771 452 2856 inqerom
469 2770 649 2848 bonrriniltus,
673 2770 702 2833 in
720 2793 755 2832 en
773 2773 847 2856 qnod
872 2783 987 2855 praeter
1001 2781 1134 2833 naturam
1150 2791 1232 2833 sennen
1250 2771 1300 2833 ltu-

141 2873 226 2936 bebat
239 2874 361 2936 similem
384 2873 492 2950 luisse,
525 2874 554 2936 in
574 2895 610 2935 eo
631 2896 702 2936 vern
719 2876 795 2958 qnod
820 2874 875 2959 ipsi
897 2874 1028 2937 naturale
1044 2884 1090 2937 est
1107 2872 1249 2936 nntnrnlis
1265 2873 1300 2935 il·

141 2976 197 3038 lnm
225 2976 315 3061 patris
339 2998 396 3039 nnn
421 2996 487 3038 esse
512 2975 656 3051 similem,
689 2998 753 3041 cnm
777 2977 919 3060 originem
944 2980 1015 3039 deris
1040 2997 1056 3038 a
1077 2978 1132 3038 deo
1160 2977 1297 3039 traxerit.

140 3078 210 3141 lllnd
228 3099 299 3140 vero
326 3077 409 3162 plane
433 3089 565 3157 constat,
598 3077 646 3162 qui
672 3080 796 3142 similem
820 3078 949 3142 essentia
971 3078 1044 3162 patri
1064 3080 1153 3141 lilium
1176 3090 1297 3162 negaret,

138 3201 175 3243 ne
194 3179 283 3243 lelium
303 3181 417 3264 quidem
432 3181 511 3243 illum
533 3181 633 3259 lateri,
658 3183 709 3245 sed
727 3195 891 3244 creaturam
909 3183 1068 3256 duntaxat,
1094 3192 1205 3266 patrem
1226 3202 1299 3245 nero

138 3306 195 3346 non
224 3294 353 3367 patrem,
385 3287 436 3345 εει
462 3292 637 3346 creatorem.
685 3282 800 3368 Quippe
823 3283 1020 3348 similitudinis
1048 3284 1109 3368 ipsa
1134 3283 1215 3345 notio
1240 3304 1298 3346 non

138 3406 173 3447 eo
194 3387 282 3449 lilium
309 3387 425 3448 adducit
449 3396 480 3448 ut
500 3387 576 3449 idem
602 3387 722 3450 cornino
748 3409 812 3449 cerm
840 3399 921 3471 patre
943 3387 998 3463 sit,
1029 3388 1080 3450 sed
1100 3396 1131 3449 ut
1149 3388 1242 3451 eidem
1261 3387 1301 3452 sit

138 3489 265 3549 essentia
284 3488 405 3565 similis,
437 3500 467 3550 et
485 3500 516 3551 ut
533 3490 568 3552 ab
588 3489 652 3572 ipso
672 3490 834 3574 procedens
852 3509 988 3551 arcarium
1008 3488 1152 3571 quandam
1169 3511 1233 3553 cum
1250 3490 1299 3553 illo

138 3589 358 3669 gernreuitntem
378 3589 519 3653 obtineat.
565 3589 662 3670 Nem,
687 3603 717 3655 ut
734 3591 809 3654 idem
827 3593 922 3654 denuo
939 3601 1086 3675 repetem,
1111 3594 1300 3674 quemadmo-

138 3689 204 3749 dum
230 3709 293 3749 cnm
316 3690 442 3754 leontinis
469 3713 503 3754 ac
523 3693 621 3755 carnis
640 3695 751 3777 peccati
773 3693 990 3757 similitudinem
1015 3703 1153 3775 gereret,
1187 3716 1245 3756 uon
1262 3716 1299 3758 eo

138 3790 279 3852 deductus
296 3799 342 3852 est
357 3790 432 3854 idem
451 3803 482 3855 nt
501 3815 565 3855 cum
584 3794 700 3859 homine
717 3818 838 3880 prorsus
859 3799 954 3875 loret,
978 3798 1030 3860 εει
1051 3806 1081 3858 ut
1098 3806 1219 3858 naturae
1235 3817 1300 3860 car·

139 3894 184 3957 nis
203 3901 282 3955 esset
299 3892 421 3970 similis,
453 3903 485 3956 ut
501 3916 538 3957 eu
558 3896 594 3956 iis
612 3917 688 3978 quae
712 3897 852 3961 haetenus
875 3900 951 3961 dicta
972 3908 1041 3960 sinn
1062 3910 1192 3979 apparet.
1239 3897 1300 3962 Eo·

136 3998 201 4060 dem
220 3996 305 4058 niodo
324 3994 402 4059 lilius
419 3996 512 4081 patri,
544 4017 561 4058 a
577 4017 634 4079 quo
655 3999 773 4079 genitos
788 4009 852 4076 est,
885 3999 1013 4064 essentia
1036 3999 1140 4062 similis
1166 4021 1247 4064 suam
1265 4001 1299 4065 il-

137 4099 192 4162 lam
213 4098 370 4162 essentiam
397 4120 454 4161 non
473 4099 508 4161 ad
530 4099 710 4162 identitatem
730 4112 912 4185 compatre,
944 4103 995 4165 sed
1029 4102 1064 4164 ed
1081 4101 1297 4168 similitudinem

137 4203 288 4287 perdocet.

221 4302 355 4387 Quodsi
384 4305 448 4388 quis
473 4305 570 4369 mnudi
594 4304 757 4391 sapientiae
784 4305 915 4384 deditus,
951 4328 1034 4391 quiam
1060 4308 1131 4376 deus
1156 4309 1298 4374 stultitiae
1317 4328 1424 4399 cepx.

168 4475 193 4525 5.
212 4476 328 4537 Resertprt
342 4472 403 4534 θεὸς
416 4491 445 4527 ec
460 4479 574 4526 emendat.
591 4480 699 4530 comant
765 4475 791 4530 6.
808 4476 853 4531 nal
869 4473 932 4533 εἶναι
951 4482 1036 4534 vittnn
1052 4486 1085 4535 cst
1099 4482 1137 4536 ed.
1155 4485 1235 4536 Pelen.
1255 4484 1299 4533 co·

134 4547 203 4606 otone
217 4545 318 4598 Petenti.
354 4546 420 4596 ln'trrt
436 4547 521 4597 debent
534 4543 602 4609 ἵεις.
730 4550 776 4600 len.
792 4553 862 4612 repet.
