3096 5070
389 275 664 329 annuntiemur.
682 276 763 330 ron.
777 277 808 327 n.
825 274 1069 328 aarauxxrrr.
1242 262 1306 327 337

150 396 314 476 attulerint,
347 396 404 460 uisi
426 407 459 460 ut
483 395 622 459 tumultus
637 416 672 460 ac
690 396 854 460 simultates
873 404 902 457 ct
918 394 1035 457 dolores
1054 397 1131 457 iuter
1150 414 1205 457 nos
1223 394 1305 457 exci-

151 502 255 581 tarint,
288 510 464 583 mutuaeque
492 496 668 561 concordiae
695 497 886 580 caritatisque
910 496 1086 560 suavitatem
1110 496 1304 561 extorserint.

151 602 265 690 Quippe
292 603 456 666 divinarum
478 600 689 683 scripturarum
714 600 947 663 consentientem
973 619 1008 660 ac
1031 607 1142 663 rectu·
1161 599 1304 679 ordinem,

149 718 180 770 et
194 706 381 770 innocentiae
399 703 632 788 professionem,
664 723 699 764 ac
717 701 935 787 propheticam,
969 699 1170 784 evangelicam
1191 711 1219 764 et
1238 722 1308 787 apo-

148 810 281 873 stolicam
299 808 384 870 lidem
400 805 585 889 negligentes
604 803 780 890 sophisticas
808 803 892 867 nobis
920 803 1052 888 argutias
1070 824 1105 866 ac
1124 803 1237 866 labulas
1257 803 1309 867 ob·

149 920 319 988 trusernnt,
349 906 454 992 quibus
474 906 603 970 infinitas
628 904 713 969 nobis
740 907 923 970 calamitates
951 906 1130 983 attulerunt,
1165 916 1253 989 atque
1279 905 1309 968 in

149 1012 256 1097 seipsis
273 1010 398 1096 apostoli
414 1009 520 1072 dictum
538 1009 606 1072 illud
622 1008 832 1094 impleverunt:
857 1011 999 1090 Dipter'eirt
1012 1013 1124 1090 qnidam
1140 1031 1157 1070 o
1172 1029 1243 1070 sono
1259 1012 1309 1069 do·
1322 1023 1462 1080 autnon

150 1120 260 1189 eutha,
285 1116 460 1175 attendentes
478 1113 587 1191 subules
607 1124 638 1174 et
657 1113 787 1174 cannabus
809 1117 905 1193 napi.

237 1214 386 1299 Egregius
404 1215 453 1279 ille
472 1235 508 1277 au
528 1214 705 1301 venerabilis
724 1235 838 1292 senex,
873 1235 959 1298 quem
985 1235 1039 1278 nos
1065 1225 1095 1277 et
1121 1213 1225 1276 beatae
1249 1232 1310 1276 me·
1329 1215 1434 1284 Cap-1¹·

153 1319 265 1382 moriae
284 1339 355 1402 papa
370 1315 569 1394 Athanasius,
593 1317 652 1380 imo
669 1337 742 1381 vero
759 1317 896 1380 catholici
913 1337 1017 1381 omnes
1035 1317 1120 1380 unice
1139 1316 1309 1393 dileximus,

154 1421 355 1505 Apollinariue
370 1417 558 1483 Laodicenos
575 1418 661 1483 huius
676 1420 822 1503 dogmatis
835 1430 938 1483 auctor
953 1441 987 1483 ae
1004 1429 1181 1505 propagator
1195 1417 1306 1481 extitit.

153 1523 200 1585 Au
219 1522 361 1608 principio
377 1523 492 1606 quidem
513 1543 578 1585 cum
596 1521 624 1584 id
642 1521 726 1585 nobis
742 1521 875 1585 nonnulli
894 1543 933 1585 ex
954 1523 1017 1586 eius
1040 1521 1188 1606 discipulis
1210 1540 1312 1584 narra·

153 1635 237 1704 rent,
268 1624 351 1688 bdem
376 1646 434 1688 uon
458 1623 653 1703 habebamus,
692 1644 787 1707 ueqne
811 1623 970 1688 verisimile
996 1624 1166 1708 putabamus
1189 1644 1205 1686 a
1229 1632 1311 1686 tauto

152 1728 218 1792 viro
235 1747 365 1791 errorem
382 1727 526 1791 eiusmodi
544 1728 718 1812 profectum.
765 1723 868 1810 ltaque
891 1726 1028 1790 nonnulla
1048 1725 1141 1789 adhuc
1158 1729 1310 1793 meliorum

152 1851 205 1915 spe
227 1829 373 1916 patienter
397 1829 638 1914 expectavimus,
668 1829 762 1892 donec
786 1849 848 1891 rem
874 1849 989 1892 omnem
1012 1842 1148 1893 accurate
1171 1830 1312 1915 cognovi-

152 1953 241 2001 mus..
276 1930 341 1996 lloo
359 1931 435 1995 euim
454 1931 633 2008 dicebamus,
658 1931 815 2016 discipulos
832 1931 911 1994 illins
928 1932 976 2017 qui
993 1937 1028 1995 ad
1043 1954 1097 1996 nos
1113 1934 1309 2011 ventitabant,

153 2057 218 2100 cum
238 2054 274 2097 ea
292 2034 409 2098 minime
433 2046 572 2119 caperent
594 2054 669 2118 quae
687 2034 723 2097 ab
741 2034 855 2100 erudito
878 2034 928 2098 illo
945 2055 980 2097 ac
998 2035 1125 2118 sapienti
1142 2036 1208 2099 viro
1226 2056 1312 2121 prae·

153 2148 272 2222 ceptore
293 2157 349 2201 suo
366 2136 500 2201 abstrusa
518 2158 553 2200 ae
577 2136 729 2200 recondita
751 2138 971 2221 proferrentur,
1004 2137 1147 2200 eiusmodi
1167 2139 1309 2222 quaedam

153 2240 277 2304 linxisse
291 2238 348 2302 sibi
361 2259 437 2324 quae
449 2238 486 2303 ab
500 2239 550 2304 illo
563 2260 711 2324 nunquam
724 2240 897 2304 didicerant.
916 2299 919 2302 ι
942 2237 1123 2303 Praesertim
1141 2261 1206 2303 rum
1221 2239 1312 2303 multa

151 2318 330 2413 mhlos
361 2343 409 2426 qui
443 2364 497 2406 uos
524 2343 645 2407 adibant
684 2343 852 2428 opinionum
880 2342 1008 2406 varietas
1040 2352 1132 2406 esset.
1194 2340 1311 2428 Quippe

151 2444 286 2523 nulli
301 2465 338 2508 eo
353 2445 501 2528 progressi
519 2456 587 2509 sunt
604 2455 636 2509 ut
652 2441 801 2509 Christum
817 2466 923 2530 corpus
942 2465 959 2509 e
975 2445 1059 2508 coelo
1076 2444 1217 2507 detulisse
1232 2446 1311 2508 dice·

153 2556 238 2625 ml,
270 2567 345 2630 quae
370 2546 496 2610 absurda
522 2547 735 2633 peregrinaque
761 2548 1000 2611 comminiscendi
1023 2547 1141 2611 lieentia
1165 2545 1312 2610 hominnm

154 2649 248 2712 semel
261 2648 366 2712 animis
381 2648 515 2712 incidens
529 2649 564 2712 ad
580 2650 718 2732 graviora
736 2650 946 2735 acerbioraque
962 2650 1118 2736 processit.
1148 2648 1224 2712 atii
1240 2669 1313 2712 vero

157 2747 307 2815 Christum
324 2749 450 2815 animam
466 2752 662 2836 assumpsisse
677 2764 873 2836 negaverunt.
909 2752 1035 2836 Quidam
1050 2754 1180 2817 eiusdem
1199 2747 1314 2815 Christi

157 2872 264 2938 corpus
288 2848 706 2923 divinitafltconsnbstantiale
730 2876 788 2917 nou
813 2854 980 2919 dubitarunt
1001 2875 1150 2919 asserere.
1197 2850 1313 2934 Quibus

157 2954 326 3039 opinionum
341 2955 484 3039 portentis
499 2956 643 3020 orientem
659 2978 837 3042 magnopere
854 2959 1080 3043 perturbaruutq
1104 2967 1223 3042 propter
1239 2975 1313 3040 quos

159 3056 279 3119 conllari
308 3059 453 3142 synodum
481 3078 605 3122 necesse
635 3057 708 3139 luit,
745 3059 933 3144 eiusdemque
959 3062 1079 3124 decreto
1110 3058 1312 3122 oorrdemnari.

160 3156 328 3240 Quinetiam
354 3161 554 3224 commentarii
578 3161 693 3245 quidem
718 3162 891 3248 praescripti
915 3174 1000 3242 sunt,
1034 3183 1156 3247 quornm
1180 3161 1316 3247 exempla

159 3261 195 3325 ad
213 3258 251 3325 B.
267 3258 312 3326 M.
331 3282 434 3348 papam
451 3263 646 3329 Athanasium
665 3264 754 3328 missa
770 3275 857 3344 sunt3
890 3264 1074 3350 quibus'illis
1097 3263 1316 3328 commentariis

159 3364 300 3428 adductus
319 3374 365 3429 est
383 3375 414 3429 ut
429 3366 572 3431 adversos
589 3368 755 3452 dogmatum
777 3368 894 3432 illorum
918 3378 1083 3432 assertores
1102 3366 1232 3431 minaces
1252 3365 1318 3428 lite-

159 3487 210 3531 ras
223 3467 259 3530 ad
271 3466 470 3531 venerabilem
486 3466 653 3555 episcopum
663 3468 828 3556 Epictetum
845 3472 1002 3547 scriberet,
1017 3490 1105 3554 aquo
1121 3479 1240 3553 rogatus
1254 3470 1317 3532 lue·

161 3579 209 3631 rat
225 3579 256 3632 ut
273 3569 456 3654 tempestatis
472 3571 551 3637 illius
567 3592 602 3634 ac
616 3574 754 3637 tumultus
765 3573 934 3638 auctoribus
953 3574 1158 3659 responderet.
1205 3569 1317 3653 Quam·

161 3670 262 3734 ubrem
287 3671 317 3734 iu
340 3671 442 3735 eadem
462 3672 586 3757 epistola
604 3675 640 3737 de
661 3675 716 3738 lide
742 3676 895 3762 perspicue
920 3686 1115 3759 accurateque
1138 3673 1242 3737 beatus
1268 3672 1317 3737 ille

161 3773 319 3853 disseruit3
343 3784 374 3837 et
388 3774 454 3838 illos
469 3796 613 3839 novorum
629 3777 794 3860 dogmatum
811 3790 1022 3863 propagatores
1038 3778 1317 3864 perturbatoresque

161 3877 344 3962 proscripsit.
398 3872 492 3942 Cuius
526 3878 668 3964 epistolae
695 3878 841 3963 integrum
878 3882 1046 3966 exemplum
1072 3879 1119 3943 hic
1148 3879 1317 3944 adscribere

161 3980 361 4044 necessarium
384 4000 452 4044 esse
474 3981 558 4045 duxi.
604 3978 661 4045 Est
683 3991 780 4044 autem
804 3981 959 4046 eiusmodi.

195 4115 220 4170 3.
243 4112 345 4185 γράφας
364 4119 473 4170 mendose
494 4121 619 4169 acimum
641 4123 675 4170 eet
699 4120 725 4168 tn
742 4119 796 4170 edr't.
814 4119 895 4170 Pctus.
914 4120 992 4170 Geton

220 4591 307 4663 Carpus
317 4603 455 4650 fleereseol.
472 4602 504 4648 ll.
516 4602 537 4646 t.
