3096 5070
323 338 336 361 ἡ
436 285 574 339 rancun
593 282 1093 338 utn.1u.rou.u.nann.1.xxx
1278 273 1340 333 477

188 416 252 475 rn'm
268 407 499 485 consuetudine,
529 404 578 491 qni
597 404 627 468 in
645 405 783 489 coningio
802 404 957 482 vixerunt,
980 403 1149 488 deprompta
1165 400 1294 466 iustitiae
1311 414 1341 466 ct

190 513 350 576 honestatis
367 511 443 573 ratio
462 510 581 594 patitur.
629 504 689 572 Sed
705 526 780 570 unns
796 508 939 570 duntaxat
955 527 1020 569 cnm
1038 526 1094 568 nna
1110 504 1274 569 consociari
1292 507 1342 569 de·

188 614 257 694 bet,
291 625 323 677 nt
344 614 476 677 Adanaus
500 631 566 673 cum
589 607 674 688 Eva,
708 607 783 673 Sara
807 630 872 673 cnm
895 608 1085 685 Abrabam,
1115 604 1252 670 Rebecca
1276 629 1341 671 cnm

188 713 294 780 lsaaco
322 715 455 800 copulata
478 714 597 798 legitur.
642 710 721 775 Nam
749 712 805 774 etsi
828 712 942 795 quidam
966 708 1133 796 epatribus
1155 710 1226 772 duas
1243 720 1343 772 tresve

187 839 300 882 uxores
326 816 499 894 habuerint,
531 836 590 877 nou
615 814 769 877 incudem
796 814 863 877 illae
886 815 972 876 domn
996 814 1124 876 luerunt.
1167 809 1247 874 Nam
1272 811 1344 876 baec

189 920 298 1004 alioqui
317 921 410 982 torma
430 917 655 1000 coniunctioque
678 916 775 1001 porcis
796 937 830 978 ac
848 915 1005 1001 pecudibus
1022 913 1171 977 convenit.
1217 914 1260 977 At
1277 915 1344 978 bae·

189 1020 277 1085 retici
294 1021 387 1085 nostri
404 1020 545 1083 maiorem
562 1018 648 1083 nobis
664 1029 812 1104 stuporem
830 1018 973 1095 uiderunt,
998 1017 1045 1101 qui
1062 1037 1127 1078 curn
1143 1015 1214 1078 nibil
1232 1037 1265 1080 se
1279 1039 1343 1080 cnrn

190 1122 361 1186 mulieribus
380 1121 489 1184 babere
507 1141 661 1184 commune
681 1120 893 1206 profiteantur,
925 1119 1104 1183 econtrario
1129 1129 1224 1181 tamen
1249 1121 1343 1203 turpia

190 1245 323 1309 quaeque
342 1245 376 1288 ac
395 1223 518 1288 ridicula
533 1222 693 1308 impensius
712 1233 897 1310 perpetrant,
929 1234 958 1285 et
978 1233 1142 1285 extremam
1160 1241 1243 1285 sunm
1261 1222 1345 1306 igno·
1375 1230 1378 1238 ⁴

192 1326 310 1390 minium
330 1328 500 1390 ostendunt.
553 1324 672 1390 Etenim
695 1327 720 1389 si
747 1346 858 1389 uxores
880 1325 1022 1390 habereut
1045 1323 1086 1387 illi
1106 1324 1263 1409 separatim
1286 1345 1343 1388 non

192 1430 359 1515 promiscue
386 1428 494 1491 babere
522 1428 586 1491 illas
609 1427 774 1512 oportebat.
828 1424 879 1505 Si,
913 1427 1047 1511 inquam,
1079 1424 1217 1509 coningio
1247 1437 1348 1490 essent

191 1530 343 1608 obstricti,
368 1531 452 1593 aclas
467 1541 530 1593 erat
544 1529 601 1593 viri
616 1551 680 1593 cum
698 1529 820 1593 mnlicre
837 1530 1067 1614 copulationem,
1091 1550 1177 1613 quarn
1195 1529 1267 1593 deus
1279 1550 1343 1593 cuna

191 1631 270 1695 omni
288 1632 448 1711 modestia,
472 1631 617 1716 gravitate
635 1652 670 1695 ac
689 1633 840 1716 prudentia
864 1631 1046 1695 coniunctam
1064 1631 1207 1709 instituit,
1239 1642 1344 1717 sponte

190 1755 243 1798 ana
258 1733 288 1796 in
307 1734 431 1797 medium
450 1735 584 1818 prolerre
604 1754 639 1797 ac
659 1735 839 1818 patefacere.
886 1730 972 1816 Quod
991 1735 1016 1797 si
1037 1755 1054 1797 a
1071 1734 1240 1798 mulieribus
1255 1734 1344 1798 absti-

191 1846 263 1899 nent
286 1835 437 1914 nonnulli,
472 1834 519 1919 qni
549 1835 751 1899 castimoniam
780 1834 836 1900 sibi
860 1857 894 1898 ac
918 1835 1138 1922 temperantium
1170 1835 1341 1912 indixerint,

85 1946 87 1948 ’
191 1960 276 2024 qnam
294 1938 402 2001 babent
417 1937 556 2000 iustitiam
574 1959 627 2024 per
644 1959 784 2002 summam
800 1937 988 2001 stoliditatem
1006 1949 1035 2000 et
1051 1939 1193 2002 honestae
1211 1939 1288 2004 vitae
1303 1941 1345 2003 di·

190 2041 341 2127 aciplinam
357 2062 410 2125 per
422 2040 666 2104 inconsideratam
681 2041 758 2104 illam
768 2061 975 2125 manuumque
988 2041 1134 2104 licentium
1151 2042 1345 2125 ignominiose

190 2146 356 2207 traducunt.
402 2140 485 2206 Nibil
501 2143 578 2206 enim
597 2141 739 2207 eiusmodi
763 2154 813 2206 ant
829 2141 953 2229 apostoli
968 2164 1093 2228 unquam
1112 2146 1263 2224 lecerunt,
1295 2156 1346 2209 ant

189 2257 259 2310 ante
281 2246 431 2331 apostolos
454 2245 614 2330 propbetaa
636 2246 865 2310 constituerunt.

275 2345 336 2410 lano
356 2369 429 2411 vero
445 2345 570 2432 Moyses
587 2346 616 2411 in
639 2349 758 2412 deserto
779 2370 896 2412 carmen
915 2370 999 2413 sunm
1018 2349 1177 2413 concinens
1199 2349 1344 2413 canticum
1363 2373 1478 2443 (Μ,

189 2451 246 2514 deo
269 2450 435 2514 modulatur
456 2470 474 2512 a
495 2449 567 2512 mari
594 2450 762 2534 digressus:
795 2456 961 2527 Cantemus,
995 2452 1104 2536 inquit,
1129 2456 1257 2527 dommo,
1278 2456 1464 2532 glo-scaeua,
1478 2478 1498 2522 ι.

189 2559 265 2616 ricae
285 2559 358 2616 earm
381 2554 581 2633 magnificatur
603 2565 664 2614 est:
704 2575 803 2633 aqum
826 2566 857 2615 et
874 2576 1048 2616 ascensorem
1077 2558 1178 2616 deabcd
1200 2557 1229 2614 a'n
1252 2575 1339 2617 mare.
1483 2544 1485 2550 ’

189 2655 280 2738 Atqui
298 2666 356 2718 tnm
375 2655 447 2718 viris
464 2654 664 2718 recinentibus
682 2655 819 2719 mulieres
836 2655 871 2719 ab
889 2655 945 2720 illis
961 2657 1134 2736 abluerunt,
1159 2667 1190 2720 ut
1204 2660 1343 2744 pudorem

190 2757 418 2840 modestiamque
436 2758 671 2836 demonstraret,
704 2768 733 2820 et
748 2769 779 2821 ut
795 2759 911 2821 divinae
926 2759 999 2844 legis
1015 2759 1190 2843 gravitatem
1208 2782 1243 2825 ac
1259 2763 1345 2826 disci—

191 2857 297 2944 plinam
313 2860 494 2922 ostenderet.
540 2856 643 2942 Pergit
659 2878 730 2923 vero
752 2860 873 2941 deinde,
903 2865 998 2924 Martia
1013 2886 1103 2944 porro
1119 2875 1278 2945 tympanum
1296 2887 1345 2927 su·

191 2981 285 3034 mear,
317 2961 447 3041 prnea'dat
470 2963 652 3036 mult‘era'das,
690 2974 720 3023 et
737 2965 865 3038 dr'cedat,
899 2968 1046 3027 Cantemus
1061 2970 1188 3040 damaim,
1218 2971 1345 3048 gloriose

191 3066 264 3122 enam
284 3065 481 3142 magnificatur
498 3076 549 3126 est.
598 3059 655 3129 Cui
681 3065 818 3129 mulieres
838 3066 899 3152 pari
922 3068 1007 3130 modo
1028 3069 1236 3150 succinebant,
1270 3091 1345 3156 quaa

192 3174 276 3227 etex
295 3165 396 3228 eodem
411 3177 475 3228 erat
486 3187 608 3250 genere,
630 3178 660 3231 et
677 3169 888 3253 quodammodo
902 3191 991 3255 snpra
1004 3181 1118 3236 ceteras
1131 3173 1293 3254 eminebat3
1315 3184 1345 3238 nt

191 3265 240 3329 vel
256 3286 295 3329 ea
312 3266 366 3329 boc
383 3287 440 3329 uno
464 3268 628 3353 imperitum
650 3264 686 3334 ac
702 3270 845 3356 plebeium
864 3272 979 3336 illorum
997 3275 1149 3338 consilinm
1166 3276 1345 3341 institutum-

192 3388 250 3452 qua
267 3368 420 3431 refellatur
439 3370 486 3452 qui
511 3372 659 3457 peregrini
677 3373 821 3457 dogmatis
844 3375 976 3457 pudenda
995 3374 1044 3437 illa
1061 3397 1096 3439 ac
1113 3378 1225 3442 notaria
1243 3400 1346 3465 perpe·

192 3464 282 3532 mant.
325 3469 376 3533 'Ad
396 3468 468 3532 baec
484 3472 519 3534 de
537 3476 755 3538 resurrectione
771 3475 912 3561 propbeta
931 3476 973 3540 sic
989 3477 1132 3562 loquitur:
1156 3485 1198 3542 ΕΙ
1207 3485 1500 3562 plangeremus

194 3573 340 3647 cabutam,-
365 3574 457 3634 tridua
472 3596 509 3635 ea
523 3578 641 3636 adverso
658 3579 767 3653 tribaca
792 3581 883 3641 tra'dus
895 3583 1011 3641 Nathan
1023 3604 1079 3661 per
1092 3605 1168 3657 sese,
1199 3595 1228 3644 et
1241 3605 1346 3646 umores

193 3676 308 3735 illorum
325 3679 461 3750 scoram,-
494 3677 585 3737 tra'bus
600 3681 671 3739 Iuda
683 3701 738 3759 per
752 3702 829 3755 sese,
860 3694 1008 3744 etuuores
1022 3687 1135 3746 illorum
1150 3690 1268 3748 seorsim
1285 3697 1342 3750 etc.

193 3772 245 3840 Sic
268 3787 298 3839 et
322 3776 446 3861 apostoli
466 3778 610 3841 ecclesiae
637 3781 904 3866 praescripserunt3
937 3805 991 3847 uec
1019 3806 1076 3847 non
1104 3796 1134 3848 et
1156 3787 1290 3852 dominns
1315 3789 1345 3852 in

192 3879 346 3963 evangalio
368 3879 518 3943 mandavit
541 3891 572 3943 et
593 3881 623 3943 in
650 3902 707 3943 una
733 3882 818 3946 nobis
841 3887 1006 3970 exemplum
1034 3887 1182 3974 praebuit,
1216 3912 1281 3953 cum
1307 3890 1346 3954 ita

190 3977 307 4045 Mariae
323 3981 416 4045 dixit:
437 3986 509 4044 Noti
519 4005 562 4044 me
575 3995 710 4064 tangere,
727 3989 848 4047 noudum
861 3992 932 4048 euim
944 3994 1061 4051 accendi
1070 3996 1109 4052 ud
1117 4004 1228 4072 patrem
1243 4016 1342 4056 meum.
1376 4013 1454 4061 tonan

191 4079 238 4147 lta
256 4106 344 4170 porro
359 4083 446 4149 Gicai
467 4087 502 4149 nd
522 4082 734 4150 sunamitidem
752 4089 897 4153 accedens
924 4091 1060 4154 seminam
1078 4094 1209 4176 repellit,
1244 4117 1281 4160 ne
1298 4117 1346 4161 or·
1359 4066 1485 4175 rilindi}

192 4186 288 4250 dinem
308 4187 450 4267 violaret,
481 4208 516 4252 ac
534 4190 738 4276 prophetarum
758 4191 893 4255 instituto
914 4194 1117 4258 contumeliam
1135 4198 1258 4262 iaceret.
1303 4198 1346 4262 tta

192 4289 333 4374 propbeta
349 4290 455 4374 spiritu
469 4303 571 4356 sancto
586 4291 743 4358 instinctus
757 4294 858 4358 dolore
873 4297 1036 4360 conlectam
1052 4319 1120 4363 esse
1132 4295 1345 4365 Sunamitidem

228 4457 288 4508 (lar.
306 4460 351 4509 tx.
371 4490 403 4499 -
440 4463 461 4514 l.
487 4463 675 4524 „llullncinatio
693 4471 752 4516 cat“
819 4467 1154 4534 sacramentaneus
1167 4465 1346 4526 mandandus·

191 4528 218 4577 tu
233 4530 341 4591 maratus
357 4531 481 4595 adsumsit
499 4534 618 4585 Petuntur.
787 4531 915 4602 {teipsum
