3096 5070
381 293 521 346 romanu
539 292 601 344 ura.
615 294 660 344 ru.
678 293 760 346 rora.
779 292 799 343 r.
817 289 919 343 mann.
937 293 1060 344 cxxvi.
1241 275 1300 344 193

138 413 235 477 odiam
252 413 419 499 iampridem
440 415 596 492 foverent,
619 413 762 476 eiusmodi
779 412 858 476 illum
874 433 985 496 genere
1006 411 1109 476 mortis
1126 412 1303 476 affecerunt.

139 511 235 599 Quem
252 516 367 581 adeius
392 538 494 580 casum
517 516 823 592 commemorandum,
856 526 887 579 ει
905 514 1120 578 atrocissimum
1147 514 1217 577 illud
1235 536 1304 600 sup·
1339 593 1343 610 .

137 617 276 705 plicium,
309 640 366 703 quo
392 621 492 683 statim
512 629 600 702 atquc
618 617 717 681 audita
737 614 905 682 Constantii
929 638 1009 681 mors
1025 628 1089 697 est,
1119 617 1155 679 ab
1172 617 1305 681 Alexan·

136 719 230 785 deicis
259 721 456 807 interemptus
481 730 545 799 est,
581 721 658 784 nulla
688 720 746 783 alia
775 720 932 784 occasione
959 742 1024 783 sum
1051 720 1193 783 deductus
1218 739 1305 802 quam

137 823 215 908 quod
237 823 274 888 dc
295 823 388 888 aeuo
416 824 618 908 disputandum
646 822 731 886 nobis
761 832 858 900 esset,
893 822 942 906 qui
964 822 1000 886 ab
1023 823 1073 886 illo
1095 823 1236 886 diaconas
1258 832 1305 885 est

137 925 305 990 ordinatos.
1200 930 1203 937 ’

223 1025 282 1092 llic
298 1027 392 1112 iqimr
406 1026 512 1091 Attius
529 1027 564 1091 ad
581 1027 708 1091 adultam
726 1037 852 1090 aetatem
876 1048 967 1111 nsque
984 1037 1153 1091 exterarum
1174 1025 1301 1113 discipli·
1321 1040 1381 1109 cip
1392 1042 1424 1092 11.

138 1149 263 1208 aarum,
296 1130 503 1209 atimarraat,
535 1131 589 1194 fuit
611 1129 730 1194 omuino
757 1130 849 1193 rudis.
896 1128 1031 1193 Tandem
1056 1149 1130 1192 vero
1149 1151 1213 1192 oum
1232 1130 1305 1193 Aie-

97 1270 99 1273 -
139 1231 287 1295 aendriaa
305 1231 499 1296 Aristotelico
523 1232 636 1296 cuidam
658 1231 830 1317 philosopho
850 1253 885 1296 ac
904 1231 1054 1316 sophistae
1079 1244 1219 1297 navasset
1235 1254 1305 1318 ope-

141 1350 222 1412 ram,
246 1333 393 1419 abeoquo
412 1334 591 1398 dialectica·
607 1334 776 1414 didicisset,
808 1345 888 1398 totus
905 1335 935 1397 in
951 1334 1020 1397 illud
1039 1333 1189 1413 incubuit,
1214 1346 1246 1398 nt
1262 1336 1305 1398 di·

140 1433 275 1498 vinarum
297 1455 395 1499 rerum
422 1437 565 1501 rationem
587 1458 704 1500 omnem
728 1436 898 1521 quibusdam
926 1436 1027 1520 liguris
1053 1436 1229 1521 explicaret.
1274 1438 1305 1500 ld

141 1538 217 1621 quod
237 1559 351 1602 summo
368 1538 398 1602 in
418 1540 478 1604 otio
493 1560 511 1602 a
528 1539 622 1625 prima
646 1540 711 1602 lnce
733 1540 769 1602 ad
788 1560 942 1624 vesperam
967 1559 1060 1622 usque
1085 1540 1193 1602 sedens
1217 1540 1306 1625 perti-

61 1647 64 1653 '
139 1640 205 1703 nuci
223 1661 311 1726 opera
329 1642 546 1720 contendebatq
579 1642 716 1705 nimirum
740 1653 771 1703 ut
789 1641 986 1724 geometricas
1004 1642 1114 1725 figuras
1134 1641 1249 1705 divinas
1268 1642 1303 1705 ad

138 1762 189 1805 ros
204 1745 387 1823 tractandas,
420 1744 600 1808 deliniendos
614 1744 820 1827 doceodasque
839 1745 1028 1806 transferret.
1074 1741 1173 1827 Atque
1189 1754 1221 1807 ut
1236 1762 1304 1807 sese

139 1843 170 1907 in
187 1845 368 1909 Arianorum
386 1858 497 1909 sectam
516 1846 602 1910 altius
625 1846 830 1924 immerserat,
861 1856 890 1908 ct
904 1846 1037 1908 insanam
1057 1845 1123 1907 Arii
1143 1846 1304 1909 doctrinam

139 1946 298 2026 hauserat,
329 1949 445 2012 illorum
469 1949 549 2013 velut
565 1948 680 2012 alimoto
699 1948 823 2032 quodam
841 1948 998 2031 attrituque
1018 1947 1105 2029 longe
1121 1947 1307 2031 pestilentior

97 2101 99 2104 ,
140 2050 254 2128 erasit,
278 2060 308 2113 et
326 2050 469 2113 adversus
484 2051 532 2113 dei
548 2049 654 2128 tilium,
679 2070 713 2114 ac
729 2050 862 2134 spiritum
879 2060 1012 2113 sanctum
1028 2050 1157 2133 linguam
1176 2071 1259 2113 suam
1274 2052 1304 2115 in

139 2151 204 2215 dies
222 2153 354 2216 exacuit.
400 2149 461 2217 Sed
478 2175 495 2215 a
513 2151 660 2217 nonnullis
676 2153 712 2216 ad
732 2150 938 2218 Constantiam
962 2152 1075 2214 delatus
1093 2151 1123 2213 in
1142 2151 1304 2215 subiectam

139 2253 245 2318 Tauro
269 2253 361 2318 monti
383 2254 534 2337 regionem
558 2255 717 2338 relegatur.
765 2255 806 2318 lbi
825 2254 1018 2338 perniciosam
1038 2275 1120 2317 suam
1139 2256 1303 2319 doctrinam

135 2353 223 2441 longe
238 2357 356 2440 lateque
376 2358 568 2441 propagarit,
592 2377 626 2420 aa
646 2356 737 2442 palam
756 2368 786 2419 et
803 2343 1200 2441 audacterperlrictioriquc
1216 2379 1302 2442 quam

135 2468 222 2522 antea
247 2461 345 2522 fronte
371 2459 595 2523 acerbissimum
623 2459 735 2523 erroris
760 2459 839 2523 illius
865 2481 949 2543 quern
973 2471 1147 2523 evomuerat
1169 2459 1252 2522 virus
1273 2461 1304 2524 in

136 2561 263 2624 medium
283 2561 349 2624 sinc
365 2562 424 2626 ulla
439 2560 661 2626 intermissione
679 2562 810 2646 protulit.
857 2564 958 2626 Ausus
976 2572 1023 2626 εει
1038 2562 1115 2625 enim
1133 2559 1305 2624 dissimilem

136 2663 338 2747 padri-lilium,
370 2683 426 2726 uec
448 2665 572 2727 eundem
596 2663 750 2727 divinitate
775 2684 842 2728 csse
862 2685 927 2727 com
950 2664 1000 2728 illo
1023 2663 1165 2749 protiteri.
1210 2660 1303 2746 Atqui

138 2783 175 2827 ne
201 2785 257 2828 nos
282 2765 397 2849 quidem
419 2765 609 2830 similitudine
637 2766 702 2851 ipsa
731 2787 909 2851 magnopere
938 2767 1069 2831 nitimur.
1115 2763 1231 2850 Quippe
1255 2762 1306 2848 qui

138 2864 168 2930 in
185 2867 258 2947 lilio,
281 2867 309 2930 si
324 2889 388 2930 cum
405 2878 488 2952 patre
505 2869 687 2946 conferatur,
712 2867 901 2931 similitudine
919 2869 1051 2952 quiddam
1072 2867 1196 2953 amplius
1213 2887 1305 2951 agno-

139 2970 268 3050 scimus,
301 2989 338 3032 co
356 2971 433 3054 qood
449 2970 525 3033 idem
546 2970 699 3033 diuinitate
719 2971 758 3033 sit
771 2981 802 3033 et
819 2971 967 3055 aequalis,
1003 2991 1058 3033 nec
1077 2970 1135 3033 ullo
1159 2969 1245 3032 modo
1262 2969 1305 3032 di·

138 3091 258 3158 versus.
303 3066 445 3135 Ceterum
461 3071 517 3135 etsi
536 3071 675 3157 pleraque
694 3072 850 3135 assimilari
867 3073 922 3135 deo
940 3073 1092 3151 dicantur,
1118 3083 1302 3150 nontamen,

67 3203 71 3215 ·
138 3175 164 3238 si
183 3173 411 3258 de‘acqualitate
431 3175 603 3258 loquamur,
637 3176 738 3238 eadem
764 3197 828 3237 oum
853 3174 1005 3237 divinitate
1029 3186 1109 3238 sunt.
1157 3171 1304 3237 Sicenim

137 3276 227 3341 ltumo
246 3280 286 3338 ad
301 3281 451 3357 maginem
472 3281 521 3338 dei
539 3280 802 3357 similitudinemque
814 3281 932 3359 factam,
966 3298 1025 3340 non
1049 3278 1127 3341 idem
1154 3298 1219 3342 cum
1243 3276 1295 3342 illo
1316 3304 1376 3348 aaa
1390 3305 1411 3360 ι,
1424 3304 1458 3349 st.

140 3378 318 3464 aequalitate
334 3390 392 3442 cst.
439 3377 490 3443 Sic
508 3402 628 3461 regnum
647 3382 787 3440 coelorum
807 3402 901 3460 gracco
916 3384 1024 3460 senapis
1038 3384 1130 3441 saint'lc
1147 3390 1211 3459 est,
1244 3401 1304 3443 nom
1330 3405 1417 3453 nme,

141 3494 239 3546 tamen
254 3501 375 3566 manum
397 3482 465 3545 illud
483 3482 559 3545 idem
579 3491 625 3544 cst
646 3503 710 3545 cum
735 3502 844 3567 regno,
878 3504 933 3545 neo
950 3483 1081 3545 eiusdem
1100 3504 1165 3546 cum
1184 3483 1234 3546 illo
1252 3504 1304 3546 na·
1338 3460 1371 3513 η’
1384 3460 1418 3504 ⁸¹·

141 3595 225 3648 turae
247 3582 393 3668 particeps
416 3595 473 3647 est.
520 3586 597 3648 ldem
621 3595 774 3669 praeterea
795 3599 917 3667 regnum
945 3585 1032 3650 modo
1048 3587 1298 3666 secmenta'saim'le,
1340 3611 1427 3658 m,

139 3687 228 3749 modo
257 3689 350 3747 decem
372 3691 531 3767 m'rgaiaam,
567 3687 655 3749 modo
683 3690 901 3767 patrisfamilias
922 3688 1077 3751 asseritur.
1130 3684 1217 3769 Quod
1239 3685 1303 3769 qui·
1327 3721 1353 3760 ,ς
1388 3664 1432 3761 ”q

140 3788 206 3852 dem
225 3789 261 3852 dc
280 3786 484 3867 similitudine,
519 3810 577 3852 non
601 3789 703 3851 eadem
728 3787 892 3851 substantia
917 3810 970 3875 par
992 3801 1038 3853 est
1059 3788 1163 3874 accipi.
1209 3785 1305 3854 Filius

139 3901 236 3955 antem
253 3910 319 3954 cum
336 3901 366 3954 at
383 3890 455 3977 patri
472 3891 576 3953 similis
591 3891 646 3969 sit,
680 3901 711 3952 et
726 3891 789 3974 plns
806 3910 891 3974 quam
908 3891 1029 3967 similis,
1064 3891 1139 3974 quod
1156 3889 1234 3954 idem
1253 3912 1305 3958 ae·

139 3993 293 4079 qualisque
311 3995 368 4072 sit,
399 4015 456 4056 aon
476 3992 568 4055 solam
585 3991 614 4053 iu
634 4012 669 4054 eo
689 3992 907 4055 similitudinem
934 3991 1127 4075 comprobare
1151 3994 1230 4056 omni
1248 4014 1305 4079 ope

139 4097 308 4174 studemus,
332 4096 384 4158 scd
399 4095 523 4158 eundem
541 4094 749 4179 aequalemque
767 4104 950 4171 monstrare,
974 4094 1094 4177 perinde
1111 4116 1145 4159 ac
1164 4095 1249 4159 deum
1268 4098 1305 4159 dc

141 4196 213 4278 deo,
246 4208 278 4262 et
300 4218 340 4261 ex
359 4207 442 4284 patre
468 4197 575 4275 filium,
609 4217 664 4260 uec
682 4198 717 4260 ab
737 4196 801 4259 eius
820 4195 982 4258 substantia
999 4196 1166 4275 diversum,
1199 4197 1304 4261 sedat

139 4295 206 4384 ipso
226 4299 376 4384 genitum,
410 4300 486 4383 quod
504 4300 599 4385 ipsum
617 4300 653 4363 de
671 4298 775 4386 spiritu
795 4310 898 4361 sancto
922 4318 980 4360 uon
1001 4298 1096 4362 minus
1113 4301 1302 4364 affirmamus.

139 4400 184 4466 At
201 4403 340 4487 egregius
358 4399 407 4465 ille
425 4398 533 4466 Attius
549 4422 588 4465 ne
609 4401 732 4466 similem
758 4401 874 4485 quidem
900 4401 975 4485 patri
998 4401 1085 4465 filium
1110 4405 1306 4488 pronuntiare

174 4537 199 4590 ⁶2.
227 4539 340 4602 smpscor
362 4539 520 4601 reponendam
542 4551 590 4590 aare
606 4532 811 4606 ἀποτριψάμενός
827 4553 855 4591 τε
871 4533 900 4592 τὸ
916 4557 942 4606 με

197 4617 286 4678 corpus
300 4618 437 4665 Βιστοιοοὶ.
450 4617 481 4662 ll.
493 4619 515 4664 8.
1063 4631 1099 4692 13
