3096 5070
399 279 536 362 russeo
553 280 619 332 urs
632 280 677 332 m.
690 278 775 334 ron.
788 279 807 329 ι.
824 275 924 329 men.
937 275 1046 328 uxxv.
1170 306 1175 315 .
1235 258 1294 325 tes

143 412 287 469 stsmeuto
301 402 364 467 sola
377 400 460 486 virga
476 400 636 465 instructus
651 399 680 464 in
695 399 862 484 Aegyptum
878 395 1013 461 minitat.
1038 450 1041 454 s
1058 389 1152 476 Quam
1168 416 1233 459 eum
1249 393 1294 457 io·
1313 401 1428 451 mee

141 507 332 592 graderetur,
363 504 467 568 Aaron
484 503 577 589 ipsius
597 502 844 566 iraterdivinitus
864 500 971 563 missus
987 496 1014 559 ei
1031 515 1064 559 sc
1083 497 1117 560 ud
1134 495 1294 561 subsidium

142 607 283 691 adiungit.
329 605 444 670 Deinde
468 615 618 689 postquam
647 603 674 668 ei
691 625 707 666 s
726 606 814 667 lrntrc
841 604 912 666 fides
935 598 1030 663 babitu
1052 609 1115 678 est,
1145 598 1295 663 seniorum

141 709 276 775 edilium
302 730 338 773 se
361 707 455 794 populi
479 727 531 791 per
553 705 622 769 illud
649 716 763 792 tempus
786 703 957 791 principium
976 701 1129 765 multitudo
1143 700 1293 764 convenit.

141 811 219 877 Tum
241 811 386 874 destinato
404 799 497 892 'opere
517 810 598 873 vires
621 819 652 872 et
667 809 848 872 incrementa
865 805 998 891 capiente
1016 824 1097 868 mare
1114 802 1292 889 penetrarit.

140 915 276 980 Necdum
293 924 389 977 tamen
406 911 442 974 ud
460 911 554 996 legem
573 921 788 996 pervenerant,
820 909 913 972 donec
930 907 1008 971 illum
1026 907 1098 969 deus
1113 907 1149 969 ad
1166 915 1307 970 montem

140 1026 291 1093 evocaret,
316 1036 382 1078 eum
397 1024 426 1077 et
441 1013 554 1078 tabulas
570 1013 699 1091 tradidit,
717 1023 747 1076 et
763 1010 980 1075 tabernaculum
998 1009 1165 1087 instituere,
1189 1005 1296 1093 prinei·

140 1141 210 1206 pes,
235 1116 429 1194 decuriones,
453 1113 736 1200 quinquagenarios,
761 1114 965 1191 centuriones,
989 1134 1024 1176 ac
1043 1111 1176 1175 tribunos
1192 1128 1296 1174 creare

140 1221 250 1285 docuit.
296 1215 389 1281 Vides
411 1218 650 1303 quemadmodum
676 1237 724 1280 res
746 1235 849 1280 omnes
866 1214 1003 1301 paulatim
1019 1214 1212 1299 amplificatae
1233 1214 1296 1276 loe·
1319 1296 1323 1304 Ι

141 1323 220 1393 rint?
265 1325 343 1394 Vide,
369 1319 472 1405 inquit,
493 1322 584 1400 series
601 1323 694 1382 emutio
710 1323 861 1381 secundnm
878 1321 1032 1399 exemplar,
1057 1321 1133 1398 quod
1149 1318 1203 1378 tibi
1215 1338 1291 1379 moa·
1298 1324 1447 1383 Essem

140 1435 260 1485 cnutum
277 1435 321 1485 est
338 1427 368 1484 r'a
386 1434 478 1485 monte
492 1424 573 1484 Sicu.
620 1420 880 1487 Animadvertisne
898 1429 929 1484 ot
944 1422 979 1483 ad
995 1418 1207 1504 legislationem
1225 1439 1294 1483 can·

141 1525 287 1589 delubrum
305 1525 373 1589 illnd
390 1535 502 1608 septem
520 1523 731 1609 ellychniornm
747 1522 874 1587 additum
893 1523 998 1602 luerit,
1023 1543 1078 1586 nec
1098 1543 1155 1585 non
1175 1532 1207 1587 et
1222 1522 1295 1587 talu·

140 1648 189 1690 res
203 1626 366 1690 sucerdotis
380 1635 492 1703 uestes,
517 1625 723 1705 tintinnabula,
748 1625 876 1710 palliola,
900 1625 1062 1710 epomides,
1088 1625 1167 1710 pilei,
1191 1624 1292 1703 baltei,

139 1730 286 1793 veriorum
304 1728 467 1814 lapillorum
487 1738 665 1806 contextus,
689 1728 805 1813 cyathi,
829 1728 1011 1806 mortariolo,
1037 1728 1130 1807 lubra,
1155 1727 1292 1804 turibula,

140 1830 245 1909 catini,
276 1830 492 1909 masmarbntlr,
525 1830 741 1909 bocestcola,
774 1830 927 1908 nidicotb,
951 1832 1016 1895 sire
1036 1829 1152 1918 cynthi,
1176 1829 1295 1893 macho-

139 1935 221 2012 notb,
242 1932 291 2018 qui
307 1943 376 1996 suot
392 1932 491 2008 beses,
512 1943 542 1997 et
557 1952 757 2017 quaecumque
773 1932 829 1997 alia
849 1934 899 1996 lex
915 1933 1064 2012 edisserit,
1082 1933 1163 1997 velot
1178 1927 1293 1996 Cheru·

140 2036 217 2113 bini,
250 2048 280 2099 et
296 2035 323 2097 id
339 2054 433 2118 genus
448 2032 526 2113 ¹olis,
558 2054 626 2097 urca
645 2034 830 2116 testamenti,
861 2047 979 2113 vectes,
1004 2032 1291 2112 bomerariianouli,

138 2136 377 2214 tabernaculum,
401 2135 486 2212 vela,
509 2136 600 2220 pelles
617 2136 801 2217 rubricatae,
825 2158 928 2215 arrsse,
951 2146 982 2200 et
997 2136 1054 2200 alie
1072 2137 1099 2200 id
1118 2157 1226 2225 genus,
1249 2136 1293 2201 ia·

137 2238 266 2317 nitores,
292 2238 378 2302 tobse
394 2237 536 2315 ductiles,
560 2247 590 2301 et
605 2238 763 2318 incurvae,
786 2252 816 2303 et
831 2260 952 2316 aureae,
976 2248 1148 2324 argentone,
1173 2258 1291 2317 aerese,

137 2361 281 2421 corneae,
313 2340 370 2403 alia
397 2339 522 2424 denique
547 2360 586 2405 ex
604 2341 678 2426 legis
693 2345 893 2428 praescripto,
927 2342 1007 2406 velut
1028 2341 1239 2405 ascribciorom
1261 2353 1291 2407 et

135 2443 349 2507 institutionum
367 2441 449 2506 varia
463 2463 593 2527 genere,
625 2465 778 2528 quaecum
795 2445 878 2508 initio
897 2445 1024 2508 nondum
1041 2455 1161 2522 essent,
1194 2463 1292 2508 nonne

137 2556 288 2630 postquam
316 2544 433 2609 invecta
458 2557 546 2623 sunt,
578 2567 650 2610 suus
673 2557 719 2612 est
742 2548 814 2612 ordo
839 2547 927 2611 rebus
951 2547 1129 2611 attributos?
1180 2544 1290 2612 Endon

137 2646 213 2710 ratio
236 2657 283 2710 est
301 2647 415 2709 illorum
439 2647 475 2710 de
491 2646 596 2731 quibus
612 2649 761 2733 spostolus
778 2649 913 2735 scripsit,
938 2671 1013 2734 qnae
1032 2649 1139 2714 tamdiu
1159 2649 1292 2713 obtinue-

137 2758 222 2825 rnut,
253 2749 346 2812 donec
367 2749 540 2834 ampliticota
568 2761 615 2813 est
638 2749 780 2829 ecclesia,
812 2753 906 2816 donec
924 2774 1007 2816 suam
1024 2773 1059 2815 nc
1083 2751 1239 2836 legitimam
1256 2752 1292 2816 sd

137 2870 303 2913 mensuram
323 2853 473 2935 peruenit,
506 2853 599 2917 donec
621 2852 753 2938 prudenti
770 2855 893 2938 quedam
911 2854 1112 2918 moderatione
1131 2854 1292 2919 iustissime

136 2961 212 3015 ests
228 2962 322 3036 patre,
341 2953 399 3017 blio
414 2966 445 3017 et
458 2953 560 3040 spirito
577 2964 681 3018 sancto
699 2966 871 3038 temperata.
904 2954 952 3022 Ex
967 2957 1070 3041 quibus
1088 2956 1170 3021 A'e'rii
1187 2957 1291 3042 dogma

137 3053 292 3118 refellitur.

220 3151 306 3237 erod
324 3168 420 3221 antero
438 3181 495 3223 tren
514 3160 589 3223 idem
606 3180 673 3224 esse
690 3161 785 3246 possit
805 3185 869 3226 cum
886 3164 1023 3249 episcopo
1042 3163 1215 3249 presbyter,
1248 3162 1292 3227 di·

134 3257 220 3320 vious
251 3259 374 3343 apostoli
405 3281 504 3325 sermo
533 3263 680 3341 declarat,
713 3286 770 3348 qne
800 3265 932 3348 quisnam
962 3266 1136 3349 episeopus,
1168 3267 1291 3350 purisque

136 3359 292 3444 presbyter
316 3362 355 3424 sit
375 3363 559 3447 intelligitur.
604 3362 682 3428 Nam
706 3366 740 3427 nd
761 3363 951 3430 Timotheum
969 3368 1136 3452 episcopum
1157 3370 1292 3433 scribens

133 3462 171 3523 itu
201 3461 346 3545 loquitur:
378 3467 575 3544 Presbyterum
604 3489 640 3529 aa
668 3469 820 3548 obiurges,
852 3474 904 3532 sed
929 3474 1045 3532 hortere
1066 3474 1144 3532 uelut
1165 3482 1381 3550 patremn'na„
1396 3487 1446 3542 el.

133 3560 209 3644 Quid
224 3575 321 3627 autem
336 3568 478 3631 uttioebut
494 3567 631 3652 episcopo
648 3580 762 3647 vetare,
787 3582 818 3633 nt
835 3592 872 3634 ne
889 3573 1092 3657 presbyterum
1109 3572 1289 3653 obiurgaret,

133 3665 189 3727 nisi
207 3665 345 3729 rrraiorem
366 3668 430 3752 ipso
454 3680 628 3754 potestatem
656 3673 822 3736 obtineret?
866 3670 968 3757 erere
984 3675 1122 3759 deinceps
1140 3674 1292 3753 admonet,

131 3771 280 3828 Aduersus
292 3772 488 3850 presbyterum
503 3777 559 3834 cr‘to
577 3779 782 3835 occuson‘oarm
798 3798 834 3837 ne
849 3780 1014 3850 udmt'serr's,
1038 3782 1098 3839 nni
1109 3778 1218 3838 duobus
1235 3782 1288 3839 tri·
1312 3791 1371 3839 nte
1384 3794 1414 3841 n.

132 3871 217 3931 bucce
232 3872 359 3932 testibus.
406 3870 476 3935 Non
492 3873 577 3935 nlicni
599 3895 638 3936 ex
657 3876 837 3959 presbyteris
857 3880 1006 3962 praecepit
1024 3889 1052 3942 ut
1069 3879 1289 3942 accusationem

129 3982 232 4034 contra
252 3971 419 4057 episcopum
438 3996 494 4038 non
513 3975 698 4051 adrnittoret,
722 3988 772 4040 not
789 3991 821 4040 ut
838 3981 1006 4064 episcopum
1027 4002 1084 4043 notu
1105 3979 1286 4063 obiurgaret.

131 4071 262 4136 Videsne
278 4096 363 4159 quom
389 4097 446 4140 non
471 4077 627 4140 mediocris
649 4078 727 4141 illius
750 4080 834 4144 ruina
858 4082 915 4158 sit,
946 4103 1031 4165 quem
1054 4071 1185 4145 diabolus
1208 4084 1287 4149 lnbe-

131 4175 271 4240 lactarit?

215 4276 274 4342 Sed
293 4279 418 4346 bominis
436 4283 545 4367 reliqua
566 4283 728 4348 rideamus.
776 4282 913 4371 inprimis
938 4288 1012 4369 qnod
1036 4290 1071 4351 ad
1089 4285 1201 4354 Pascite
1220 4314 1286 4377 per·
1304 4295 1416 4365 capvt.

129 4447 197 4523 codd.
215 4463 269 4499 mss.
286 4457 308 4501 at
324 4453 360 4501 ed.
378 4457 452 4515 princ.
758 4453 782 4507 7.
800 4452 957 4526 πρεσβύτερι
971 4461 1015 4509 rod
1037 4462 1132 4523 ltltedtp.

162 4515 187 4567 b.
204 4517 316 4585 Suspicor
332 4519 377 4574 sel
393 4521 529 4592 κερατίναι
757 4529 782 4578 b.
799 4525 856 4593 cept
876 4529 969 4580 caeno
985 4533 1073 4583 ootoott
1089 4533 1207 4585 Poenus.
