3096 5070
308 278 371 342 468
706 322 708 329 .
734 287 856 340 amem
872 286 1044 339 ωοινιιιαιι

308 405 346 472 οῦ
368 401 449 469 πάνυ
471 429 498 469 τι
523 404 654 486 δύναμαι
676 405 792 470 είδίνακ
845 403 932 486 Πλῆν
954 403 1026 469 οῦδδ
1049 401 1155 470 τοῦτου
1178 406 1252 469 είσίν
1277 400 1472 486 ἀποδέοντες,

308 506 432 590 μάλιστα
450 505 632 572 4ἐπιτοαυτό
650 514 737 596 κοινῆ
755 505 787 572 τό
807 505 951 586 κοιτάζειν
967 505 1120 589 ἐσχηκότες
1135 506 1196 590 ἅμα
1214 510 1329 593 γυναιξί
1346 512 1399 574 καί
1416 512 1471 577 ἀν·

307 608 421 694 δράσιν.
469 602 561 675 Οὗτοι
583 611 615 675 δέ
635 610 687 673 καί
709 611 740 675 ἐν
767 605 948 698 ιἈντιοχείρι
972 611 1046 675 είσίν
1067 607 1127 675 ἀπό
1149 617 1201 692 τῆς
1217 612 1322 693 Μέσης
1338 620 1470 680 τοῖνπο·

306 718 408 795 ταμοῖν
430 707 609 796 όρμιόμενοι.

170 821 238 890 Κιφ.
255 811 290 876 δ’.
383 810 495 895 Ἔσχον
517 816 547 880 δὲ
563 813 597 880 τό
618 812 763 899 βλαβερόν
778 818 865 880 τοῦτο
885 811 1026 899 φρόνημα
1045 809 1107 880 ἀπό
1125 821 1178 897 τῆς
1194 812 1334 901 ἀμετρίας
1349 824 1410 882 τοῖν
1425 844 1471 884 τι.

305 942 366 981 νων
383 915 520 997 ἀδελφῶν
535 915 681 997 ἀφελείας.
729 917 813 992 Τινές
829 913 887 1001 γάρ
909 922 969 981 τοῖν
988 913 1137 999 ἡμετέρων
1152 915 1291 998 ἀδελφοῖν
1305 920 1357 984 καλ
1372 917 1472 1005 όρθο·

306 1018 417 1099 δόξων,
448 1017 489 1102 μῆ
509 1018 701 1105 γινώσκοντες
719 1017 753 1084 τό
776 1019 883 1104 μέτρον
907 1025 961 1100 τῆς
979 1020 1011 1083 ἐν
1034 1025 1153 1108 Χριστῷ
1176 1024 1335 1101 πολιτείας,
1366 1022 1402 1087 τό
1419 1047 1470 1088 κε-

305 1129 393 1188 λεῦον
408 1121 631 1187 ἀποτάσσεσθαι
646 1128 690 1209 τῷ
704 1123 823 1210 κόσμω,
845 1119 1001 1203 κτημάτων
1015 1146 1045 1185 τε
1058 1124 1142 1187 ίδίων
1155 1124 1207 1186 καί
1219 1122 1372 1207 χρημάτων
1386 1125 1470 1190 ἀπο-

306 1228 482 1304 ξενοῦσθαι,
512 1232 620 1290 πωλεῖν
637 1249 667 1289 τε
679 1222 716 1288 τά
732 1226 795 1289 ίδια
810 1224 861 1289 καί
878 1221 1067 1305 μεταδιδόναι
1082 1233 1223 1306 πτωχοῖς,
1252 1224 1413 1308 λαμβάνειν
1432 1230 1470 1294 δέ

305 1325 358 1391 τόν
379 1325 508 1410 σταυρόν
530 1329 581 1392 καί
606 1323 788 1392 ἀκολουθεῖν
812 1328 846 1391 ἐν
868 1324 1010 1414 ἀληθείᾳ,
1041 1323 1082 1409 μῆ
1108 1324 1217 1412 ἀργόν,
1250 1327 1322 1411 μήτε
1344 1326 1467 1414 ἀεργόν,

304 1431 355 1495 καί
379 1427 600 1515 ἀκαιροφάγον,
632 1429 706 1512 μηδὲ
734 1434 796 1517 ιτῷ
816 1434 931 1511 κηφῆνι
956 1435 1016 1492 τοῖν
1040 1435 1199 1510 μελισσῶν,
1232 1426 1407 1516 ἐργάζεσθαι
1431 1433 1467 1498 δέ

304 1540 370 1607 ταῖς
388 1533 477 1608 ίδίαις
494 1535 603 1617 χερσίν·
636 1529 733 1615 άςπερ
757 1532 805 1594 καί
825 1527 843 1595 ό
860 1528 944 1616 όγιος
961 1527 1124 1606 ἀπόστολος
1142 1537 1264 1607 Παῦλος
1281 1531 1466 1616 ἀποταξάμε-

303 1659 356 1711 νος
369 1641 412 1721 τηῖ
427 1634 547 1723 κόσμῳ,
569 1633 663 1719 κῆρυξ
680 1633 711 1697 δέ
725 1630 767 1697 τόν
783 1639 837 1715 τῆς
851 1629 1009 1715 ἀληθείας,
1031 1624 1069 1697 οῦ
1084 1635 1119 1697 αί
1129 1642 1220 1718 χεῖρες
1234 1634 1271 1700 οό
1288 1633 1382 1718 μόνον
1397 1637 1466 1701 έαυ-

304 1743 345 1824 τρῦ
363 1735 529 1819 ἐπήρκουν,
552 1734 625 1802 ἀλλά
640 1736 692 1800 καλ
708 1743 771 1810 τοῖς
788 1741 929 1800 συνοῦσιν
945 1734 1040 1823 αὐτῷ·
1063 1732 1118 1800 οότι
1136 1727 1203 1802 οόσι
1220 1738 1252 1802 δέ
1268 1740 1395 1814 ἐκείνοις
1411 1739 1465 1824 ἀρ-

304 1847 384 1924 γοῖς,
414 1836 475 1904 ἀλλ’
493 1838 555 1920 άμα
570 1844 776 1923 συμπαροῦσιν
791 1837 873 1926 αὐτῷ
892 1840 974 1927 ἐντῆ
991 1841 1124 1927 ἐργασίᾳ·
1158 1839 1225 1915 ’όός
1243 1867 1304 1906 που
1319 1849 1463 1924 καυχᾶται

303 1941 412 2026 λέγων,
444 1939 577 2006 διδάσκει
602 1947 657 2005 8τε
682 1943 864 2021 σαφέστατα,
895 1938 929 2005 ‘0
952 1937 994 2022 μῆ
1018 1938 1210 2026 ἐργαζόμενος
1233 1943 1309 2025 μηδὲ
1330 1945 1460 2009 ἐσθιέτω.

310 2043 394 2118 Τινές
410 2043 442 2107 δέ
461 2051 521 2108 τοῖν
537 2045 760 2129 προειρημένων
774 2041 929 2124 ἀδελφῶν,
963 2040 1004 2118 τός
1024 2041 1085 2107 άπό
1105 2049 1159 2108 τοῦ
1175 2044 1274 2127 Μάνη
1291 2045 1460 2128 μεμαθηκό·

304 2170 350 2221 τες
365 2142 455 2226 τάχα,
485 2141 524 2209 ἵν’
539 2144 635 2221 οῦτως
659 2149 749 2224 είπω,
780 2153 833 2210 τοῦ
857 2143 918 2212 ἀπό
940 2149 1085 2232 Περσίδος
1106 2139 1343 2231 ἀναβεβηκότος,
1373 2146 1459 2211 όίτινα

303 2245 359 2312 οῦκ
378 2249 465 2331 ἐχρῆν
480 2246 575 2324 οῦτως
590 2245 680 2314 είναι·
703 2257 825 2313 σκοπεῖν
841 2249 873 2312 δέ
888 2254 996 2329 μᾶλλον
1014 2245 1084 2324 τοός
1096 2246 1255 2325 τοιοότους
1269 2249 1453 2333 παραγγέλλει

304 2347 323 2415 ό
340 2360 424 2427 θεῖος
446 2350 534 2436 λόγος
557 2349 628 2427 τοῦς
644 2351 737 2433 μηδὲν
761 2351 979 2436 ἐργαζομένους.
1027 2348 1204 2434 Πεπλάνηιιε
1222 2349 1276 2437 γάρ
1294 2373 1381 2413 τινων
1397 2345 1451 2429 τῆν

304 2457 402 2536 οίησιν
427 2450 547 2540 όλόγος
567 2451 680 2537 όπαρά
702 2459 744 2542 τῷ
767 2459 878 2538 σωτῆρι
901 2453 1116 2538 γεγραμμένος,
1146 2449 1314 2538 Ἐργάζεσθε
1336 2447 1377 2532 μῆ
1398 2447 1453 2532 τῆν

303 2559 414 2640 βραῖσιν
439 2554 493 2639 τῆν
520 2555 743 2638 ἀπολλυμένην,
776 2554 848 2619 ἀλλά
874 2553 954 2637 4τῆν
980 2557 1127 2636 μένουσαν
1152 2556 1192 2630 είς
1219 2550 1296 2636 ζαῆν
1323 2549 1455 2616 αίόυιον.

305 2663 469 2741 Νομίζουσι
495 2659 527 2723 δέ
550 2656 604 2741 τῆν
628 2653 834 2740 ἀπολλυμένην
855 2653 927 2723 εἶναι
938 2654 1001 2747 4τῆν
1017 2655 1108 2740 καλῆν
1126 2659 1277 2742 ἐργασίαν,
1305 2646 1343 2737 ῆς
1357 2656 1400 2730 είς
1416 2657 1459 2719 δι·

302 2761 466 2844 καιοσόνην
489 2762 591 2842 ἐχομεν
613 2759 666 2825 τόν
689 2760 836 2842 κάματον·
866 2758 932 2841 ῆτις
954 2762 1114 2843 ἐπληροῦτο
1137 2762 1168 2824 ἐν
1184 2755 1318 2843 Ἀβραάμ
1341 2754 1391 2822 διά
1405 2762 1460 2820 τοῦ

303 2861 430 2946 μόσχου,
462 2864 510 2927 καί
538 2865 594 2927 ιἐν
617 2869 654 2951 τῆ
678 2864 880 2950 καματουργίμ
904 2869 957 2945 τῆς
971 2860 1062 2947 χήρας
1078 2859 1129 2927 διά
1144 2853 1199 2926 τοῦ
1213 2857 1329 2939 Ἡλίου,
1360 2860 1412 2924 καί
1428 2861 1461 2923 ἐν

302 2972 339 3054 τῆ
356 2967 477 3053 ἐργασίᾳ
495 2971 549 3029 τοῦ
560 2961 632 3047 Ἰοόβ
654 2962 705 3028 διά
720 2973 780 3030 τοῖν
798 2963 894 3029 αότοῦ
917 2968 1033 3029 παίδων
1050 2966 1100 3028 καί
1118 2961 1291 3046 κτημάτων,
1320 2962 1370 3027 καλ
1386 2957 1461 3024 πάν·

303 3093 361 3131 των
377 3074 437 3132 τῶν
452 3073 507 3132 τοῦ
523 3074 600 3132 θεοῦ
617 3065 732 3132 δοόλων
756 3074 815 3131 τοῖν
832 3069 874 3142 είς
891 3066 1082 3150 δικαιοσῦνην
1104 3064 1279 3148 καμνόντων
1293 3073 1357 3140 ταῖς
1371 3066 1463 3138 ίδίαις

302 3172 417 3255 χερσῖν,
448 3171 490 3245 τίς
507 3167 540 3235 τό
559 3171 699 3253 ἐπαρκεῖν
723 3170 773 3235 καί
794 3179 856 3244 τοῖς
874 3169 1072 3251 ἐνδεομένοις·
1106 3167 1211 3244 καθοίς
1234 3168 1285 3233 καί
1300 3169 1332 3232 ἐν
1346 3163 1460 3253 έκάστηο

303 3277 506 3360 μοναστηρίρο,
527 3273 560 3337 ἐν
575 3296 605 3336 τε
618 3279 655 3360 τῆ
670 3278 728 3335 ταῖν
743 3274 918 3358 Αἰγυπτίων
933 3270 1013 3361 χάρη
1029 3272 1079 3336 καλ
1096 3274 1127 3336 ἐν
1142 3269 1253 3346 πάσαις
1266 3265 1385 3354 χώραις,
1407 3265 1460 3333 οῦ-

303 3401 346 3440 τω
364 3373 528 3457 κάμνουσιν
551 3376 593 3449 είς
609 3372 809 3456 δικαιοσύνην.
851 3371 904 3449 Ὡς
920 3371 941 3455 ῆ
960 3376 1089 3457 μέλιττα,
1121 3375 1200 3459 χερσὶ
1215 3373 1269 3456 μὲν
1283 3373 1390 3455 ἐχουσα
1406 3368 1462 3434 τόν

301 3474 396 3562 κηρόν
406 3471 465 3560 τῆς
480 3479 634 3563 ἐργασίας,
664 3475 719 3559 τῆν
735 3477 766 3541 δέ
784 3475 902 3558 ψεκάδα
921 3483 975 3541 τοῦ
989 3477 1104 3558 μέλιτος
1118 3477 1150 3540 ἐν
1166 3480 1206 3564 τῷ
1222 3472 1358 3556 στόματι,
1388 3470 1462 3555 μετά

162 3615 213 3663 μς.
225 3601 285 3648 lm.
302 3586 357 3662 τῆς
374 3581 452 3655 ἰδίας
467 3576 639 3663 όμνηγόρου
655 3584 760 3660 φωνῆς
773 3577 824 3644 τόν
838 3584 897 3643 τοῖν
920 3576 1040 3645 πάντων
1060 3575 1204 3660 δεσπότην
1219 3575 1295 3642 κατά
1311 3574 1365 3660 τῆν
1382 3578 1463 3640 ίδίαν

301 3685 446 3765 αίσθησιν
462 3677 614 3763 άμνοῦσα,
647 3677 689 3756 οός
706 3683 756 3746 καί
773 3679 920 3763 Σαλομοόν
934 3689 1090 3765 μαρτυρεῖ,
1123 3679 1169 3746 ότι
1183 3677 1239 3762 τῆν
1253 3682 1361 3759 σοφίαν
1376 3676 1464 3761 τιμῆ-

303 3805 379 3850 σασα
393 3782 551 3870 προήχθη,
581 3780 658 3848 οῦτω
674 3785 724 3849 καί
741 3787 773 3849 οί
788 3791 843 3850 τοῦ
860 3791 937 3849 θεοῦ
952 3788 1053 3849 δοῦλοι
1074 3785 1106 3848 οί
1119 3779 1241 3865 ἀληθοῦς
1256 3782 1306 3846 ἐπλ
1322 3787 1375 3863 τῆς
1394 3801 1459 3845 στε-

301 3894 373 3974 ρεῖις
388 3889 497 3971 πέτρας
512 3893 566 3969 τῆς
581 3885 723 3968 ἀληθείας
738 3888 996 3969 τεθεμελιωμένοι,
1018 3886 1070 3950 καί
1082 3883 1135 3950 τόν
1150 3881 1235 3950 οίκον
1248 3883 1347 3948 αότῦν
1360 3881 1463 3963 ἀσφα-

301 3997 360 4066 λοῖς
378 3992 622 4072 οίκοδομοῦντες,
654 3991 743 4066 ίδίαις
762 3992 843 4075 χερσί
864 3986 917 4065 τός
936 3987 1043 4065 λεπτάς
1058 3987 1159 4053 αὐτῶν
1175 3989 1310 4072 ἐργασίας
1326 3982 1461 4070 ἐργάζου.

300 4118 350 4157 ται
375 4091 451 4158 κατά
470 4091 526 4175 τῆν
553 4090 679 4156 έκάστου
701 4093 809 4175 τέχνην.
849 4089 904 4155 Ἐν
927 4090 1048 4174 στόματι
1071 4090 1103 4156 δέ
1128 4089 1230 4174 σχεδόν
1253 4095 1352 4153 πᾶσαν
1373 4091 1464 4153 θείαν

335 4265 359 4316 4.
379 4264 421 4319 ἐττλ
434 4263 463 4320 τό
480 4261 560 4329 αιίτό,
577 4271 613 4317 uti
628 4269 720 4330 αιιολιλ,
737 4267 789 4316 οοιλ.
804 4267 864 4317 flm-
898 4268 996 4334 κηφῆνι
1010 4267 1061 4319 τῶν
1078 4263 1205 4331 μιλιασῦν
1222 4257 1390 4328 ὁμοιοῦσθαι,
1405 4258 1462 4328 ἐργ.

301 4334 350 4397 δίο.
897 4335 951 4386 κτλ.
987 4337 1116 4385 Carnarius
1137 4334 1248 4384 convertit
1266 4345 1348 4397 neque
1365 4327 1462 4378 intem-

334 4403 358 4452 ί).
375 4396 501 4470 Ἀντιοχέα
517 4405 569 4454 ωδ.
585 4404 682 4467 ίλλιιλίς.
896 4401 993 4469 pontive
1016 4401 1097 4452 cibum
1120 4401 1273 4469 eapientem,
1298 4413 1378 4464 nequo
1392 4395 1464 4448 hunc

337 4470 501 4520 cst.1v.-
538 4472 560 4519 l.
578 4472 654 4520 Deest
669 4468 782 4524 ἐοικέναι·
817 4472 863 4522 Pe·
895 4469 978 4520 alieno
995 4469 1080 4520 labore
1094 4479 1210 4538 partum,
1227 4466 1296 4519 velut
1310 4480 1386 4532 vespa
1404 4482 1462 4516 cum

301 4541 387 4589 ιαυίυι.
420 4541 463 4589 ίοι.
487 4540 594 4601 διολίςιτ
617 4542 709 4602 supplet
733 4536 799 4605 μηδέ
823 4539 861 4607 τῷ
895 4536 982 4606 apibus
999 4538 1072 4590 solet
