3096 5070
426 295 563 350 nnuann
580 298 696 349 maun
714 298 841 351 nonnn.
857 295 959 348 unna.
973 295 1103 347 uxxnn.
1279 276 1341 349 385

188 418 250 505 sepi
272 418 393 497 iacens,
424 419 461 481 ab
488 417 659 502 angelorum
687 427 733 481 est
754 417 845 481 oboro
869 416 1015 500 cognitus.
1060 413 1256 478 Mittebantnr
1281 425 1342 478 tum

188 523 333 586 coelestes
349 520 390 585 illi
409 521 578 599 exercitus,
612 520 660 603 qui
677 519 846 605 sempiterni
864 519 943 602 regis
962 519 1127 603 ingressum
1147 516 1345 602 apparitorum

187 644 221 687 ac
247 624 405 688 satellitum
432 643 514 685 more
537 623 696 707 stiparent3
731 620 915 707 triumphalia
944 622 1072 685 carmina
1099 618 1344 696 concinebantur,

187 748 247 813 pax
268 726 390 811 insuper
413 724 579 810 pastoribus
601 724 801 788 nuntiabatur.
848 720 914 806 Qua
938 722 1028 807 igitur
1043 724 1073 787 in
1090 743 1124 786 re
1141 723 1218 785 illius
1234 731 1280 783 est
1300 721 1345 784 in-
1358 733 1498 788 tammum.

187 830 301 894 luscata
320 827 478 891 maiestas?
521 824 680 890 Namcum
698 826 905 890 adbucinians
924 838 1021 904 esset,
1053 837 1083 888 et
1099 825 1203 888 alienis
1220 822 1347 887 brachiis

187 942 373 1017 gestaretur,
399 950 494 992 novae
513 929 549 992 ab
563 931 678 992 oriente
697 930 798 993 stellae
818 928 980 1013 prodigium
1000 928 1153 1013 apparuit3
1185 927 1260 1010 quod
1279 925 1347 988 sub-

188 1044 307 1098 secutus
324 1031 464 1116 deinceps
481 1029 636 1118 Magorum
654 1032 815 1110 adventus,
840 1031 973 1095 adoratio
991 1040 1021 1094 et
1037 1024 1237 1114 obsequium(
1268 1026 1347 1090 Tum

189 1136 225 1200 ab
241 1155 313 1219 rege
332 1137 407 1197 iacta
425 1154 441 1196 a
457 1135 563 1199 scribis
581 1133 749 1219 inquisitio,
773 1135 1001 1218 eorumdemque
1023 1154 1197 1219 responsum
1217 1152 1251 1194 ac
1269 1129 1348 1194 veri·

190 1238 259 1302 tatis
277 1236 438 1301 confessio.
483 1235 611 1321 Reliqua
627 1238 741 1300 demum
762 1238 834 1317 alia,
868 1257 943 1321 quae
961 1246 1178 1320 consequenter
1194 1254 1349 1319 exponun-

190 1350 255 1418 tur,
288 1339 354 1424 quid
379 1338 523 1403 divinitati
545 1339 623 1403 illius
643 1341 759 1403 officere
775 1340 954 1425 potnerunt?
997 1337 1152 1423 Quodnam
1177 1358 1250 1400 vero
1270 1335 1348 1420 utin

191 1441 276 1505 nobis
293 1441 446 1521 usuvenit,
478 1441 577 1506 carnis
601 1441 749 1521 detentio,
780 1442 862 1505 velut
880 1442 1112 1525 integumentum
1130 1440 1170 1503 illi
1189 1450 1219 1502 et
1234 1438 1349 1503 involu-

191 1565 271 1608 crum
289 1544 431 1608 obduxit?
473 1542 550 1608 Nam
573 1553 603 1607 et
620 1555 825 1630 tempestatem
848 1565 912 1607 cnm
932 1544 1029 1607 ventis
1053 1564 1088 1607 ac
1103 1541 1176 1606 mari
1200 1543 1344 1626 increpat,
1356 1546 1411 1592 ¹1⁸⁶·
1425 1547 1493 1603 btt-

191 1667 246 1711 nec
265 1645 363 1710 divina
381 1647 459 1711 illius
476 1657 624 1731 potestas,
657 1669 722 1710 cum
740 1647 768 1710 id
784 1648 859 1730 quod
879 1659 1001 1710 naturae
1024 1666 1096 1710 snae
1117 1656 1350 1728 consentaneum

192 1760 239 1813 est
256 1750 397 1828 efficeret,
421 1748 585 1813 carnisnlla
603 1749 779 1835 contagione
795 1749 1049 1834 praepediebatur.
1096 1746 1266 1832 Quinetiam
1284 1768 1349 1810 cum

193 1874 245 1917 sua
269 1852 350 1915 carui
372 1852 465 1915 moles
488 1851 676 1936 gravitasque
701 1862 868 1929 constaret,
902 1871 1084 1934 nequaqnam
1105 1861 1202 1914 tamen
1226 1850 1299 1914 baec
1316 1849 1351 1912 il·

191 1954 250 2018 lnm
269 1953 401 2038 gravitas
419 1953 590 2018 retardavit.
633 1951 710 2018 Nam
729 1975 818 2040 supra
833 1974 923 2038 aquas
946 1952 1122 2032 ambularit,
1157 1954 1197 2016 uti
1213 1952 1350 2016 immuta·
1363 1958 1446 2005 Μιιιι·
1458 1961 1489 2004 ¹⁴·

192 2056 280 2120 bilem
298 2056 384 2120 deum
406 2077 459 2141 par
475 2066 557 2134 erat,
591 2056 639 2141 qui
658 2056 747 2121 sicin
765 2078 854 2121 carne
871 2056 1044 2120 versabatur
1061 2055 1140 2118 nulla
1157 2067 1189 2119 ιιι
1208 2056 1238 2117 in
1255 2054 1350 2139 ipsum

195 2181 234 2224 ex
254 2159 302 2222 illa
326 2159 448 2222 mutatio
475 2159 664 2222 redundaret.
709 2157 812 2244 ltaque
827 2169 857 2222 et
873 2168 1012 2222 conuenta
1036 2179 1109 2222 voce
1127 2159 1170 2221 sic
1186 2157 1349 2221 exclamat:

193 2266 308 2324 Lazaro
322 2266 388 2323 ceni
397 2263 490 2343 sorar.
538 2258 571 2324 ln
591 2281 780 2345 quocarnem
796 2262 851 2325 sibi
870 2272 1080 2346 repugnantem
1098 2261 1216 2324 minime
1233 2270 1279 2322 est
1298 2279 1352 2323 ex·
1393 2268 1471 2315 toene.

193 2376 313 2450 pertus3
339 2384 434 2447 noque
451 2363 589 2427 divinitas
604 2364 666 2449 ipsa
680 2364 709 2426 in
728 2385 816 2427 carne
835 2366 1024 2449 perlectoque
1042 2364 1168 2427 bominis
1187 2374 1290 2427 natura
1304 2385 1371 2434 ιιι,
1390 2324 1466 2379 m

194 2467 294 2531 sidens
316 2467 398 2531 velut
420 2467 563 2530 servitute
588 2467 711 2551 quadam
734 2476 780 2529 est
801 2488 954 2551 oppressa.

278 2567 440 2633 Possumus
467 2579 497 2632 et
521 2569 578 2633 nlia
601 2568 749 2654 complura
775 2569 955 2648 subtexere,
988 2569 1070 2633 velut
1093 2569 1168 2653 quod
1191 2570 1350 2632 amortuis
1393 2583 1455 2650 cap,

196 2672 346 2736 excitatus
367 2683 432 2750 est,
468 2672 543 2755 quod
567 2672 727 2735 inlerorum
746 2672 872 2736 claustra
890 2672 1049 2758 perfregit,
1081 2672 1157 2756 qnod
1172 2672 1353 2757 captivorum
1367 2652 1490 2774 gfff,

195 2794 300 2858 agmen
318 2775 347 2836 in
366 2782 541 2858 potestatem
566 2775 680 2860 redegit
698 2786 728 2838 et
743 2775 864 2855 eduxit,
899 2776 974 2859 qnod
999 2774 1085 2838 tertia
1108 2775 1155 2837 die
1176 2795 1241 2837 cnm
1265 2794 1354 2837 carne

196 2896 249 2938 sua
266 2875 470 2954 sanctissima,
503 2898 557 2940 nec
582 2900 640 2941 non
658 2887 687 2941 et
704 2877 819 2956 anima,
852 2888 970 2957 mente,
1005 2899 1039 2941 ac
1059 2887 1122 2940 toto
1141 2876 1354 2961 deniqucvase

196 2977 260 3061 ipso
285 2977 432 3059 surrexit,
465 2988 582 3043 etcum
606 2979 758 3043 divinitate
782 2980 933 3063 copulatus
956 2980 1043 3043 bomo
1068 2980 1218 3065 perlectus
1242 2979 1353 3059 extitit,

197 3079 409 3164 humanamque
426 3091 557 3145 naturam
576 3083 612 3145 ad
628 3081 789 3146 diuinitatis
803 3082 983 3146 consortium
1001 3082 1120 3160 evexit,
1145 3082 1220 3145 adeo
1234 3094 1266 3146 ut
1279 3105 1355 3144 mors

197 3186 254 3263 apsi
274 3204 329 3244 non
353 3186 512 3245 dominetur
532 3188 661 3266 amptius.
709 3183 804 3270 lgitur
825 3206 889 3248 cum
909 3183 1061 3247 divinitate
1086 3183 1260 3248 coniunctus
1278 3185 1354 3269 quod

197 3304 330 3348 crassum
346 3296 410 3347 erat
426 3295 456 3348 et
472 3299 640 3351 concretum
661 3298 750 3352 tenue
767 3308 802 3352 ac
818 3287 925 3351 subtile
943 3287 1068 3350 reddidit
1084 3296 1144 3348 tum
1162 3309 1226 3351 cum
1248 3287 1356 3351 clausis

198 3386 310 3451 loribus
324 3386 476 3469 ingressus
495 3400 557 3470 est,
589 3402 698 3454 etcum
716 3391 875 3469 intrasset,
901 3410 1018 3454 carnem
1035 3401 1063 3453 et
1082 3411 1151 3454 ossa
1166 3389 1354 3469 monstravit,

200 3501 231 3553 nt
250 3500 280 3553 et
298 3489 456 3552 salutarem
481 3510 563 3553 snam
587 3494 746 3577 potentiam
772 3494 958 3573 ostenderet,
992 3503 1021 3556 et
1045 3494 1121 3577 qnod
1148 3493 1209 3578 spei
1236 3503 1356 3556 nostrae

199 3590 378 3677 propositum
403 3602 448 3655 est
471 3592 644 3671 exhiberet,
679 3594 853 3680 planumque
878 3597 989 3683 laceret
1013 3597 1110 3660 omnia
1135 3618 1151 3661 a
1174 3594 1265 3661 verbo
1291 3603 1358 3680 post

199 3704 366 3779 susceptam
383 3714 502 3757 carnem
521 3715 590 3758 esse
605 3697 746 3780 perlecta.
792 3694 953 3760 Praeterea
969 3698 1071 3762 eodem
1089 3699 1139 3763 illo
1156 3719 1280 3784 corpore
1296 3719 1358 3761 ma·

199 3797 305 3884 gniliee
330 3796 462 3861 sublatus
487 3797 518 3860 in
538 3797 651 3861 coelum
670 3799 704 3861 ad
725 3797 816 3883 patris
842 3799 993 3864 dexteram
1017 3802 1169 3881 consedit,
1204 3823 1262 3864 non
1282 3801 1359 3864 mole

199 3912 412 3987 praegravatus
430 3900 581 3987 corporis,
606 3911 657 3964 aut
669 3920 743 3964 vero
757 3921 881 3985 corpore
899 3901 962 3985 ipso
979 3904 1095 3987 penitus
1112 3904 1283 3980 exsolutus,
1307 3902 1360 3966 sed

200 4004 276 4068 idem
303 4003 396 4090 ipsum
421 4003 552 4088 spiritale
575 4003 740 4068 suscitavit.
794 4000 880 4086 Quod
905 4004 930 4066 si
953 4017 1080 4067 nostrum
1106 4009 1180 4067 iltnd
1203 4028 1305 4086 corpus
1328 4009 1357 4066 in
1398 4026 1417 4070 ι.
1434 4027 1487 4070 cnr.

201 4113 381 4190 corruptione
397 4112 567 4182 conabatur,
592 4111 689 4188 surgit
704 4111 733 4168 in
751 4111 977 4187 abcorrnptrbne,
1002 4113 1158 4169 remanetur
1177 4130 1280 4190 corpus
1296 4111 1359 4169 cni·
1399 4078 1473 4136 Μ’

202 4213 290 4285 male,
321 4214 453 4292 speritate
470 4233 572 4292 corpus
596 4215 756 4286 eror'tntnr,
789 4220 898 4294 quanto
924 4209 952 4272 id
977 4210 1070 4294 magis
1092 4210 1127 4274 de
1151 4209 1291 4296 unigeniti
1311 4210 1361 4274 lilii

204 4311 249 4375 dei
268 4333 391 4399 corpore
413 4334 465 4398 par
490 4323 536 4377 est
553 4312 711 4377 arbitrarii
753 4311 915 4399 Propterea
934 4312 1010 4376 istud
1028 4313 1175 4400 impletum
1202 4324 1263 4377 est:
1293 4317 1359 4375 Non
1393 4337 1477 4382 rmum

204 4415 285 4476 dabis
299 4428 424 4478 sunctum
443 4428 520 4478 taam
535 4419 629 4478 vellere
641 4421 858 4499 corruptionem,
883 4439 971 4499 neptae
984 4421 1127 4501 relrbpuea
1140 4422 1260 4480 carmem
1274 4437 1361 4480 mecm
1401 4391 1434 4443 ¹⁶¹
1447 4392 1479 4436 ¹⁶¹

203 4522 234 4580 in
250 4519 372 4601 inferno.
419 4519 519 4603 Atque
543 4518 615 4584 baec
639 4519 754 4604 quidem
779 4518 875 4584 omnia
902 4521 938 4584 de
954 4521 1086 4605 perlecta
1109 4519 1235 4585 bominis
1256 4529 1362 4584 natura

258 4633 347 4691 corpu·
361 4633 498 4681 nunaunt.
511 4633 540 4678 ιι.
554 4636 575 4679 a.
1119 4646 1158 4708 25
