3096 5070
386 308 522 360 rauaou
542 308 604 359 erc.
617 308 661 358 ur.
678 307 761 360 rou.
775 307 794 358 r.
812 306 910 359 nucu
925 307 1046 358 cxxrn.
1253 295 1293 357 't'l

138 440 168 493 et
189 439 325 492 creatura
351 430 516 514 segregatis
540 426 661 511 reliquis
687 426 802 491 urticam
829 427 907 490 illam
940 426 1089 489 notionem
1119 427 1293 510 deligamus,

137 553 228 617 quon
249 532 394 616 passionis
412 543 535 615 experte
554 533 742 615 perlectoque
764 552 797 593 ac
815 529 910 592 stabili
930 541 1082 605 creatore,
1107 539 1136 591 et
1151 528 1293 593 eiusmodi

137 635 280 719 denique,
312 634 473 698 cuiusmodi
489 643 654 695 creaturam
669 652 737 695 esse
753 631 863 711 uoluit,
896 630 1057 693 derivatam
1072 630 1148 693 illam
1167 631 1294 722 coruipi·

137 759 219 816 naris,
244 747 474 800 corrseutancum
490 745 536 797 est
553 745 584 797 ut
598 755 636 796 ex
655 733 745 818 patris
763 734 873 818 liliiquc
892 733 1030 810 vocibus,
1063 734 1295 816 quandoquidem

136 838 167 903 in
187 850 297 924 patrem
320 860 354 901 ac
379 838 469 901 lilium
489 837 610 899 credere
629 835 782 921 praecipue
805 835 982 913 dedicimus,
1014 836 1155 913 eaodem,
1187 846 1218 898 ut
1232 835 1296 919 pios

136 962 172 1005 ac
195 941 351 1024 religiosos
374 940 477 1015 dccet,
502 938 632 1000 notitiam
657 938 835 1001 hauriamus.

223 1040 422 1125 Quamobrem
439 1040 464 1103 si
485 1041 513 1103 in
532 1061 564 1103 re
581 1042 727 1125 proposita
743 1041 771 1103 in
790 1052 871 1124 patre
889 1039 1090 1103 discernamus
1107 1040 1134 1103 id
1151 1039 1226 1123 qood
1246 1040 1296 1101 od·
1311 1049 1370 1120 cap.
1387 1050 1429 1103 lv.

138 1145 262 1208 haerere
284 1145 379 1221 solet,
411 1153 443 1206 ut
459 1165 523 1206 eum
547 1145 670 1227 quadam
686 1141 840 1205 allectione
859 1142 1060 1227 prolluvioque
1078 1142 1130 1205 lilii
1151 1151 1235 1227 pater
1252 1140 1296 1204 in·

139 1248 304 1330 telligatur,
336 1257 366 1309 et
390 1245 480 1309 lilium
504 1246 583 1308 nollo
605 1246 718 1309 serarine
744 1256 933 1331 propagatum
960 1245 1160 1329 corrcipiomus
1183 1243 1293 1321 auimo,

140 1371 235 1433 neque
259 1349 418 1428 eiusmodi,
449 1358 480 1412 ut
505 1348 657 1433 corporeis
681 1359 803 1411 natiuae
829 1347 941 1410 uiribus
956 1347 1122 1424 adolescat,
1154 1348 1233 1410 etad
1252 1346 1296 1409 iu·

139 1463 317 1514 creurcutrnn
344 1451 620 1535 corruptionemque
644 1450 771 1514 vicissim
798 1460 947 1526 trauseat,
980 1471 1055 1533 qnae
1074 1459 1141 1512 snm
1160 1447 1295 1533 propriae

140 1573 236 1616 rernm
264 1574 471 1638 corporearum
501 1564 605 1615 antaee
638 1551 699 1628 lris,
736 1552 870 1636 inquam,
905 1551 1134 1637 circumscriptis
1160 1551 1295 1616 oscinibus

138 1655 208 1719 nilril
232 1668 349 1741 proetcr
371 1656 474 1718 similis
495 1653 645 1718 notionem
671 1653 835 1718 habebitur.
881 1651 921 1718 Ut
939 1658 1016 1717 cuim
1041 1676 1105 1717 cum
1123 1677 1140 1718 a
1158 1665 1295 1718 creatura

138 1760 220 1839 (aram
251 1760 278 1821 id
309 1761 405 1822 denuo
435 1758 626 1843 repetendum
656 1760 718 1838 est)
748 1756 928 1820 exclusimus
955 1757 1071 1835 omitia,
1108 1778 1195 1820 urrrrm
1225 1756 1295 1821 illud

137 1860 332 1946 sumpsimus,
365 1860 394 1923 in
414 1872 549 1924 creatore
573 1861 688 1943 quidem
717 1869 824 1922 statum
849 1860 992 1943 quendam
1018 1860 1164 1945 passionis
1185 1880 1294 1945 exper-

137 1975 214 2040 tem,
238 1964 268 2027 in
286 1972 423 2026 creatura
439 1983 510 2024 vero
528 1965 685 2047 perlectam
704 1973 734 2023 et
750 1963 863 2045 qualem
886 1962 1020 2024 corrditor
1039 1961 1149 2042 uoluit,
1173 1983 1207 2026 ac
1226 1963 1295 2026 soli·

139 2066 203 2128 dom
230 2075 351 2128 craturae
376 2065 563 2148 qualitatem,
600 2066 643 2128 sic
666 2063 695 2126 iu
724 2075 834 2149 patrem
863 2074 892 2126 et
919 2063 1008 2126 lilium
1030 2065 1181 2150 corporeis
1201 2064 1296 2128 oraturi·

139 2166 193 2230 bus
217 2165 373 2252 amputatis
398 2166 484 2229 urtica
506 2165 609 2230 similis
632 2168 708 2250 qood
726 2168 760 2229 od
785 2166 943 2229 assentiam
963 2166 1067 2230 attinet
1083 2168 1217 2232 anirnalis
1244 2189 1295 2253 ge·

137 2269 253 2332 neratio
282 2271 471 2332 transfertur.
525 2265 616 2332 Pater
642 2269 719 2332 enim
747 2269 793 2333 soi
825 2268 928 2331 similis
958 2269 1140 2333 substantiae
1169 2281 1250 2355 pater
1278 2292 1295 2333 a

136 2371 222 2434 nobis
249 2369 434 2454 intelligitur.
491 2368 577 2452 Quod
602 2371 627 2434 si
651 2392 708 2435 una
730 2394 794 2435 corn
821 2372 929 2434 ceteris
949 2371 1084 2435 ourrribus
1114 2373 1293 2451 notiooibus,

136 2494 212 2558 quae
228 2493 268 2537 ex
291 2473 381 2558 patris
399 2483 429 2535 et
446 2472 497 2536 lilii
515 2474 680 2537 nonriuibus
697 2495 904 2558 corporearum
924 2494 1021 2537 rerum
1039 2475 1165 2559 propriis
1185 2475 1296 2555 cogita-

136 2576 218 2639 tione
241 2576 465 2661 praeciduntur,
501 2587 624 2640 naturae
647 2598 761 2661 quoque
783 2575 919 2639 orrimulis
941 2597 1007 2639 cnm
1033 2586 1115 2661 patre
1136 2576 1296 2641 similitudo

136 2678 272 2756 tollatur,
304 2698 392 2762 equa
416 2678 598 2763 intelligendi
624 2679 766 2742 rationem
785 2700 901 2751 omnem
921 2680 1072 2756 ducimus,
1105 2689 1215 2763 patrem
1235 2700 1296 2741 anr-

138 2779 212 2864 plius
229 2781 356 2857 nullum,
390 2792 440 2844 ant
460 2772 549 2844 tilium
567 2801 636 2845 esse
653 2783 826 2860 credemus,
850 2783 901 2844 sed
921 2793 1102 2856 creatorem,
1126 2802 1162 2843 ar.
1181 2792 1296 2844 creatu·

138 2903 216 2960 ram,
247 2894 277 2945 et
290 2903 509 2967 supervacanea
525 2886 666 2968 quaedam
683 2884 818 2962 tronriua,
851 2905 926 2967 quae
948 2884 1020 2947 uilril
1042 2905 1094 2968 per
1109 2884 1205 2968 seipsa
1224 2905 1295 2946 coo·

138 2984 245 3049 derant.
292 2982 334 3048 lta
360 2986 413 3049 lirt
431 2997 460 3050 ut
484 2989 555 3050 deos
574 2999 691 3051 creator
705 2987 771 3064 ait,
794 3007 849 3049 oro
866 2988 922 3049 ulla
944 2998 1040 3050 tanuen
1059 2986 1173 3050 ratione
1190 2985 1229 3050 sit
1247 3007 1296 3072 pa·

138 3098 195 3152 ter.
242 3083 328 3169 Quod
354 3089 431 3151 enirn
451 3099 538 3174 pater
556 3111 614 3152 non
634 3088 726 3172 ipsius
745 3089 888 3167 actionis,
920 3089 971 3151 sed
997 3100 1120 3152 naturae
1145 3089 1295 3153 cuiusdam

137 3190 258 3268 similis,
282 3209 357 3274 qnae
380 3191 526 3275 perillam
545 3192 690 3256 actionem
708 3192 827 3269 existit,
850 3201 932 3274 pater
948 3192 1120 3276 appelletur,
1145 3192 1295 3256 naturales

137 3291 217 3378 ipsae
240 3293 371 3357 rationes
398 3292 553 3358 evidenter
574 3297 744 3359 ostendunt.
789 3292 866 3357 Nam
893 3316 958 3356 cuna
986 3295 1074 3357 multa
1100 3315 1191 3378 porres
1214 3299 1295 3357 deon

137 3395 284 3458 actionum
308 3415 419 3479 genera
445 3397 521 3475 siot,
552 3398 608 3462 alia
631 3410 677 3463 est
697 3397 791 3476 actio,
824 3419 880 3482 qua
904 3407 1067 3462 creatorem
1091 3396 1293 3479 intelligimus,

139 3507 282 3578 qnatenus
297 3500 372 3562 coeli
389 3511 562 3584 terraeque,
586 3512 616 3565 et
630 3521 704 3587 quae
722 3501 767 3565 bis
785 3502 973 3564 continentur
990 3500 1138 3578 ominium,
1163 3521 1217 3562 nec
1235 3519 1295 3562 non

140 3605 285 3660 eteorum
309 3622 383 3683 quae
406 3602 500 3666 videri
529 3614 679 3689 nequeunt
704 3614 823 3667 creator
845 3614 902 3667 est.
959 3600 1091 3666 Eundem
1118 3622 1191 3665 vero
1218 3599 1296 3663 urrici

139 3695 193 3759 lilii
220 3709 368 3781 parentem
389 3724 446 3766 noo
468 3715 604 3788 tanquam
630 3717 812 3782 creatorem,
852 3704 904 3769 sed
926 3715 1062 3787 tarrquam
1083 3713 1212 3787 patrem,
1246 3702 1295 3785 qui

140 3798 260 3882 genuit,
292 3821 358 3864 esse
383 3807 601 3888 cognoscimus.
647 3804 758 3869 Verum
776 3804 802 3868 si
821 3817 939 3891 propter
956 3807 1052 3883 illam,
1084 3825 1169 3887 quam
1197 3816 1295 3868 merite

140 3901 339 3985 courcipimns,
370 3905 521 3989 corporeis
546 3906 574 3967 in
592 3907 722 3988 patribus
744 3929 779 3970 ac
798 3907 868 3969 liliis
893 3906 1089 3970 conditionem
1110 3905 1295 3989 passionibus

140 4003 317 4083 obrroxiam,
351 4016 490 4069 vereatur
513 4003 635 4088 aliquis,
667 4027 703 4068 oe
727 4009 751 4069 si
775 4009 907 4093 corporis
932 4028 1041 4093 expers
1059 4009 1131 4070 deus
1148 4029 1293 4092 generare

140 4106 272 4182 dicator,
303 4109 444 4190 quaedam
471 4109 497 4172 ei
516 4108 661 4171 tribuatur
679 4109 814 4185 allectio,
839 4121 888 4175 aut
909 4110 937 4173 id
960 4111 1052 4194 ipsum
1073 4111 1147 4194 qnod
1163 4110 1294 4196 gignitur

139 4208 339 4293 imperfectum
366 4221 539 4289 censeatur,
584 4232 619 4274 ac
644 4220 742 4274 cetera
767 4211 794 4273 id
821 4231 914 4296 genus
943 4232 1016 4295 quae
1048 4233 1192 4298 corporeo
1220 4213 1293 4299 patri

141 4310 260 4397 lilioqne
285 4314 481 4391 corrrcninut,
512 4314 538 4378 si
561 4314 590 4378 id
607 4311 727 4399 ,inquam
748 4323 882 4378 metuens
898 4334 1067 4398 germanam
1087 4314 1178 4401 patris
1192 4336 1225 4379 ac
1242 4315 1293 4380 ulii

141 4411 290 4478 notionem
316 4417 448 4493 auderat,
482 4436 520 4479 co
541 4416 655 4480 demum
679 4416 843 4494 relabetur,
878 4417 964 4479 talem
988 4427 1019 4480 ut
1047 4417 1138 4481 lilium
1166 4429 1291 4497 asserat,

141 4518 237 4600 qualia
253 4529 322 4582 sunt
337 4518 454 4607 opilicia
470 4519 598 4604 reliqna,
629 4540 685 4584 uec
699 4521 778 4585 illum
794 4517 914 4584 omuino
930 4518 1022 4586 lilium
1039 4520 1177 4608 appellet.
1220 4516 1294 4586 Ete-
