3096 5070
697 893 835 957 sanem

511 1048 1022 1136 EPIPHANll

292 1252 1243 1332 consuescendum

601 1424 691 1475 nram
706 1425 748 1475 ru.
766 1424 882 1475 nouus
900 1425 931 1474 u.

361 1665 639 1742 CONTRA
690 1661 1181 1757 lllllelll'l'AS,

188 1795 227 1861 ut
260 1788 413 1861 nonnulli
445 1793 584 1878 vocant,
619 1783 677 1880 qui
710 1783 889 1881 perfectam
924 1783 1052 1856 Gbristi
1084 1784 1346 1860 incarnationem

276 1909 459 2005 abnegant,
485 1928 568 2002 quae
595 1912 647 1979 est
672 1903 821 1979 baeresis
839 1900 964 1995 LVII,
991 1902 1062 1978 sire
1082 1901 1259 1980 LXXVII.

273 2175 349 2241 Post
362 2175 531 2262 superiores
549 2175 616 2240 illos
631 2197 709 2239 nova
724 2175 878 2260 quaedam,
902 2195 938 2237 ac
953 2173 1093 2251 difficilis,
1117 2185 1146 2237 et
1163 2187 1275 2239 erecta
1289 2177 1345 2241 lide
1375 2197 1436 2266 esp.
1454 2201 1472 2250 1.

189 2280 353 2344 abhorrens
377 2278 509 2343 haeresis
528 2298 568 2342 ex
594 2278 751 2363 anticipata
769 2276 959 2362 quorumdam
985 2277 1123 2361 opinione
1138 2277 1166 2339 in
1191 2277 1347 2343 bumanum

189 2403 284 2468 genus
301 2382 425 2468 prodiit,
455 2401 550 2464 neque
567 2401 703 2445 caussam
722 2382 830 2444 corita
847 2379 1004 2463 eontigerit
1020 2379 1093 2443 satis
1110 2378 1258 2462 intelligo,
1290 2380 1347 2445 nisi

189 2485 265 2571 qnod
281 2485 311 2548 id
328 2506 417 2548 unum
433 2483 576 2547 humanae
593 2493 717 2547 naturae
731 2482 918 2566 perturbator
934 2491 964 2544 et
979 2480 1073 2544 bostis
1089 2480 1222 2544 dioboles
1237 2484 1346 2564 studet,

189 2607 336 2672 nunquam
355 2598 388 2650 nt
409 2586 446 2648 ab
469 2586 644 2649 inlestandis
672 2585 838 2648 bominibus
862 2595 978 2662 cesset,
1010 2582 1059 2667 qui
1085 2583 1269 2647 amarissimo
1294 2606 1348 2649 suo

189 2710 306 2754 veneno
324 2674 490 2772 exquisitos
506 2689 588 2752 cibos
604 2687 713 2767 inlicit,
737 2708 772 2749 ac
791 2686 869 2750 melli
886 2686 925 2749 lel
943 2685 1102 2763 admiscet,
1126 2685 1213 2769 idque
1231 2686 1349 2771 potissi·

191 2813 267 2854 mnm
281 2790 397 2852 illorum
413 2809 503 2874 opera
518 2790 636 2854 molitur
651 2789 701 2874 qni
721 2788 884 2852 admirabili
900 2788 978 2851 vitae
994 2787 1129 2850 instituto
1148 2788 1346 2868 celebrentur,

167 2896 168 2899 ’
191 2902 222 2955 et
239 2900 358 2976 propter
379 2891 516 2955 sincerae
538 2890 605 2954 idei
626 2892 754 2954 studium
771 2892 963 2975 ardoremque
979 2892 1232 2956 commendantur.
1282 2889 1348 2955 lloc

192 2994 269 3057 enim
285 2994 402 3057 unicum
421 2993 499 3057 illius
523 3014 597 3078 opus
616 3004 662 3057 est
680 2993 773 3077 quiet
789 2996 932 3058 adversus
949 3005 1099 3077 parentem
1117 3005 1248 3058 nostrum
1267 2993 1348 3058 sc·-

119 3115 122 3120 ·
192 3115 269 3159 mum
286 3095 397 3159 invidia
414 3094 549 3180 primum,
575 3106 605 3158 et
621 3095 766 3159 adversus
782 3096 938 3159 humanum
956 3116 1043 3159 omne
1058 3116 1153 3179 genos
1169 3097 1244 3161 odiis
1260 3098 1348 3162 effer-

191 3197 265 3262 buit.
310 3193 407 3279 Quam
422 3197 457 3260 ad
471 3197 647 3261 sententiam
663 3198 815 3283 praeclare
832 3198 951 3283 sapiens
967 3198 1082 3280 quidam
1101 3199 1187 3279 dixit,
1210 3204 1347 3262 luor'de'am

191 3304 303 3381 magnei
321 3311 458 3381 perpetuo
480 3301 656 3362 morcambus
673 3305 830 3362 odoercan'.
879 3298 931 3363 Sic
946 3299 1036 3384 igitur
1052 3323 1105 3384 per
1120 3324 1244 3386 magnos
1261 3323 1349 3386 quos·

193 3423 249 3486 quc
273 3401 354 3465 viros
377 3421 496 3466 errores
518 3400 700 3480 introduxit,
734 3403 777 3466 uti
800 3422 854 3465 nos
876 3413 962 3486 atque
984 3403 1110 3468 ecclesia
1132 3404 1177 3469 dei
1197 3402 1348 3489 perpetuis

193 3502 336 3567 molestiis
361 3524 395 3566 ac
423 3503 593 3567 tumultibus
618 3502 761 3587 bellisque
788 3503 999 3568 condiotemur.
1054 3503 1172 3570 Etenim
1202 3505 1349 3569 nonnullis

193 3617 360 3670 nostrorum
384 3605 509 3690 placuit,
544 3605 702 3687 etquidem
717 3605 878 3690 primariis,
911 3618 998 3690 etque
1015 3629 1031 3669 a
1051 3607 1136 3671 nobis
1155 3619 1185 3670 et
1200 3606 1236 3670 ab
1254 3606 1348 3670 omni-

131 3788 137 3799 ,
193 3707 248 3772 bus
266 3707 438 3770 orthodoxis
464 3706 569 3771 divinis
594 3708 801 3791 propemodum
827 3707 986 3772 honoribus
1005 3709 1136 3788 affectis,
1168 3719 1294 3772 mentem
1312 3710 1347 3772 ab

193 3805 306 3874 Christi
328 3808 529 3873 incarnatione
552 3810 722 3886 dimovere,
746 3810 928 3892 eundemque
943 3832 1063 3874 carnem
1079 3832 1143 3875 cum
1161 3811 1256 3874 anima
1275 3811 1348 3875 duu-

192 3923 278 3976 texat
289 3911 474 3997 suscepisse,
506 3922 633 3975 mentem
653 3930 725 3973 vero
743 3931 942 3994 nequaquam,
966 3933 1122 3994 asserere,
1156 3914 1210 3976 boc
1225 3924 1272 3977 est
1290 3935 1348 3978 non

193 4017 355 4101 perlectum
383 4013 528 4077 bominem
551 4011 693 4077 induisse.
738 4010 846 4097 Neque
874 4014 959 4077 video
984 4013 1051 4097 quid
1070 4015 1124 4079 bac
1141 4014 1278 4101 opinione
1296 4016 1348 4081 bu·

192 4138 279 4181 meno
293 4116 395 4201 generi
414 4115 606 4194 contulerint,
639 4125 690 4179 aut
707 4137 724 4179 a
744 4116 916 4200 quibusnam
934 4116 1097 4180 istiusmodi
1117 4119 1221 4202 dogma
1239 4118 1347 4181 didice-

193 4218 271 4298 rint,
297 4218 403 4302 qoidve
420 4229 471 4281 aut
486 4238 526 4280 ex
542 4239 578 4281 ea
596 4240 628 4282 rc
646 4217 835 4282 emolumenti
852 4217 908 4305 ipsi
925 4219 1075 4303 ceperint,
1107 4231 1158 4284 aut
1176 4221 1346 4306 nobisipsis

195 4330 282 4403 etque
303 4320 485 4385 auditoribus
510 4321 661 4399 omuibus,
694 4323 825 4405 adeoque
850 4333 970 4385 sanctae
1000 4321 1045 4384 dei
1071 4323 1214 4387 ecclesiae
1235 4323 1346 4388 tructus

192 4459 461 4523 pommeranorum.
498 4461 579 4521 Tettps't
603 4459 660 4508 boec
684 4461 756 4508 uerbo
780 4462 851 4508 ettam
867 4462 999 4511 estatem
1017 4463 1076 4523 Opp.
1095 4462 1152 4511 trit.
1168 4475 1192 4524 p.
1205 4460 1262 4511 talu.
