3096 5070
322 279 460 335 canaan
475 281 539 333 ute.
554 282 598 333 ιιι.
614 283 697 335 root.
711 281 743 333 ιι.
760 277 859 334 naua.
872 280 1016 333 ιιιιιιιιι.
1185 268 1246 335 435

92 405 145 468 atis
163 402 312 486 sapienter
336 413 383 466 est
399 403 547 465 conlecta.
593 402 681 465 Aliud
704 422 777 465 vero
796 412 948 485 praeterea
964 401 993 463 io
1012 413 1150 485 utraque,
1184 400 1249 466 Eva

92 507 206 572 scilieet
231 527 266 569 ac
288 503 403 583 Maria,
438 503 619 567 considerari
645 515 757 589 potest,
793 505 962 588 etquidem
988 501 1181 566 admiratione
1206 504 1249 566 di-

94 630 197 693 guam.
246 605 397 691 Siquidem
418 605 483 669 Eva
501 606 605 689 generi
626 606 774 669 hominum
794 628 927 670 caussam
944 607 1047 668 mortis
1062 606 1176 684 attulit,
1200 626 1252 689 per

92 733 177 796 quam
198 732 278 774 more
299 720 345 773 est
362 710 392 772 iu
410 708 510 772 orbem
536 719 681 771 terrarum
707 708 841 787 invecta,
874 706 989 771 Mariae
1013 708 1091 770 vitae
1114 728 1250 770 caussam

92 813 242 898 praebuit,
276 832 429 896 perquam
455 811 514 873 vita
538 823 584 873 est
602 810 686 873 nubis
712 811 774 895 ipsa
799 812 949 894 producta.
996 805 1043 874 01>
1060 810 1086 872 id
1104 811 1181 872 filius
1204 810 1249 871 dei

91 914 122 978 in
143 914 219 978 hooc
237 914 374 976 muudum
394 913 529 991 advenit,
553 924 600 991 et,
639 914 694 975 dot
715 915 870 974 abundauit
891 916 1039 984 detectum,
1073 914 1248 993 superadun-
1261 923 1403 980 namen.

91 1021 292 1097 deuitgretr'o.
338 1012 422 1079 Unde
441 1036 521 1079 mors
543 1015 667 1094 accidit,
698 1015 758 1078 vita
784 1014 852 1078 illue
874 1015 1019 1092 accessit3
1052 1016 1127 1077 utin
1147 1015 1251 1078 mortis

93 1118 190 1182 locunt
211 1115 271 1180 vita
289 1118 480 1196 succederet,
505 1127 535 1180 et
551 1117 661 1181 illatam
679 1139 697 1181 a
716 1117 839 1181 muliere
864 1128 986 1180 mortem
1004 1117 1052 1180 ille
1069 1117 1143 1201 ipse,
1168 1118 1251 1201 quie

94 1221 235 1297 muliere,
269 1219 328 1282 vite
348 1229 476 1284 utesset
495 1231 615 1299 nostra,
648 1230 733 1284 natus
759 1231 840 1295 crat,
871 1219 1055 1283 excluderet.
1101 1216 1249 1301 Quoniam

95 1342 167 1384 vero
197 1342 261 1385 cunt
292 1321 385 1385 adltuc
410 1321 548 1406 virgeio
575 1322 669 1386 ltortis
695 1321 760 1385 Era
785 1323 924 1405 degeret,
960 1343 1012 1407 per
1037 1322 1250 1385 contumaciam

93 1425 168 1508 apud
186 1424 270 1487 deum
288 1425 473 1502 ostenderat,
497 1426 564 1488 ideo
581 1425 695 1509 gratiae
714 1425 830 1510 propria
848 1424 883 1486 ab
901 1425 1015 1507 virgine
1035 1423 1164 1486 manavit
1181 1423 1251 1485 ule·

94 1526 221 1603 dicatio,
252 1537 403 1611 postquam
422 1527 590 1591 circumfusi
607 1548 732 1612 corpore
748 1527 830 1590 verbi
849 1527 1103 1611 sempiternaeque
1120 1525 1199 1588 vitae
1215 1524 1252 1587 de

94 1629 177 1692 coelo
194 1640 239 1691 est
256 1629 404 1691 nuntiatus
421 1630 576 1693 adventus.
621 1628 700 1692 Nam
717 1629 775 1692 illic
796 1629 836 1691 ita
852 1641 1019 1713 serpentem
1038 1630 1110 1691 deus
1128 1626 1251 1711 alloqui·

94 1742 157 1809 tur,
191 1735 370 1793 laetantium
385 1753 490 1811 poam
508 1736 584 1793 tirter
604 1744 631 1793 tc
646 1744 675 1793 et
693 1737 767 1792 tirter
787 1735 883 1804 illam,
915 1737 991 1794 diter
1007 1753 1099 1793 seraen
1124 1743 1201 1792 tuum
1224 1736 1322 1790 eruca.
1336 1736 1358 1791 ³.
1372 1737 1404 1781 ¹⁵·

93 1857 184 1896 samen
213 1837 301 1895 illius.
356 1830 446 1916 Atqui
477 1855 617 1918 nusquam
652 1834 794 1897 eiusmodi
828 1854 929 1897 setoso
963 1832 1252 1923 mulierisiuveoiri

95 1946 202 2020 potest.
259 1933 343 1999 Unde
368 1956 427 1997 ttou
455 1935 540 1998 aliter
564 1958 649 2020 quam
675 1957 728 2021 per
753 1935 1002 1999 adumbrationem
1027 1957 1061 1999 ac
1086 1935 1251 1998 similitudi·

96 2059 161 2101 nera
181 2038 217 2101 ad
234 2036 328 2100 Evam
350 2037 471 2101 hostiles
494 2038 561 2101 illae
580 2037 750 2101 inimicitiae
770 2039 956 2115 reseruntur,
989 2058 1061 2121 quas
1078 2059 1143 2099 cum
1166 2037 1252 2099 huius

95 2139 185 2225 stirpe
202 2160 325 2225 serpens
345 2139 393 2204 ille
413 2150 443 2203 et
460 2139 553 2223 quiin
571 2151 709 2224 serpente
725 2140 822 2203 inerat
838 2139 946 2202 invidia
965 2139 1094 2222 flagrans
1120 2137 1252 2202 diabolus

98 2253 234 2305 exercet.
599 2320 602 2324 Α

180 2340 272 2407 Pleoe
297 2343 413 2426 quidem
437 2365 471 2407 ac
493 2346 624 2428 perlecto
647 2344 861 2408 accommodari
885 2345 919 2406 ad
941 2344 1018 2406 illam
1036 2342 1176 2406 universa
1201 2362 1254 2406 oe-
1301 2355 1359 2419 Cap.

96 2456 223 2529 queunt,
256 2446 307 2508 sed
331 2444 361 2508 io
385 2445 587 2523 sanctissima,
621 2447 729 2509 eximia
751 2468 785 2510 ac
809 2446 950 2529 singulari
975 2445 1085 2529 stirpe,
1116 2465 1191 2528 quae
1217 2444 1253 2506 alt
1298 2421 1372 2475 m·

95 2547 158 2610 sola
174 2547 289 2631 virgine
306 2545 405 2611 Maria
424 2547 488 2611 sinc
505 2548 563 2610 ulla
580 2548 635 2611 riri
656 2549 867 2611 cousuetudine
886 2557 1046 2632 propagata
1063 2558 1125 2625 est,
1156 2545 1254 2628 reipsa

96 2670 130 2712 ao
148 2649 263 2732 penitus
280 2650 427 2734 impletur.
475 2648 532 2712 llic
549 2650 625 2721 eninr
645 2650 723 2713 illius
741 2651 817 2713 lilius
832 2650 866 2712 ad
886 2649 1115 2732 extinguendam
1133 2668 1255 2730 serpen-

97 2751 134 2813 tis
156 2772 191 2813 ac
212 2750 337 2814 tortuosi
359 2752 471 2814 colubri
498 2752 668 2837 fugacisque
692 2753 748 2815 vim
769 2774 804 2815 ac
826 2753 1004 2836 potentiam,
1037 2751 1084 2835 qui
1109 2770 1142 2812 se
1162 2760 1254 2812 totum

97 2850 196 2914 orbem
215 2863 359 2918 terrarum
378 2855 527 2918 dominatu
544 2875 599 2916 suo
618 2854 877 2939 comprehendisse
897 2853 1043 2931 iactabat,
1068 2852 1103 2916 ad
1121 2851 1193 2914 hace
1210 2852 1255 2914 in-

98 2952 162 3014 dma
180 2955 343 3019 descendit.
388 2954 550 3041 Propterea
569 2957 672 3020 troicus
689 2977 706 3019 e
722 2958 843 3019 muliere
866 2957 912 3019 dei
931 2957 1007 3018 lilios
1028 2955 1189 3040 processit,
1223 2965 1256 3019 ut

97 3067 283 3139 serpentem,
308 3058 363 3122 hoc
379 3069 425 3122 cst
445 3058 549 3144 impiae
568 3058 720 3122 doctrinae
737 3059 932 3142 corruptelam
952 3079 986 3120 ac
1006 3058 1136 3120 fraudem
1158 3069 1187 3120 et
1207 3078 1256 3121 er-

97 3178 195 3221 rorem
223 3179 258 3222 ao
277 3160 448 3244 pravitatem
472 3171 633 3225 everteret.
681 3159 737 3223 llic
755 3162 866 3244 estqui
891 3182 996 3223 revera
1018 3173 1127 3222 etnam
1151 3165 1406 3224 aaatrdttxotdtte

97 3264 219 3341 aperuit.
265 3259 344 3325 Nam
364 3274 549 3348 quotcunque
575 3263 761 3349 primogeniti
781 3264 860 3326 illrum
880 3274 1121 3342 antecesserant,
1154 3274 1185 3326 ut
1203 3264 1255 3326 Ιιο·

98 3361 267 3426 nestissime
288 3363 398 3439 dicam,
432 3366 507 3428 istud
524 3367 618 3451 ipsum
640 3368 755 3428 edicere
778 3367 990 3449 nequiverunt,
1024 3366 1075 3428 sed
1096 3366 1176 3428 solus
1200 3365 1255 3427 hoo

99 3465 201 3527 unicus
218 3464 264 3527 dei
287 3464 362 3527 lilius
386 3465 529 3543 obtinuit,
562 3468 592 3530 io
613 3489 670 3549 quo
691 3467 799 3530 ceteris
818 3467 949 3531 exclusis
968 3468 1102 3531 omnihus
1121 3467 1190 3530 illud
1211 3476 1258 3528 est

98 3569 272 3649 perlectum.
320 3562 380 3628 Sed
399 3576 430 3628 ut
450 3567 505 3629 elio
526 3569 773 3651 praetermittam,
807 3571 854 3632 vel
878 3591 917 3632 ex
938 3591 974 3632 eo
990 3574 1054 3654 ipso
1074 3570 1149 3653 quod
1170 3570 1256 3630 modu

98 3677 257 3731 tractamus
284 3678 378 3752 potest
402 3668 470 3731 illud
490 3668 624 3752 intelligi.
671 3668 787 3755 Quippe
806 3692 845 3734 ex
866 3664 963 3734 Maria
988 3683 1102 3756 sumpta
1118 3670 1165 3733 illa
1183 3669 1257 3732 scri·

99 3780 200 3856 pturoe
229 3769 375 3833 sententia
404 3781 450 3832 cst
475 3790 560 3852 quam
588 3770 623 3831 od
650 3771 803 3833 ecclesiam
832 3775 1051 3835 accommodare
1081 3792 1255 3857 possumusa

96 3876 216 3954 Propter
229 3876 282 3934 doc
299 3876 439 3954 relinquet
454 3876 535 3934 domo
548 3883 657 3952 petrem
673 3894 772 3945 suarm,
805 3884 833 3933 et
848 3886 962 3935 matrem
980 3896 1076 3948 suem,
1107 3887 1136 3935 et
1152 3878 1255 3935 oddae·
1275 3885 1333 3929 (ten
1345 3884 1366 3939 t,
1378 3885 1410 3929 tt.

96 3978 171 4038 redit
192 3981 281 4038 orori
294 3997 380 4050 suec,
415 3988 443 4036 ct
460 3987 544 4036 erunt
573 3977 628 4035 duo
655 3979 685 4035 in
708 3996 820 4035 caraem
845 3997 938 4036 utrem.
987 3977 1148 4059 Apostolus
1171 3996 1255 4053 vero,
1271 3986 1356 4044 urna,
1364 3987 1396 4032 tt.

98 4082 399 4152 Sauromatarum,
424 4075 536 4161 inquit,
561 4098 692 4157 magnum
712 4089 771 4137 est:
804 4099 857 4157 ego
872 4090 963 4138 autem
984 4082 1046 4138 da'eo
1070 4083 1100 4139 ia
1116 4082 1257 4139 Christum

97 4192 127 4242 et
141 4186 297 4244 scelestum.
344 4178 378 4243 lo
396 4202 452 4264 quo
469 4189 635 4242 accuratam
655 4199 806 4242 sacrarum
834 4179 982 4243 literarum
1006 4179 1184 4263 diligentiam
1208 4179 1259 4242 ob-

99 4301 221 4347 servare
240 4284 327 4362 licet3
350 4302 426 4367 quoe
445 4303 510 4345 cum
528 4281 564 4345 de
581 4280 697 4346 Adamo
714 4282 890 4365 loquuntur,
923 4282 1065 4345 lormandi
1087 4282 1260 4346 vocabulum

99 4383 254 4462 adhibent,
285 4384 380 4449 Evam
409 4405 482 4448 vero
512 4404 692 4468 nequaqnam
720 4385 889 4460 dormaton,
925 4384 1171 4448 sedaedidcatam
1194 4406 1260 4449 esse

100 4486 211 4550 diettttt.
258 4491 384 4570 Sumpst’t
407 4492 495 4561 curin,
528 4486 637 4570 inquit,
671 4509 752 4548 unum
776 4512 791 4548 e
813 4491 899 4548 costes
924 4490 1019 4557 illius,
1053 4499 1080 4547 et
1101 4490 1400 4569 oedq’ficnva'ttteo.t,tt.

978 4607 1047 4673 28*
