3096 5070
449 269 585 322 rossan
603 270 665 319 nra.
677 270 721 321 nr.
739 269 822 322 rom
830 271 850 322 1.
868 269 1099 324 nnanuxxvr.
1292 260 1355 324 stt

195 411 231 454 se
244 389 430 455 tenebrarum
445 387 586 453 voeabula
604 389 785 474 pronuntiet,
810 409 886 472 quae
903 388 1053 453 auditione
1072 389 1226 470 didicerat,
1251 391 1354 457 borum

194 502 291 556 tamen
307 492 433 576 liguram
445 512 480 554 ac
493 490 621 576 speciem
636 489 754 554 minime
770 490 935 574 cognoscit,
957 511 1011 554 nee
1030 490 1190 556 cuiusmodi
1207 493 1247 556 sit
1261 495 1355 579 expli·

195 615 263 658 care
278 604 391 679 potest,
416 595 493 678 qood
512 594 549 656 ab
565 604 650 655 utero
667 593 769 656 matris
789 614 896 656 caecus
912 592 1070 677 prodierit,
1103 613 1138 656 ae
1156 595 1277 679 proinde
1293 596 1354 659 sin·

193 697 328 780 gulorum
358 697 545 782 qualitatem,
586 695 774 773 discrimina,
816 693 967 778 ligorasre
1006 695 1176 759 discernere
1215 709 1352 779 nequeat.

194 796 354 882 Quodlibet
374 798 451 862 enim
469 799 592 862 istorum
612 799 762 861 nominum
780 817 920 861 sensuum
938 795 1118 881 perceptioni
1137 797 1354 882 experientiae·

192 922 249 986 que
273 912 503 965 consentaneam
529 900 657 985 speciem
685 898 842 986 exprimit,
874 898 926 961 scd
949 919 983 962 ea
1008 919 1146 963 sermone
1166 899 1309 963 declarari
1326 903 1354 966 ci

192 1003 241 1089 qui
258 1025 317 1066 non
334 1002 413 1065 illam
437 1001 529 1066 oculis
549 1003 714 1086 usurparit,
748 1021 845 1084 neque
862 1011 940 1064 tactu
961 1000 1079 1086 probari
1096 1001 1286 1066 diiudicarive
1303 1023 1354 1088 po·

193 1115 262 1169 test.
309 1102 411 1186 Quare
428 1125 492 1166 cnm
513 1103 591 1167 caeci
611 1103 651 1166 illi
670 1105 705 1167 de
729 1104 802 1167 iisoe
821 1104 970 1167 coloribus
989 1102 1188 1182 disserentes,
1221 1104 1353 1187 quicum

193 1206 278 1288 nigro
296 1206 466 1282 candidum,
490 1205 584 1269 viride
602 1226 666 1268 cum
684 1205 840 1282 caeruleo,
872 1216 932 1268 tum
950 1226 1154 1291 purpureum,¹
1170 1206 1352 1286 coccineum,

193 1327 228 1369 ao
245 1317 363 1370 eeteros
389 1307 514 1370 interae
542 1308 635 1391 perite
655 1318 843 1392 comparant,
877 1309 913 1370 de
932 1307 1073 1392 cuiusque
1089 1307 1209 1391 generis
1225 1329 1259 1372 ac
1275 1308 1355 1371 colo·

193 1410 234 1472 ris
250 1409 389 1492 qualitate
413 1429 430 1471 a
451 1409 534 1474 nobis
559 1408 798 1493 interrogantur,
830 1431 885 1473 nec
910 1409 987 1474 istud
1014 1411 1130 1494 eloqni,
1164 1431 1219 1473 nee
1235 1430 1252 1472 a
1269 1410 1354 1474 nobis

192 1512 309 1576 edoceri
326 1522 466 1596 possunt,
491 1512 542 1575 scd
562 1533 635 1574 voce
654 1521 739 1575 tenus
760 1511 888 1596 sibiipsis
906 1513 1098 1596 persuadent,
1133 1523 1163 1575 et
1181 1512 1352 1577 auctoribus

192 1614 354 1699 imponunt,
379 1623 410 1676 ut
423 1614 538 1677 illorum
555 1613 712 1676 discrimen
731 1614 944 1696 perfectissime
961 1615 1070 1677 callere
1087 1614 1254 1692 rideantur,
1278 1625 1353 1678 tann-

192 1717 247 1780 etsi
269 1716 339 1780 nibil
354 1723 471 1800 praete'r
490 1715 567 1778 nuda
584 1715 676 1778 verba
694 1725 816 1778 teneant
832 1735 932 1779 earum
951 1737 1069 1792 rerum,
1101 1738 1242 1800 quarum,
1275 1719 1352 1801 quod

192 1841 244 1883 eas
259 1817 377 1882 minime
392 1818 641 1902 comprehendere
657 1816 782 1902 possint,
806 1838 918 1881 summa
933 1820 962 1881 in
979 1819 1166 1901 ignoratione
1180 1831 1349 1885 versantur.

193 1923 240 1985 Ad
257 1921 334 1984 bunc
350 1921 465 1982 modum
481 1919 530 1982 illo
547 1919 583 1982 de
600 1919 655 1982 deo
671 1939 836 1983 sermonenr
854 1919 995 1996 instituit,
1021 1931 1051 1983 et
1067 1933 1234 2007 corruptam
1251 1925 1352 1987 nescio

192 2044 278 2107 quam
298 2021 396 2099 nobis,
421 2032 542 2096 mutam,
566 2042 600 2083 ac
619 2022 750 2100 surdam,
774 2042 951 2105 caecamque
969 2022 1110 2105 virginum
1128 2045 1180 2108 per
1196 2024 1352 2088 ludibrium

192 2125 303 2202 obiicit,
328 2145 380 2208 pro
396 2144 449 2186 sua
465 2123 495 2185 in
509 2122 637 2185 divinum
654 2144 760 2187 numen
779 2124 938 2207 petulantia
955 2135 1110 2209 corruptus
1125 2126 1200 2209 ipse,
1225 2137 1254 2189 et
1267 2126 1352 2210 igno·

190 2227 284 2292 cantia
302 2224 384 2288 relat
399 2225 435 2288 ab
453 2225 568 2308 origine
587 2235 737 2289 eontracta
754 2226 895 2289 caecitate
912 2226 1061 2290 laborans.
1109 2224 1168 2308 Qni
1184 2229 1225 2290 ita
1244 2229 1280 2291 de
1296 2231 1351 2294 deo

189 2330 334 2413 disputat,
377 2336 409 2390 ut
433 2327 468 2390 de
497 2327 561 2390 eius
587 2337 691 2390 natura
721 2329 947 2391 sermocinando
976 2329 1125 2391 coniicere
1154 2350 1188 2391 ac
1217 2329 1351 2395 divinare
1452 2313 1455 2322 Ι

189 2432 318 2495 studeat.
363 2427 520 2492 Postremo
543 2429 702 2513 discipulos
726 2449 796 2494 snos
814 2432 849 2493 ad
870 2442 1033 2494 extremam
1059 2430 1266 2515 impudentiam
1286 2453 1352 2518 per·

189 2534 285 2599 duxit.

275 2632 331 2698 Vl.
375 2631 458 2696 Nihil
483 2633 559 2697 enim
578 2645 624 2697 est
640 2654 698 2718 quo
718 2656 776 2697 non
794 2633 908 2698 illorum
930 2635 1079 2721 pertingat
1098 2635 1230 2698 audacia.
1276 2633 1351 2700 Pro·

189 2736 340 2822 pbetsrum
364 2735 624 2820 apostolorumque
649 2736 773 2801 nonrioa.
789 2738 974 2801 contumeliis
1002 2739 1164 2801 incessunt.
1217 2734 1350 2822 Cumque

190 2838 289 2922 urgeri
308 2836 452 2900 rationum
469 2839 497 2899 vi
514 2859 549 2901 ac
569 2838 644 2900 male
662 2838 764 2902 baberi
781 2841 950 2924 coeperint,
981 2842 1126 2924 effugiunt
1144 2840 1284 2917 subinde,
1315 2860 1350 2904 ae

191 2940 361 3024 prosiliunt,
386 2950 432 3016 et,
458 2935 538 3020 lsta,
571 2940 722 3023 inquiunt,
754 2941 923 3026 apostolus,
957 2953 1093 3027 tanquam
1123 2944 1227 3019 bonro,
1261 2942 1347 3005 dixit.

192 3043 295 3118 Alias,
320 3038 397 3122 Quid
415 3051 444 3102 to
461 3042 528 3104 mibi
547 3054 645 3119 retus,
670 3043 763 3121 aiunt,
788 3053 993 3107 testamentum
1015 3045 1139 3107 obiicis'l
1184 3042 1269 3127 Quod
1287 3044 1351 3129 qui·

191 3145 255 3206 dem
273 3144 391 3208 minime
407 3146 510 3208 mirum
529 3157 592 3221 est,
625 3146 649 3207 si
667 3145 774 3208 dictum
795 3146 864 3209 illud
886 3147 1044 3210 salvatoris
1063 3148 1283 3211 consideretur:
1313 3151 1351 3209 Sr'
1374 3157 1458 3255 2¹²²ss

188 3248 439 3327 patremfamilias
455 3249 613 3310 Beelzebub
629 3259 814 3319 uocauerunt,
840 3261 944 3329 quanto
960 3255 1051 3329 magis
1066 3254 1231 3312 domestr'eos
1247 3254 1349 3312 r'llr'rrs?
1407 3242 1415 3262 ⁸
1453 3241 1460 3254 ⁹

190 3347 223 3412 Si
242 3347 387 3412 dominum
406 3350 518 3432 ipsum,
543 3371 577 3413 ac
594 3371 695 3413 rerum
715 3349 779 3412 oius
798 3352 905 3431 decus,
938 3361 967 3414 et
984 3351 1107 3435 gloriam
1124 3352 1271 3436 abnegare
1289 3372 1348 3414 non

190 3449 339 3527 dubitant,
380 3463 488 3534 quanto
514 3452 605 3534 magis
631 3452 787 3537 propbetas
813 3451 908 3530 illius,
947 3464 976 3515 et
1004 3454 1153 3539 apostolos
1181 3454 1348 3537 negabunt?

189 3550 350 3615 Praeterea
365 3574 436 3616 vero
451 3553 563 3615 maiore
580 3555 701 3635 quadam
722 3555 837 3617 insania
852 3576 885 3617 ae
905 3557 1004 3618 lurore
1020 3557 1147 3640 correpti
1165 3556 1243 3618 narii
1261 3555 1347 3618 disci-

190 3655 266 3740 puli,
291 3675 354 3716 oum
372 3654 474 3717 borum
491 3675 682 3731 successore,
707 3657 755 3738 qui
773 3654 936 3720 Eunomius
955 3659 1028 3721 lalso
1046 3659 1230 3734 nominatur,
1264 3668 1293 3719 et
1310 3660 1346 3721 ad

190 3758 262 3820 baec
280 3767 410 3841 tempora
429 3767 583 3841 superest,
615 3756 691 3819 aliud
710 3757 842 3838 quiddam
861 3754 1035 3822 sceleratum
1056 3781 1090 3822 ac
1108 3759 1251 3822 nefarium
1269 3781 1348 3822 eom·

190 3858 317 3922 mittunt.
365 3857 514 3942 Siquidem
531 3878 584 3921 eos
601 3856 650 3941 qui
664 3856 801 3940 baptizati
819 3859 876 3922 iam
893 3862 1001 3925 luerint
1016 3863 1120 3925 iterunr
1143 3861 1272 3947 baptizat
1287 3860 1347 3924 Eu-

189 3962 320 4039 nnrnius,
345 3983 402 4024 non
421 3962 507 4023 modo
525 3962 572 4043 qui
589 3982 606 4021 a
622 3957 786 4036 catholicis,
811 3972 861 4024 aut
876 3964 912 4025 ab
933 3965 998 4030 aliis
1017 3964 1201 4044 haeresibus,
1224 3965 1275 4026 sed
1295 3985 1347 4028 eos

188 4170 323 4230 cogitaverit
333 4183 379 4216 non
392 4169 449 4217 satis
461 4181 571 4230 assequor
576 4183 585 4230 ,⁰
597 4170 665 4216 vetit
679 4182 753 4232 quom
821 4166 862 4218 3¹2.
881 4161 959 4220 edroi
976 4172 1012 4218 cd.
1029 4170 1110 4220 Petuo.
1128 4165 1205 4220 edroi
1230 4170 1279 4218 eod
1288 4170 1348 4220 llbe-

190 4235 221 4284 ab
237 4234 357 4300 aliquibus
376 4234 557 4300 redarguuntur
579 4253 608 4284 ac
626 4234 751 4301 castigara—
787 4237 836 4299 diq.
871 4233 960 4287 ἑαυτοῦ
978 4239 1027 4286 cod.
1044 4240 1091 4287 len.
1108 4242 1130 4285 el
1144 4238 1198 4286 edil.
1216 4240 1290 4297 princ.

190 4311 237 4350 tur.
278 4305 336 4352 tlibi
357 4305 532 4353 rescribendum
552 4305 644 4354 uidetur
665 4299 752 4356 dnona—
820 4303 862 4356 33.
873 4306 981 4354 describo
994 4302 1037 4355 καὶ
1049 4300 1138 4363 κακὸν,
1154 4310 1279 4366 praecunte
1291 4307 1347 4355 Cor-

191 4367 328 4435 κρὰζονται.
785 4376 862 4435 norro,
880 4376 920 4434 qui
936 4376 1003 4422 vertit
1017 4372 1057 4438 qui
1072 4371 1155 4422 adbuc
1166 4371 1241 4421 bodie
1256 4389 1346 4441 super-

224 4438 264 4488 31.
282 4438 410 4507 τρέχοντες
425 4441 477 4490 eod.
493 4442 588 4503 Rbedr'q.
606 4437 751 4508 dnorpdpor·
785 4440 864 4489 estin
879 4440 928 4490 vita
949 4457 1064 4507 magnum
1080 4450 1106 4489 et
1121 4439 1278 4490 temerarium
1297 4440 1346 4493 fla-

189 4522 232 4565 τες
246 4509 328 4558 uitium
342 4515 375 4559 est
390 4511 426 4559 ed.
442 4512 522 4559 Peter.
541 4511 620 4560 colon.
638 4515 707 4572 repet.
784 4508 880 4579 gitium.
917 4512 1027 4564 Petoor‘us
1044 4512 1133 4562 volebat
1149 4511 1243 4565 κακῶν.
