3096 5070
438 286 571 340 rinnau
590 287 652 338 cra.
669 288 712 339 ιιι.
728 288 810 340 rou.
827 289 844 338 ι.
862 287 962 338 narn.
975 287 1093 339 nxxts
1282 278 1342 341 145

190 433 255 477 eam
279 419 361 495 patre
384 409 494 485 luisse,
526 427 581 470 neo
605 427 731 491 numam
748 427 816 471 esse
833 406 958 472 desiisse
976 416 1096 492 putent,
1128 406 1260 494 adeoque
1278 409 1342 473 sine

188 515 248 578 ullo
264 512 348 577 initio
365 532 401 574 ac
423 521 554 595 tempore
572 530 588 573 a
607 519 688 593 patre
706 529 773 573 esse
793 511 981 594 productum,
1012 509 1198 573 nibilominus
1220 520 1278 572 tam
1301 511 1343 590 bi,

189 637 274 701 quam
298 614 348 678 alii
363 634 466 677 omnes
483 613 512 674 in
528 611 662 696 spiritum
687 621 820 675 sanctum
839 610 1043 675 contumeliosi
1061 621 1147 689 sunt,
1177 630 1262 695 quem
1279 632 1344 676 cum

189 729 272 803 patre
295 726 325 780 et
345 716 449 801 spiritu
474 723 577 777 sancto
598 713 627 776 in
650 715 904 777 commemoranda
930 712 1080 777 divinitate
1099 734 1157 776 non
1178 726 1344 778 numerant.

189 819 256 885 Noa
273 829 371 884 autem
386 838 422 881 ea
438 817 474 880 de
489 837 522 879 re
539 835 680 901 persaepe
698 815 929 900 disputavimus,
955 825 985 878 et
999 816 1028 879 in
1044 813 1168 898 singulis
1185 815 1347 881 refutandis

191 921 363 988 haeresibus
380 917 554 983 certissimis
572 918 599 980 id
616 916 780 982 rationibus
797 939 856 981 non
872 918 1011 981 mediocri
1030 918 1179 1003 diligentia
1196 918 1347 1003 probatum

191 1025 378 1110 reliquimus,
411 1019 550 1084 videlicet
574 1020 707 1106 spiritum
733 1031 865 1084 sanctum
891 1041 955 1084 cum
979 1031 1061 1105 patre
1078 1031 1108 1084 et
1126 1020 1184 1085 filio
1200 1020 1348 1085 dominum

192 1125 345 1213 appellari.
400 1127 526 1204 Spiritus
548 1128 620 1185 entia
645 1127 754 1186 domiai
776 1126 897 1204 repleuit
921 1124 1014 1184 orbem
1041 1136 1200 1186 terrarum.-
1230 1128 1415 1205 spiritussop.
1434 1142 1454 1197 r,
1468 1142 1490 1184 r.

193 1233 243 1291 ille
259 1231 387 1290 ueritatis
409 1248 444 1288 oc
458 1229 513 1288 dei.
561 1229 688 1307 Spiritus
701 1230 774 1288 errabi
792 1229 902 1287 domairi
920 1229 1040 1300 dabitur,
1073 1239 1104 1288 et
1118 1247 1136 1288 a
1151 1238 1237 1308 putre
1248 1247 1349 1307 proce·
1371 1242 1450 1339 {2¹¹¹ss

193 1335 279 1404 deas,
310 1331 447 1410 etofibb
463 1333 621 1409 accipiens,
653 1349 688 1389 ae
708 1331 832 1409 subguiis
847 1332 926 1390 uarie
948 1332 1022 1391 dono
1043 1331 1230 1405 drbtrrbaens,
1262 1325 1502 1410 praenotatur.

195 1435 280 1508 iidet5
303 1436 351 1494 dei
363 1453 471 1513 quoqne
480 1433 625 1512 profitendo
640 1442 787 1504 scrutans,
813 1451 878 1493 cum
900 1441 981 1515 patre
1000 1431 1135 1495 existens
1152 1442 1182 1494 et
1199 1429 1274 1511 titio,
1299 1431 1350 1494 ba-

195 1535 327 1620 ptizans,
359 1532 518 1616 obsignans
540 1531 783 1616 obsignatnmqne
807 1532 973 1616 perliniens.
1027 1531 1140 1597 Verum
1166 1554 1203 1597 ne
1226 1535 1351 1597 eundern

194 1638 325 1701 laborem
350 1636 455 1699 iterum
475 1635 531 1699 boc
557 1633 622 1697 loco
640 1645 787 1720 repetam,
818 1654 892 1719 quae
911 1634 940 1697 in
958 1655 1063 1719 magua
1079 1634 1127 1699 illa
1143 1636 1350 1722 disputatione,

196 1761 281 1824 qnam
297 1739 334 1803 dc
349 1735 424 1802 Fide
439 1739 468 1800 iu
486 1734 687 1821 Pamphyliam
705 1737 823 1822 scripsi,
845 1736 912 1799 olim
931 1759 948 1799 a
965 1757 1011 1799 me
1031 1738 1177 1823 disputata
1195 1749 1281 1819 sunt,
1306 1738 1353 1801 bic
1451 1807 1455 1814 ‚

195 1863 374 1928 proponatur
405 1860 463 1924 quo
485 1850 516 1902 et
538 1838 765 1903 contumeliosos
789 1839 855 1902 illos
882 1838 911 1901 in
937 1839 1070 1924 spiritum
1092 1851 1224 1904 sanctum
1249 1840 1353 1904 baere-

197 1944 273 2008 ticos
296 1943 448 2021 refellam,
481 1950 512 2004 et
532 1941 660 2004 lectores
683 1939 848 2019 instituam,
882 1951 913 2003 et
934 1939 971 2004 iis
994 1942 1043 2025 qni
1065 1942 1197 2028 spiritum
1220 1953 1353 2006 sanctum

198 2045 389 2110 obtinuerant
406 2044 586 2127 voluptatem
608 2064 643 2107 ac
664 2043 805 2107 laetitiam
828 2042 961 2107 aderam.
1007 2041 1051 2106 Ea
1076 2066 1164 2130 porro
1184 2054 1254 2109 sunt
1276 2043 1354 2109 eius·

198 2147 289 2211 modi.

461 2351 508 2401 EX
527 2349 706 2403 ANGORATO
723 2350 904 2402 Excutere
921 2350 1096 2414 Quaenam.

285 2459 431 2535 Apparuit
441 2457 541 2534 gratio
555 2457 665 2515 dommi
676 2458 771 2516 noemi
784 2458 849 2516 Iesu
870 2457 980 2515 Chresti
989 2457 1121 2514 erudiens
1135 2473 1197 2526 nos,
1223 2464 1258 2515 ut
1271 2455 1356 2516 udae-
1375 2470 1434 2538 cap.
1451 2471 1480 2520 tt.

198 2568 303 2639 gentes
325 2561 492 2637 inpietatem
507 2567 537 2617 et
557 2559 718 2618 saecularis
732 2559 871 2619 desriimrb
887 2556 996 2628 sodm'e,
1026 2559 1075 2636 pie
1092 2566 1121 2616 et
1141 2559 1215 2616 ritate
1234 2560 1359 2619 otbomas
1370 2535 1449 2592 Μ
1462 2536 1495 2580 ¹¹¹

202 2665 231 2722 in
247 2663 300 2721 boc
315 2662 447 2732 soeculo,
481 2670 660 2739 expectentes
685 2660 792 2721 beatam
816 2680 892 2739 spem
914 2669 944 2720 et
960 2661 1108 2720 odoenmm
1127 2660 1241 2739 glomite
1261 2664 1362 2740 magni

203 2766 251 2823 dei
269 2773 300 2822 et
319 2765 471 2823 scloctoris
493 2766 589 2823 nostri
611 2765 676 2823 lesu
690 2765 813 2824 Christi:
846 2765 898 2843 qui
918 2764 1038 2822 tradidit
1056 2766 1177 2841 seipsum
1190 2783 1246 2842 pro
1263 2762 1354 2835 rodii,
1376 2772 1493 2832 cuttu.

205 2875 238 2924 at
255 2866 405 2926 redimeret
423 2885 474 2926 nos
490 2865 527 2925 ab
544 2868 623 2926 omni
633 2868 797 2945 rutpertum,
822 2876 851 2924 et
863 2875 1006 2944 purgaret
1019 2864 1078 2925 sidi
1092 2867 1151 2945 ipsi
1161 2867 1295 2945 populum
1308 2886 1359 2947 pe-

205 2967 356 3039 culairrem,
389 2978 556 3028 sectatorem
576 2967 710 3028 bonorum
735 2987 849 3047 operum
873 2969 965 3028 deleto
983 2988 1038 3046 per
1060 2970 1173 3028 decreta
1195 2988 1249 3028 sao
1268 2970 1362 3029 ebrio-

202 3070 332 3148 grepbo,
357 3072 433 3149 qaod
450 3080 550 3131 corma
566 3090 618 3130 nus
634 3080 713 3142 erat,
747 3090 783 3130 oe
799 3070 879 3131 nubis
895 3070 1117 3143 adversabatur5
1148 3073 1224 3151 qaod
1240 3093 1256 3131 e
1272 3073 1360 3132 medio

205 3170 345 3231 subletum
365 3171 463 3249 efficit
481 3175 577 3244 eruci,
610 3192 649 3233 ne
659 3175 839 3252 prmm‘pratas
864 3182 894 3231 et
912 3181 1067 3251 potestates
1085 3174 1210 3251 spolrbos
1232 3176 1365 3234 medacii

205 3275 342 3334 audacter
358 3275 533 3353 trtiempdaos
549 3276 615 3336 illos
640 3279 670 3335 ira
684 3278 849 3354 semetipso:
881 3284 986 3334 etcum
1002 3275 1197 3356 aeneossores
1213 3279 1362 3337 concivis·
1392 3288 1475 3333 cutm.

206 3385 265 3448 set,
290 3394 325 3436 ac
339 3385 430 3436 oeetes
440 3376 552 3457 ferreos
568 3378 772 3458 confregisset,
803 3375 883 3439 vitae
900 3376 1083 3460 postmodum
1102 3376 1198 3439 lumen
1220 3374 1360 3455 ostendit,
1394 3341 1441 3398 ω’
1453 3341 1484 3384 ¹⁸

207 3495 311 3538 manus
335 3475 491 3560 porrigens
514 3497 548 3539 ac
572 3476 647 3540 viam
674 3479 826 3556 muniens,
859 3488 889 3541 et
912 3479 947 3541 ad
971 3478 1085 3542 eoelum
1107 3478 1363 3541 conscendendum

208 3577 302 3640 scalas
319 3579 495 3655 ostendens,
526 3599 561 3641 ac
576 3576 747 3644 Paradisum
765 3580 890 3664 deniqne
906 3600 1008 3643 rursus
1031 3581 1066 3644 ad
1086 3579 1271 3643 habitandum
1292 3579 1365 3642 olde-

208 3699 290 3742 rens.
335 3677 393 3741 llic
412 3679 501 3765 igitur
514 3682 651 3743 lambuit
667 3687 696 3743 iu
712 3683 808 3756 nota,
833 3701 867 3745 ac
884 3680 958 3766 legis
975 3681 1096 3767 spiritns
1113 3681 1207 3745 sancti
1223 3680 1363 3745 iustifica·
1375 3700 1453 3747 ιοιιι
1466 3698 1516 3756 ι,ι.

209 3781 318 3845 tionem
335 3779 419 3844 nobis
438 3790 484 3843 est
498 3781 639 3866 largitus,
672 3792 704 3846 ut
719 3793 778 3844 tam
793 3782 886 3867 ipsum
905 3803 990 3866 quam
1007 3803 1082 3867 qnae
1102 3793 1171 3846 sunt
1188 3782 1281 3867 ipsius
1297 3803 1365 3867 pro·

209 3884 273 3969 pria
290 3902 519 3968 cognoscamns3
550 3884 626 3967 qnod
651 3883 728 3947 vitae
753 3881 866 3946 initium
891 3904 926 3947 ac
950 3886 1016 3949 bnis
1032 3895 1088 3948 est.
1134 3881 1217 3968 Ergo
1239 3884 1366 3949 iustitiae

210 3986 295 4050 nobis
314 4005 458 4049 concessa
471 3985 523 4049 lex
539 3995 602 4064 est,
626 3985 693 4063 lex,
718 3983 852 4066 inquam,
877 3984 961 4065 lidei,
986 3987 1035 4050 lex
1053 3983 1192 4070 spiritus,
1224 3996 1254 4049 et
1268 4007 1285 4050 a
1301 3987 1367 4072 lege

210 4088 308 4153 carnis
323 4088 436 4173 peccati
451 4087 556 4152 libera.
602 4083 801 4170 Quamobrem
820 4090 896 4168 quod
916 4091 955 4148 nd
971 4093 1132 4150 obterebreru
1151 4090 1286 4150 homiuem
1299 4111 1366 4170 per»
1382 4093 1522 4151 namtas.

212 4197 297 4266 anet,
332 4195 381 4253 dei
401 4212 445 4252 me
462 4193 511 4251 lec
531 4193 661 4253 deberat.
708 4186 765 4253 Est
789 4198 885 4253 autem
907 4188 985 4252 intra
1003 4211 1058 4253 nos
1076 4184 1229 4272 Cbristus3
1262 4191 1288 4255 si
1306 4190 1368 4276 qni·

247 4324 272 4380 6.
286 4321 366 4388 αι’τάς
382 4329 466 4378 torm.
846 4323 884 4376 to.
902 4316 920 4391 ἦ
939 4339 985 4375 nm.
1002 4327 1087 4377 tneor.

249 4390 274 4447 7.
290 4393 373 4466 bened
390 4398 443 4447 cod.
460 4397 558 4459 ltbedtp.
844 4393 884 4445 rt.
901 4388 979 4460 νόμος
992 4393 1104 4455 πίστεως
1117 4396 1201 4446 obsunt
1215 4397 1246 4445 ob
1263 4397 1346 4446 tueor.

249 4460 273 4514 R
290 4461 371 4525 πύλας
387 4466 470 4516 Anser.
845 4462 884 4515 l‘t.
902 4460 973 4527 ζωῆς
988 4464 1056 4513 babet
1072 4467 1156 4515 iocor.

248 4527 273 4581 9.
290 4525 455 4601 doopdbpae,
474 4525 579 4598 ου’ρανόν
595 4533 678 4583 Auem.
845 4532 884 4583 13.
902 4529 1049 4597 cursitorum
1065 4528 1109 4584 τόι
1125 4526 1201 4598 νόμον
1218 4533 1302 4583 iocor.

265 4627 355 4686 corpo·
367 4628 569 4676 naimone.
1130 4638 1169 4700 10
