3096 5070
425 295 564 348 raanan
580 295 700 347 maan.
719 296 800 349 non.
820 298 851 346 n.
870 295 970 348 naua.
983 296 1127 348 nxxvrn.
1287 287 1346 350 421

196 413 378 500 Quamquam
394 415 419 480 si
434 436 541 502 corpus
559 415 748 494 consideres,
782 415 897 478 loannis
915 426 1009 479 mater
1025 437 1082 479 nou
1102 427 1184 494 erat,
1216 418 1348 483 sedeam

197 518 287 604 ipsam
307 517 484 602 virginitatis
501 538 568 581 osse
591 517 751 603 prinoipem
770 517 935 602 significare
955 516 1063 596 voluit,
1096 518 1232 601 quoniam
1247 520 1284 583 ab
1301 520 1351 586 illa

193 621 253 684 rita
280 621 436 706 prooessit.
479 621 539 684 ¹bd
566 620 637 683 baec
665 622 821 699 loannem,
853 619 923 683 lieet
944 619 1057 682 alienus
1080 640 1114 682 ac
1141 621 1260 684 minime
1282 644 1350 707 pro·

194 724 317 809 pinquus
332 734 431 800 esset,
465 722 564 784 verbis
580 722 636 785 illis
651 723 757 786 affatus
777 731 840 800 est,
871 721 912 784 uti
930 731 1051 785 matrem
1068 721 1267 787 honorandam
1282 744 1349 789 esse

192 836 381 891 monstraret.
427 821 576 908 Siquidem
593 844 633 889 ex
649 824 695 886 illa
712 823 864 902 dominus,
890 824 964 907 quod
982 826 1015 887 ad
1034 845 1142 909 eorpus
1157 825 1278 904 attinet,
1303 847 1350 889 re·

193 949 263 991 vera
281 939 367 991 uatus
384 936 446 1003 esta
479 945 516 989 ne
535 926 600 1009 quis
621 927 748 989 fortasse
766 935 857 989 totum
876 926 1088 990 iucarnationis
1104 927 1251 1010 negotium
1270 938 1351 1012 putet

191 1039 317 1092 externa
337 1028 454 1113 speeie,
488 1050 546 1091 uon
570 1028 695 1091 ueritate
719 1038 868 1092 constare.
915 1026 992 1091 Nam
1011 1028 1066 1091 nisi
1084 1039 1267 1093 venenator
1285 1030 1349 1094 eius

193 1129 360 1207 extitisset,
385 1150 474 1213 aqua
491 1150 607 1193 earnem
624 1141 797 1214 acceperat,
829 1151 963 1215 quaeque
978 1131 1072 1216 ipsum
1090 1141 1264 1216 pepererat,
1290 1152 1348 1196 nou

192 1241 300 1295 tantam
327 1231 353 1293 ei
379 1252 477 1294 euram
501 1231 671 1310 adhiberet,
703 1242 735 1296 ut
753 1244 922 1317 perpetuam
945 1234 1089 1317 virginem
1116 1234 1346 1312 commendaret,

192 1354 265 1416 quae
283 1343 313 1396 et
330 1343 423 1395 mater
438 1334 475 1395 ob
491 1345 657 1418 susceptum
676 1355 714 1397 ex
731 1335 792 1419 ipsa
811 1356 919 1419 corpus
945 1335 1066 1415 luisset,
1100 1347 1130 1399 et
1146 1335 1183 1398 ob
1198 1334 1274 1397 illius
1296 1334 1347 1398 bo·

193 1456 294 1498 norem
317 1446 404 1519 atque
426 1434 594 1499 admirabile
617 1437 750 1520 corporis
773 1437 817 1500 sui
842 1458 893 1501 vas
918 1437 1026 1502 nullam
1049 1437 1142 1501 labem
1164 1439 1343 1502 admisisset.

193 1533 253 1600 Sed
272 1539 365 1622 pergit
382 1538 564 1622 evangelium
583 1550 629 1617 et,
654 1543 702 1600 Em
721 1542 789 1613 illa,
824 1539 933 1622 iuquit,
966 1545 1012 1602 dle
1026 1546 1207 1622 aecepr'tcam
1224 1546 1348 1622 dr'ccr'pa·

192 1642 236 1700 las
257 1645 296 1700 ad
308 1662 377 1701 sese.
425 1641 515 1724 Atqui
537 1639 562 1703 si
579 1650 609 1703 et
625 1640 718 1703 virum
737 1640 877 1720 baberet,
904 1653 934 1704 et
954 1642 1090 1721 domum,
1114 1654 1144 1706 et
1159 1643 1285 1720 liberos,
1310 1642 1346 1705 ad

190 1763 244 1804 aua
267 1741 362 1826 potius
385 1764 468 1826 quam
494 1743 528 1805 ad
552 1742 678 1806 alienum
701 1761 769 1806 sese
792 1745 952 1806 conterret.

277 1842 392 1908 Vereor
407 1864 445 1907 ue
465 1843 518 1907 boo
543 1845 635 1929 ipsum
658 1846 735 1928 quod
752 1843 875 1908 dicimus
895 1846 987 1908 fraudi
1008 1846 1047 1909 sit
1066 1847 1228 1930 aliquibus,
1262 1849 1346 1912 atad
1366 1850 1483 1920 enpxt

191 1946 417 2011 contubernales
440 1945 627 2026 aedilectas,
658 1963 730 2030 qua's
755 1957 879 2025 vocant,
913 1948 1035 2012 laminas
1055 1950 1239 2029 retinendas,
1270 1951 1347 2034 quod

190 2069 283 2132 genus
302 2048 428 2131 pessimo
448 2047 503 2109 sibi
520 2046 608 2110 animi
625 2069 727 2113 errore
743 2048 898 2114 machinati
915 2060 999 2127 sunt,
1025 2051 1121 2113 lucum
1138 2051 1205 2115 inde
1220 2053 1346 2136 aliquem

190 2160 220 2213 et
235 2150 363 2213 colorem
389 2149 553 2214 accessisse
578 2149 743 2214 videantur.
789 2149 901 2215 Verum
923 2151 981 2214 illie
999 2163 1081 2214 certa
1103 2152 1224 2235 quadam
1249 2155 1347 2237 provi·

189 2251 306 2314 dentiae
323 2251 437 2315 ratione
455 2250 655 2315 administrata
670 2263 739 2315 sunt
758 2253 874 2331 omnia,
908 2253 948 2315 ita
967 2263 998 2315 ut
1014 2263 1105 2315 totum
1125 2254 1178 2316 boe
1197 2255 1346 2339 negotium

188 2353 226 2416 ab
241 2354 363 2417 aliorum
383 2353 536 2433 omnium,
555 2374 630 2438 quae
650 2375 689 2418 ex
708 2352 755 2417 dei
771 2356 907 2418 mandato
926 2355 1100 2439 praestanda
1118 2367 1204 2433 sunt,
1237 2358 1346 2421 officio·

189 2477 251 2519 rum
268 2457 333 2540 lege
353 2467 433 2520 esset
449 2476 484 2519 aa
499 2456 675 2520 necessitate
701 2456 875 2520 seiunctum.
922 2455 1082 2521 Praeterea
1107 2470 1295 2543 posteaquam
1312 2459 1346 2524 il·

189 2558 236 2622 lud
253 2561 293 2622 ita
309 2570 422 2643 gestum
438 2569 496 2637 est,
521 2568 549 2621 et
566 2559 601 2621 ad
618 2579 685 2623 sese
702 2558 778 2622 illam
794 2560 918 2645 aceepit,
943 2582 1001 2622 non
1019 2561 1143 2646 amplius
1160 2563 1234 2645 apud
1251 2562 1344 2646 ipsum

189 2662 359 2746 permansit.
407 2657 493 2744 Quod
515 2660 540 2723 si
562 2660 634 2723 lalso
654 2660 757 2724 iactari
776 2662 917 2747 quispiam
938 2684 953 2724 a
973 2663 1056 2726 nobis
1074 2664 1242 2739 existimet,
1276 2663 1345 2727 lieet

188 2783 337 2826 sacrarum
355 2762 503 2825 literarum
523 2764 647 2847 vestigia
668 2764 851 2843 consectari,
876 2764 904 2827 in
924 2765 1027 2848 quibus
1048 2766 1154 2828 nullam
1174 2766 1209 2827 de
1229 2763 1345 2830 Mariae

190 2864 269 2928 obitu
286 2864 463 2927 mentionem
482 2864 628 2948 reperiet,
654 2876 766 2928 mortua
781 2866 838 2944 sit,
863 2887 977 2946 neorre,
1011 2868 1144 2950 sepulta,
1167 2888 1202 2929 an
1222 2888 1279 2930 uon
1297 2888 1345 2930 se·

190 2966 268 3050 pulta
288 2967 385 3029 luerit.
433 2965 478 3029 Ae
494 2987 558 3029 curn
581 2965 709 3031 loannes
724 2967 840 3035 iuterim
858 2968 887 3032 in
908 2969 1008 3031 Asiam
1027 2970 1176 3053 proiectus
1195 2969 1250 3048 sit,
1276 2990 1345 3033 nus-

189 3088 274 3152 quam
294 3078 388 3131 tamen
407 3068 436 3132 b.
456 3069 599 3152 virginem
625 3070 739 3132 itineris
758 3069 894 3133 comitem
921 3091 1020 3132 secum
1047 3071 1125 3134 illum
1146 3071 1283 3136 babuisse
1306 3073 1345 3135 si·

189 3170 325 3255 gnificat,
348 3173 399 3234 sed
417 3172 452 3234 de
469 3192 503 3234 ea
521 3193 552 3234 re
574 3173 688 3257 penitus
704 3171 850 3257 scriptura
868 3172 1055 3250 conticescit,
1087 3173 1114 3235 id
1131 3175 1205 3256 quod
1226 3185 1345 3259 propter

189 3272 389 3336 admirationis
409 3273 620 3337 vehementiam
640 3277 746 3337 laetum
765 3274 909 3351 arbitror,
934 3296 970 3337 ue
986 3276 1133 3339 bominum
1152 3277 1265 3340 animos
1284 3298 1344 3339 rora-

190 3375 281 3438 iorem
299 3376 441 3458 quendam
460 3376 488 3437 in
505 3387 652 3460 stuporem
671 3376 843 3440 coniiceret.
889 3375 955 3460 Ego
972 3377 1050 3440 enim
1068 3379 1257 3463 pronuntiare
1274 3378 1343 3441 illud

190 3497 317 3553 uereor,
351 3485 380 3537 et
399 3475 486 3539 tacita
512 3478 586 3561 apud
611 3498 656 3539 me
678 3478 856 3561 cogitatione
881 3490 1021 3568 reputans
1045 3481 1113 3544 mibi
1135 3481 1281 3544 silentium
1300 3480 1344 3542 iu-

190 3578 267 3641 dico.
314 3573 429 3662 Quippe
444 3577 517 3641 baud
536 3579 598 3641 seio
613 3601 649 3640 an
668 3580 704 3642 de
723 3580 907 3643 sanctissima
926 3583 974 3645 illa
992 3603 1026 3645 ac
1043 3583 1214 3648 beatissima
1228 3582 1343 3664 uirgine

190 3680 315 3744 obseura
332 3680 472 3764 quaedam
492 3680 619 3743 inveniri
644 3681 767 3764 vestigia
791 3682 923 3767 possint,
955 3707 1029 3768 quae
1046 3685 1186 3749 incertam
1206 3682 1292 3748 nobis
1310 3683 1344 3747 il-

190 3783 244 3847 lius
264 3783 366 3847 mortis
391 3784 474 3846 bdem
499 3782 618 3845 iaciant.
664 3780 741 3845 Nam
762 3803 801 3845 ex
819 3804 874 3845 nna
896 3769 977 3868 paule
996 3787 1065 3851 illud
1088 3787 1234 3865 occurrit,
1267 3786 1343 3869 quod

188 3887 225 3949 de
243 3885 290 3949 illa
311 3887 494 3969 pronuntiat:
529 3889 569 3946 Et
586 3896 662 3945 taam
680 3888 768 3964 aprina
785 3890 905 3946 unimam
919 3892 1054 3966 pervadet
1075 3893 1209 3969 gladius,
1244 3899 1276 3949 at
1296 3903 1483 3963 renuente

187 4000 321 4069 tegantur
342 4011 379 4059 ee
395 3991 545 4050 multorum
564 3988 696 4048 cordibus
712 3990 906 4066 cogitationes.
942 3988 1068 4053 Aliunde
1085 4011 1156 4055 vero
1174 3991 1203 4052 in
1223 3989 1497 4075 Apum-ameum.

189 4090 263 4177 lypsi
281 4088 402 4154 loannis
418 4090 560 4174 legimus,
584 4093 739 4151 Draconem
759 4094 893 4151 aduersus
907 4094 1049 4152 mulcerem
1061 4114 1247 4172 properasse,
1273 4117 1344 4175 quae

190 4213 293 4254 marera
309 4205 474 4275 pepererat,
508 4205 535 4254 et
550 4197 631 4254 datae
646 4198 675 4255 er'
690 4216 750 4254 esse
766 4215 876 4275 pennas
892 4196 1020 4274 aquilae,
1055 4208 1085 4255 et
1101 4199 1266 4257 translatam
1282 4219 1343 4258 esse

189 4298 218 4354 r'n
231 4299 385 4371 desertum,
410 4318 445 4356 ne
457 4317 516 4357 earn
532 4299 618 4357 draeo
632 4300 885 4378 comprehenderet.
933 4292 1018 4379 Quod
1036 4297 1150 4381 quidem
1168 4297 1196 4361 in
1211 4299 1259 4362 itta
1274 4320 1341 4363 esse

188 4405 285 4480 potest
298 4397 458 4482 impletum.
505 4394 688 4481 Quamquam
706 4398 776 4462 illud
806 4419 863 4462 uon
884 4398 994 4462 affirmo
1013 4400 1145 4484 penitus,
1180 4422 1274 4485 ueqne
1289 4413 1340 4466 aut

221 4532 244 4586 5.
262 4523 293 4587 ain
310 4537 388 4586 omar.
406 4537 432 4589 ta
448 4537 502 4587 adit
520 4538 601 4588 Potae.
