<?xml version="1.0" encoding="UTF-8"?>
<!DOCTYPE html PUBLIC "-//W3C//DTD XHTML 1.0 Transitional//EN"
    "http://www.w3.org/TR/xhtml1/DTD/xhtml1-transitional.dtd">
<html xmlns="http://www.w3.org/1999/xhtml" xml:lang="en" lang="en">
 <head>
  <title>
</title>
<meta http-equiv="Content-Type" content="text/html;charset=utf-8" />
  <meta name='ocr-system' content='tesseract 3.04.00' />
  <meta name='ocr-capabilities' content='ocr_page ocr_carea ocr_par ocr_line ocrx_word'/>
</head>
<body>
  <div class='ocr_page' id='page_1' title='image "./corporishaerese00unkngoog/corporishaerese00unkngoog_0211.png"; bbox 0 0 3096 5070; ppageno 0'>
   <div class='ocr_carea' id='block_1_1' title="bbox 168 266 904 334">
    <p class='ocr_par' dir='ltr' id='par_1_1' title="bbox 168 266 904 334">
     <span class='ocr_line' id='line_1_1' title="bbox 168 266 904 334; baseline 0.003 -3"><span class='ocrx_word' id='word_1_1' title='bbox 168 266 230 333; x_wconf 63' lang='grc' dir='ltr'><strong><em>τοι</em></strong></span> <span class='ocrx_word' id='word_1_2' title='bbox 593 281 904 334; x_wconf 77' lang='grc' dir='ltr'><strong><em>ειειατιτειεεεενιι</em></strong></span> 
     </span>
    </p>
   </div>
   <div class='ocr_carea' id='block_1_2' title="bbox 30 393 1333 4389">
    <p class='ocr_par' dir='ltr' id='par_1_2' title="bbox 30 393 1333 4389">
     <span class='ocr_line' id='line_1_2' title="bbox 168 393 1330 483; baseline 0.006 -22"><span class='ocrx_word' id='word_1_3' title='bbox 168 395 204 462; x_wconf 81' lang='grc' dir='ltr'><strong><em>τό</em></strong></span> <span class='ocrx_word' id='word_1_4' title='bbox 218 397 326 477; x_wconf 86' lang='grc' dir='ltr'><strong><em>τίλειει,</em></strong></span> <span class='ocrx_word' id='word_1_5' title='bbox 348 395 395 463; x_wconf 85' lang='grc' dir='ltr'><strong><em>δτι</em></strong></span> <span class='ocrx_word' id='word_1_6' title='bbox 408 393 427 464; x_wconf 89' lang='grc' dir='ltr'><strong><em>ό</em></strong></span> <span class='ocrx_word' id='word_1_7' title='bbox 440 395 508 475; x_wconf 83' lang='grc' dir='ltr'><strong><em>υίδς</em></strong></span> <span class='ocrx_word' id='word_1_8' title='bbox 526 399 560 465; x_wconf 81' lang='grc' dir='ltr'><strong><em>ίκ</em></strong></span> <span class='ocrx_word' id='word_1_9' title='bbox 574 395 703 483; x_wconf 85' lang='grc' dir='ltr'><strong><em>πατρός,</em></strong></span> <span class='ocrx_word' id='word_1_10' title='bbox 725 399 832 476; x_wconf 82' lang='grc' dir='ltr'><strong><em>τέλειος</em></strong></span> <span class='ocrx_word' id='word_1_11' title='bbox 850 401 883 466; x_wconf 87' lang='grc' dir='ltr'><strong><em>έκ</em></strong></span> <span class='ocrx_word' id='word_1_12' title='bbox 900 403 1024 477; x_wconf 86' lang='grc' dir='ltr'><strong><em>τελείου,</em></strong></span> <span class='ocrx_word' id='word_1_13' title='bbox 1054 400 1164 467; x_wconf 79' lang='grc' dir='ltr'><strong><em>τέλειον</em></strong></span> <span class='ocrx_word' id='word_1_14' title='bbox 1179 400 1213 466; x_wconf 81' lang='grc' dir='ltr'><strong><em>δέ</em></strong></span> <span class='ocrx_word' id='word_1_15' title='bbox 1229 403 1279 468; x_wconf 84' lang='grc' dir='ltr'><strong><em>καλ</em></strong></span> <span class='ocrx_word' id='word_1_16' title='bbox 1294 401 1330 473; x_wconf 77' lang='grc' dir='ltr'><strong><em>τό</em></strong></span> 
     </span>
     <span class='ocr_line' id='line_1_3' title="bbox 168 498 399 586; baseline -0.004 -20"><span class='ocrx_word' id='word_1_17' title='bbox 168 498 255 586; x_wconf 76' lang='grc' dir='ltr'><strong><em>όγιον</em></strong></span> <span class='ocrx_word' id='word_1_18' title='bbox 274 507 399 583; x_wconf 81' lang='grc' dir='ltr'><strong><em>πνεῦμα.</em></strong></span> 
     </span>
     <span class='ocr_line' id='line_1_4' title="bbox 30 595 1332 691; baseline 0.01 -30"><span class='ocrx_word' id='word_1_19' title='bbox 30 608 99 679; x_wconf 78' lang='grc' dir='ltr'><strong><em>Κεφ.</em></strong></span> <span class='ocrx_word' id='word_1_20' title='bbox 117 609 152 678; x_wconf 86' lang='grc' dir='ltr'><strong><em>η’.</em></strong></span> <span class='ocrx_word' id='word_1_21' title='bbox 249 601 326 669; x_wconf 86' lang='grc' dir='ltr'><strong><em>Ἀπό</em></strong></span> <span class='ocrx_word' id='word_1_22' title='bbox 344 609 414 686; x_wconf 83' lang='grc' dir='ltr'><strong><em>μιᾶς</em></strong></span> <span class='ocrx_word' id='word_1_23' title='bbox 435 605 487 668; x_wconf 88' lang='grc' dir='ltr'><strong><em>καλ</em></strong></span> <span class='ocrx_word' id='word_1_24' title='bbox 509 605 647 689; x_wconf 73' lang='grc' dir='ltr'><strong><em>δευτέρας</em></strong></span> <span class='ocrx_word' id='word_1_25' title='bbox 663 607 713 670; x_wconf 81' lang='grc' dir='ltr'><strong><em>καί</em></strong></span> <span class='ocrx_word' id='word_1_26' title='bbox 737 609 836 689; x_wconf 91' lang='grc' dir='ltr'><strong><em>τρίτης</em></strong></span> <span class='ocrx_word' id='word_1_27' title='bbox 852 608 1012 689; x_wconf 74' lang='grc' dir='ltr'><strong><em>μαρτυρίας</em></strong></span> <span class='ocrx_word' id='word_1_28' title='bbox 1028 595 1112 671; x_wconf 76' lang='grc' dir='ltr'><strong><em>οὗτοι</em></strong></span> <span class='ocrx_word' id='word_1_29' title='bbox 1129 606 1332 691; x_wconf 76' lang='grc' dir='ltr'><strong><em>φωραθήσον-</em></strong></span> 
     </span>
     <span class='ocr_line' id='line_1_5' title="bbox 168 702 1332 795; baseline 0.004 -23"><span class='ocrx_word' id='word_1_30' title='bbox 168 731 224 772; x_wconf 87' lang='grc' dir='ltr'><strong><em>ται.</em></strong></span> <span class='ocrx_word' id='word_1_31' title='bbox 268 709 311 771; x_wconf 75' lang='lat' dir='ltr'><strong><em>Et</em></strong></span> <span class='ocrx_word' id='word_1_32' title='bbox 322 704 378 792; x_wconf 79' lang='grc' dir='ltr'><strong><em>γόρ</em></strong></span> <span class='ocrx_word' id='word_1_33' title='bbox 396 704 472 781; x_wconf 83' lang='grc' dir='ltr'><strong><em>όλως</em></strong></span> <span class='ocrx_word' id='word_1_34' title='bbox 486 703 670 793; x_wconf 73' lang='grc' dir='ltr'><strong><em>ὁμολογεῖται</em></strong></span> <span class='ocrx_word' id='word_1_35' title='bbox 686 702 736 772; x_wconf 70' lang='grc' dir='ltr'><strong><em>ὑπ’</em></strong></span> <span class='ocrx_word' id='word_1_36' title='bbox 754 704 848 772; x_wconf 71' lang='grc' dir='ltr'><strong><em>αὐτοῦ</em></strong></span> <span class='ocrx_word' id='word_1_37' title='bbox 864 709 1086 793; x_wconf 76' lang='grc' dir='ltr'><strong><em>γεγεννημένος,</em></strong></span> <span class='ocrx_word' id='word_1_38' title='bbox 1108 703 1332 795; x_wconf 76' lang='grc' dir='ltr'><strong><em>όμολυγηθήσε·</em></strong></span> 
     </span>
     <span class='ocr_line' id='line_1_6' title="bbox 154 805 1333 901; baseline 0.003 -27"><span class='ocrx_word' id='word_1_39' title='bbox 154 835 214 874; x_wconf 85' lang='grc' dir='ltr'><strong><em>-ται</em></strong></span> <span class='ocrx_word' id='word_1_40' title='bbox 229 805 305 875; x_wconf 84' lang='grc' dir='ltr'><strong><em>ιίναι</em></strong></span> <span class='ocrx_word' id='word_1_41' title='bbox 321 809 486 894; x_wconf 82' lang='grc' dir='ltr'><strong><em>ίπόναγκες</em></strong></span> <span class='ocrx_word' id='word_1_42' title='bbox 502 807 607 891; x_wconf 85' lang='grc' dir='ltr'><strong><em>όμοιος</em></strong></span> <span class='ocrx_word' id='word_1_43' title='bbox 622 814 663 898; x_wconf 77' lang='grc' dir='ltr'><strong><em>τῷ</em></strong></span> <span class='ocrx_word' id='word_1_44' title='bbox 677 807 871 895; x_wconf 79' lang='grc' dir='ltr'><strong><em>γεγεννηκότι</em></strong></span> <span class='ocrx_word' id='word_1_45' title='bbox 915 816 1016 892; x_wconf 81' lang='grc' dir='ltr'><strong><em>Δῆλον</em></strong></span> <span class='ocrx_word' id='word_1_46' title='bbox 1032 810 1065 875; x_wconf 76' lang='grc' dir='ltr'><strong><em>δὲ</em></strong></span> <span class='ocrx_word' id='word_1_47' title='bbox 1080 807 1126 876; x_wconf 84' lang='grc' dir='ltr'><strong><em>ότι</em></strong></span> <span class='ocrx_word' id='word_1_48' title='bbox 1140 812 1172 877; x_wconf 87' lang='grc' dir='ltr'><strong><em>έν</em></strong></span> <span class='ocrx_word' id='word_1_49' title='bbox 1185 810 1262 901; x_wconf 75' lang='grc' dir='ltr'><strong><em>λόγῳ</em></strong></span> <span class='ocrx_word' id='word_1_50' title='bbox 1276 814 1333 896; x_wconf 80' lang='grc' dir='ltr'><strong><em>μλν</em></strong></span> 
     </span>
     <span class='ocr_line' id='line_1_7' title="bbox 166 911 1330 998; baseline 0.005 -22"><span class='ocrx_word' id='word_1_51' title='bbox 166 913 241 996; x_wconf 75' lang='grc' dir='ltr'><strong><em>λέγει</em></strong></span> <span class='ocrx_word' id='word_1_52' title='bbox 254 911 288 977; x_wconf 85' lang='grc' dir='ltr'><strong><em>τό</em></strong></span> <span class='ocrx_word' id='word_1_53' title='bbox 305 913 451 997; x_wconf 75' lang='grc' dir='ltr'><strong><em>γέννημα,</em></strong></span> <span class='ocrx_word' id='word_1_54' title='bbox 471 916 578 996; x_wconf 84' lang='grc' dir='ltr'><strong><em>κτίσμα</em></strong></span> <span class='ocrx_word' id='word_1_55' title='bbox 596 913 629 977; x_wconf 78' lang='grc' dir='ltr'><strong><em>δὲ</em></strong></span> <span class='ocrx_word' id='word_1_56' title='bbox 646 919 751 993; x_wconf 70' lang='grc' dir='ltr'><strong><em>σαφεῖς</em></strong></span> <span class='ocrx_word' id='word_1_57' title='bbox 768 914 826 994; x_wconf 69' lang='grc' dir='ltr'><strong><em>ἔχει</em></strong></span> <span class='ocrx_word' id='word_1_58' title='bbox 841 915 936 978; x_wconf 80' lang='grc' dir='ltr'><strong><em>τεκαὶ</em></strong></span> <span class='ocrx_word' id='word_1_59' title='bbox 954 917 1135 978; x_wconf 73' lang='grc' dir='ltr'><strong><em>πεπίστευκε.</em></strong></span> <span class='ocrx_word' id='word_1_60' title='bbox 1181 915 1266 981; x_wconf 83' lang='grc' dir='ltr'><strong><em>Κατό</em></strong></span> <span class='ocrx_word' id='word_1_61' title='bbox 1278 915 1330 998; x_wconf 77' lang='grc' dir='ltr'><strong><em>γό·</em></strong></span> 
     </span>
     <span class='ocr_line' id='line_1_8' title="bbox 157 1011 1329 1100; baseline 0.004 -21"><span class='ocrx_word' id='word_1_62' title='bbox 157 1039 215 1100; x_wconf 77' lang='grc' dir='ltr'><strong><em>’ριν</em></strong></span> <span class='ocrx_word' id='word_1_63' title='bbox 230 1015 262 1080; x_wconf 78' lang='grc' dir='ltr'><strong><em>δὲ</em></strong></span> <span class='ocrx_word' id='word_1_64' title='bbox 276 1022 429 1080; x_wconf 86' lang='grc' dir='ltr'><strong><em>καλεῖσθαι</em></strong></span> <span class='ocrx_word' id='word_1_65' title='bbox 446 1014 539 1080; x_wconf 77' lang='grc' dir='ltr'><strong><em>αὐτόν</em></strong></span> <span class='ocrx_word' id='word_1_66' title='bbox 555 1012 639 1093; x_wconf 86' lang='grc' dir='ltr'><strong><em>υίόν,</em></strong></span> <span class='ocrx_word' id='word_1_67' title='bbox 663 1011 705 1090; x_wconf 83' lang='grc' dir='ltr'><strong><em>σός</em></strong></span> <span class='ocrx_word' id='word_1_68' title='bbox 721 1012 926 1097; x_wconf 82' lang='grc' dir='ltr'><strong><em>λδοκίμασενό</em></strong></span> <span class='ocrx_word' id='word_1_69' title='bbox 945 1012 1144 1100; x_wconf 82' lang='grc' dir='ltr'><strong><em>ιόριγνιόμων</em></strong></span> <span class='ocrx_word' id='word_1_70' title='bbox 1161 1025 1220 1084; x_wconf 76' lang='grc' dir='ltr'><strong><em>τῶν</em></strong></span> <span class='ocrx_word' id='word_1_71' title='bbox 1238 1021 1329 1086; x_wconf 83' lang='grc' dir='ltr'><strong><em>έπόυ·</em></strong></span> 
     </span>
     <span class='ocr_line' id='line_1_9' title="bbox 166 1115 1331 1206; baseline 0.004 -24"><span class='ocrx_word' id='word_1_72' title='bbox 166 1120 292 1201; x_wconf 86' lang='grc' dir='ltr'><strong><em>ρσνίων,</em></strong></span> <span class='ocrx_word' id='word_1_73' title='bbox 315 1119 366 1183; x_wconf 86' lang='grc' dir='ltr'><strong><em>καλ</em></strong></span> <span class='ocrx_word' id='word_1_74' title='bbox 381 1115 518 1202; x_wconf 69' lang='grc' dir='ltr'><strong><em>μεριστῆς</em></strong></span> <span class='ocrx_word' id='word_1_75' title='bbox 530 1124 591 1182; x_wconf 76' lang='grc' dir='ltr'><strong><em>τῶν</em></strong></span> <span class='ocrx_word' id='word_1_76' title='bbox 605 1115 793 1202; x_wconf 68' lang='grc' dir='ltr'><strong><em>ἀδιαιρέτων,</em></strong></span> <span class='ocrx_word' id='word_1_77' title='bbox 816 1121 866 1183; x_wconf 86' lang='grc' dir='ltr'><strong><em>καί</em></strong></span> <span class='ocrx_word' id='word_1_78' title='bbox 881 1120 1049 1204; x_wconf 83' lang='grc' dir='ltr'><strong><em>γεωμέτρης</em></strong></span> <span class='ocrx_word' id='word_1_79' title='bbox 1063 1126 1117 1201; x_wconf 83' lang='grc' dir='ltr'><strong><em>της</em></strong></span> <span class='ocrx_word' id='word_1_80' title='bbox 1130 1117 1272 1206; x_wconf 72' lang='grc' dir='ltr'><strong><em>ἡμετέρας</em></strong></span> <span class='ocrx_word' id='word_1_81' title='bbox 1287 1122 1331 1199; x_wconf 88' lang='grc' dir='ltr'><strong><em>είς</em></strong></span> 
     </span>
     <span class='ocr_line' id='line_1_10' title="bbox 169 1203 1330 1308; baseline 0.005 -24"><span class='ocrx_word' id='word_1_82' title='bbox 169 1203 301 1304; x_wconf 72' lang='grc' dir='ltr'><strong><em>Χριστόν</em></strong></span> <span class='ocrx_word' id='word_1_83' title='bbox 313 1225 466 1304; x_wconf 88' lang='grc' dir='ltr'><strong><em>σωτηρίας.</em></strong></span> <span class='ocrx_word' id='word_1_84' title='bbox 511 1226 671 1286; x_wconf 87' lang='grc' dir='ltr'><strong><em>Διαπίπτει</em></strong></span> <span class='ocrx_word' id='word_1_85' title='bbox 688 1221 719 1286; x_wconf 84' lang='grc' dir='ltr'><strong><em>δέ</em></strong></span> <span class='ocrx_word' id='word_1_86' title='bbox 735 1217 753 1286; x_wconf 89' lang='grc' dir='ltr'><strong><em>ό</em></strong></span> <span class='ocrx_word' id='word_1_87' title='bbox 767 1219 888 1286; x_wconf 86' lang='grc' dir='ltr'><strong><em>πόντων</em></strong></span> <span class='ocrx_word' id='word_1_88' title='bbox 903 1219 1019 1286; x_wconf 74' lang='grc' dir='ltr'><strong><em>τούτων</em></strong></span> <span class='ocrx_word' id='word_1_89' title='bbox 1032 1219 1119 1305; x_wconf 85' lang='grc' dir='ltr'><strong><em>λόγος</em></strong></span> <span class='ocrx_word' id='word_1_90' title='bbox 1133 1228 1193 1288; x_wconf 73' lang='grc' dir='ltr'><strong><em>τῶν</em></strong></span> <span class='ocrx_word' id='word_1_91' title='bbox 1208 1222 1330 1308; x_wconf 85' lang='grc' dir='ltr'><strong><em>κτισμό-</em></strong></span> 
     </span>
     <span class='ocr_line' id='line_1_11' title="bbox 166 1319 1329 1412; baseline 0.003 -25"><span class='ocrx_word' id='word_1_92' title='bbox 166 1348 225 1389; x_wconf 90' lang='grc' dir='ltr'><strong><em>των</em></strong></span> <span class='ocrx_word' id='word_1_93' title='bbox 250 1319 342 1388; x_wconf 86' lang='grc' dir='ltr'><strong><em>αότόν</em></strong></span> <span class='ocrx_word' id='word_1_94' title='bbox 366 1321 639 1407; x_wconf 85' lang='grc' dir='ltr'><strong><em>παρειςφερόντων,</em></strong></span> <span class='ocrx_word' id='word_1_95' title='bbox 670 1321 712 1400; x_wconf 75' lang='grc' dir='ltr'><strong><em>τίς</em></strong></span> <span class='ocrx_word' id='word_1_96' title='bbox 735 1326 783 1389; x_wconf 90' lang='grc' dir='ltr'><strong><em>καλ</em></strong></span> <span class='ocrx_word' id='word_1_97' title='bbox 807 1320 825 1388; x_wconf 87' lang='grc' dir='ltr'><strong><em>ό</em></strong></span> <span class='ocrx_word' id='word_1_98' title='bbox 846 1319 956 1389; x_wconf 78' lang='grc' dir='ltr'><strong><em>τούτου</em></strong></span> <span class='ocrx_word' id='word_1_99' title='bbox 983 1332 1120 1389; x_wconf 77' lang='grc' dir='ltr'><strong><em>πεσεῖται.</em></strong></span> <span class='ocrx_word' id='word_1_100' title='bbox 1164 1327 1252 1405; x_wconf 84' lang='grc' dir='ltr'><strong><em>Λίξω</em></strong></span> <span class='ocrx_word' id='word_1_101' title='bbox 1272 1324 1329 1412; x_wconf 82' lang='grc' dir='ltr'><strong><em>γόρ</em></strong></span> 
     </span>
     <span class='ocr_line' id='line_1_12' title="bbox 165 1418 1330 1514; baseline 0.004 -25"><span class='ocrx_word' id='word_1_102' title='bbox 165 1423 242 1510; x_wconf 84' lang='grc' dir='ltr'><strong><em>πρός</em></strong></span> <span class='ocrx_word' id='word_1_103' title='bbox 267 1422 361 1490; x_wconf 80' lang='grc' dir='ltr'><strong><em>αὐτόν</em></strong></span> <span class='ocrx_word' id='word_1_104' title='bbox 381 1423 570 1504; x_wconf 86' lang='grc' dir='ltr'><strong><em>δικαιότατα,</em></strong></span> <span class='ocrx_word' id='word_1_105' title='bbox 592 1427 671 1512; x_wconf 80' lang='grc' dir='ltr'><strong><em>Λέγε</em></strong></span> <span class='ocrx_word' id='word_1_106' title='bbox 690 1452 757 1509; x_wconf 88' lang='grc' dir='ltr'><strong><em>μοι,</em></strong></span> <span class='ocrx_word' id='word_1_107' title='bbox 788 1418 812 1492; x_wconf 84' lang='grc' dir='ltr'><strong><em>ιό</em></strong></span> <span class='ocrx_word' id='word_1_108' title='bbox 834 1418 938 1505; x_wconf 74' lang='grc' dir='ltr'><strong><em>οὗτος,</em></strong></span> <span class='ocrx_word' id='word_1_109' title='bbox 971 1431 999 1490; x_wconf 88' lang='grc' dir='ltr'><strong><em>τί</em></strong></span> <span class='ocrx_word' id='word_1_110' title='bbox 1016 1424 1053 1490; x_wconf 77' lang='grc' dir='ltr'><strong><em>όν</em></strong></span> <span class='ocrx_word' id='word_1_111' title='bbox 1073 1428 1168 1512; x_wconf 87' lang='grc' dir='ltr'><strong><em>λέγοις</em></strong></span> <span class='ocrx_word' id='word_1_112' title='bbox 1188 1429 1330 1514; x_wconf 77' lang='grc' dir='ltr'><strong><em>περὶτοῦ</em></strong></span> 
     </span>
     <span class='ocr_line' id='line_1_13' title="bbox 165 1525 1330 1617; baseline 0.003 -25"><span class='ocrx_word' id='word_1_113' title='bbox 165 1529 237 1592; x_wconf 84' lang='grc' dir='ltr'><strong><em>υίοῦ</em></strong></span> <span class='ocrx_word' id='word_1_114' title='bbox 253 1534 309 1592; x_wconf 83' lang='grc' dir='ltr'><strong><em>τοῦ</em></strong></span> <span class='ocrx_word' id='word_1_115' title='bbox 321 1535 413 1606; x_wconf 77' lang='grc' dir='ltr'><strong><em>θεοῦς</em></strong></span> <span class='ocrx_word' id='word_1_116' title='bbox 434 1531 541 1611; x_wconf 88' lang='grc' dir='ltr'><strong><em>κτίσμα</em></strong></span> <span class='ocrx_word' id='word_1_117' title='bbox 555 1525 647 1592; x_wconf 72' lang='grc' dir='ltr'><strong><em>αὐτόν</em></strong></span> <span class='ocrx_word' id='word_1_118' title='bbox 666 1528 805 1609; x_wconf 85' lang='grc' dir='ltr'><strong><em>φόσκεις,</em></strong></span> <span class='ocrx_word' id='word_1_119' title='bbox 827 1526 849 1611; x_wconf 75' lang='grc' dir='ltr'><em>ἢ</em></span> <span class='ocrx_word' id='word_1_120' title='bbox 863 1531 994 1615; x_wconf 88' lang='grc' dir='ltr'><strong><em>γέννημα</em></strong></span> <span class='ocrx_word' id='word_1_121' title='bbox 999 1555 1008 1606; x_wconf 90' lang='lat'>;</span> <span class='ocrx_word' id='word_1_122' title='bbox 1039 1530 1066 1593; x_wconf 87' lang='grc' dir='ltr'><strong><em>εί</em></strong></span> <span class='ocrx_word' id='word_1_123' title='bbox 1081 1529 1135 1612; x_wconf 77' lang='grc' dir='ltr'><strong><em>μέν</em></strong></span> <span class='ocrx_word' id='word_1_124' title='bbox 1149 1529 1205 1617; x_wconf 78' lang='grc' dir='ltr'><strong><em>γόρ</em></strong></span> <span class='ocrx_word' id='word_1_125' title='bbox 1223 1534 1330 1613; x_wconf 81' lang='grc' dir='ltr'><strong><em>κτίσμα</em></strong></span> 
     </span>
     <span class='ocr_line' id='line_1_14' title="bbox 166 1626 1329 1716; baseline 0.004 -22"><span class='ocrx_word' id='word_1_126' title='bbox 166 1626 259 1694; x_wconf 69' lang='grc' dir='ltr'><strong><em>αὐτόν</em></strong></span> <span class='ocrx_word' id='word_1_127' title='bbox 272 1631 364 1716; x_wconf 82' lang='grc' dir='ltr'><strong><em>λέγεις</em></strong></span> <span class='ocrx_word' id='word_1_128' title='bbox 384 1626 476 1709; x_wconf 88' lang='grc' dir='ltr'><strong><em>ιίναι,</em></strong></span> <span class='ocrx_word' id='word_1_129' title='bbox 507 1631 611 1714; x_wconf 84' lang='grc' dir='ltr'><strong><em>μηκέτι</em></strong></span> <span class='ocrx_word' id='word_1_130' title='bbox 628 1638 768 1708; x_wconf 75' lang='grc' dir='ltr'><strong><em>πιθανῶς</em></strong></span> <span class='ocrx_word' id='word_1_131' title='bbox 785 1629 978 1715; x_wconf 86' lang='grc' dir='ltr'><strong><em>παρόκρυπτε</em></strong></span> <span class='ocrx_word' id='word_1_132' title='bbox 995 1630 1048 1714; x_wconf 77' lang='grc' dir='ltr'><strong><em>τὴν</em></strong></span> <span class='ocrx_word' id='word_1_133' title='bbox 1062 1629 1173 1713; x_wconf 80' lang='grc' dir='ltr'><strong><em>λύμην,</em></strong></span> <span class='ocrx_word' id='word_1_134' title='bbox 1203 1628 1329 1715; x_wconf 86' lang='grc' dir='ltr'><strong><em>όνόματι</em></strong></span> 
     </span>
     <span class='ocr_line' id='line_1_15' title="bbox 39 1731 1328 1820; baseline 0.002 -22"><span class='ocrx_word' id='word_1_135' title='bbox 39 1769 90 1816; x_wconf 65' lang='grc' dir='ltr'><strong><em>μς,</em></strong></span> <span class='ocrx_word' id='word_1_136' title='bbox 102 1759 149 1807; x_wconf 84' lang='grc' dir='ltr'><strong><em>οτι.</em></strong></span> <span class='ocrx_word' id='word_1_137' title='bbox 167 1733 298 1818; x_wconf 78' lang='grc' dir='ltr'><strong><em>γέννημα</em></strong></span> <span class='ocrx_word' id='word_1_138' title='bbox 313 1731 406 1798; x_wconf 85' lang='grc' dir='ltr'><strong><em>αιἰτόν</em></strong></span> <span class='ocrx_word' id='word_1_139' title='bbox 424 1739 524 1799; x_wconf 73' lang='grc' dir='ltr'><strong><em>καλεῖν</em></strong></span> <span class='ocrx_word' id='word_1_140' title='bbox 542 1741 595 1800; x_wconf 83' lang='grc' dir='ltr'><strong><em>τοῦ</em></strong></span> <span class='ocrx_word' id='word_1_141' title='bbox 612 1734 733 1820; x_wconf 90' lang='grc' dir='ltr'><strong><em>πατρός.</em></strong></span> <span class='ocrx_word' id='word_1_142' title='bbox 780 1741 849 1798; x_wconf 78' lang='grc' dir='ltr'><strong><em>Πᾶν</em></strong></span> <span class='ocrx_word' id='word_1_143' title='bbox 870 1733 926 1819; x_wconf 72' lang='grc' dir='ltr'><strong><em>γὰρ</em></strong></span> <span class='ocrx_word' id='word_1_144' title='bbox 942 1732 975 1801; x_wconf 87' lang='grc' dir='ltr'><strong><em>τό</em></strong></span> <span class='ocrx_word' id='word_1_145' title='bbox 989 1733 1105 1801; x_wconf 87' lang='grc' dir='ltr'><strong><em>κτιστόν</em></strong></span> <span class='ocrx_word' id='word_1_146' title='bbox 1121 1733 1159 1800; x_wconf 78' lang='grc' dir='ltr'><strong><em>οὗ</em></strong></span> <span class='ocrx_word' id='word_1_147' title='bbox 1175 1733 1328 1820; x_wconf 86' lang='grc' dir='ltr'><strong><em>γεννητόν·</em></strong></span> 
     </span>
     <span class='ocr_line' id='line_1_16' title="bbox 166 1833 1329 1925; baseline 0.003 -25"><span class='ocrx_word' id='word_1_148' title='bbox 166 1837 217 1901; x_wconf 84' lang='grc' dir='ltr'><strong><em>καί</em></strong></span> <span class='ocrx_word' id='word_1_149' title='bbox 233 1838 262 1900; x_wconf 87' lang='grc' dir='ltr'><strong><em>εί</em></strong></span> <span class='ocrx_word' id='word_1_150' title='bbox 276 1833 430 1921; x_wconf 89' lang='grc' dir='ltr'><strong><em>γεννητόν,</em></strong></span> <span class='ocrx_word' id='word_1_151' title='bbox 460 1833 496 1902; x_wconf 84' lang='grc' dir='ltr'><strong><em>υό</em></strong></span> <span class='ocrx_word' id='word_1_152' title='bbox 512 1834 639 1903; x_wconf 90' lang='grc' dir='ltr'><strong><em>κτιστόν.</em></strong></span> <span class='ocrx_word' id='word_1_153' title='bbox 675 1835 790 1903; x_wconf 80' lang='grc' dir='ltr'><strong><em>Ἕασον</em></strong></span> <span class='ocrx_word' id='word_1_154' title='bbox 807 1841 908 1903; x_wconf 83' lang='grc' dir='ltr'><strong><em>τοίνυν</em></strong></span> <span class='ocrx_word' id='word_1_155' title='bbox 925 1835 958 1902; x_wconf 88' lang='grc' dir='ltr'><strong><em>τό</em></strong></span> <span class='ocrx_word' id='word_1_156' title='bbox 978 1835 1050 1919; x_wconf 77' lang='grc' dir='ltr'><strong><em>μήτε</em></strong></span> <span class='ocrx_word' id='word_1_157' title='bbox 1064 1835 1143 1925; x_wconf 78' lang='grc' dir='ltr'><strong><em>λόγῳ</em></strong></span> <span class='ocrx_word' id='word_1_158' title='bbox 1155 1837 1247 1922; x_wconf 84' lang='grc' dir='ltr'><strong><em>λέγειν</em></strong></span> <span class='ocrx_word' id='word_1_159' title='bbox 1263 1863 1329 1923; x_wconf 88' lang='grc' dir='ltr'><strong><em>γεν-</em></strong></span> 
     </span>
     <span class='ocr_line' id='line_1_17' title="bbox 165 1935 1330 2029; baseline 0.003 -26"><span class='ocrx_word' id='word_1_160' title='bbox 165 1935 269 2020; x_wconf 89' lang='grc' dir='ltr'><strong><em>νητόν·</em></strong></span> <span class='ocrx_word' id='word_1_161' title='bbox 301 1938 338 2004; x_wconf 77' lang='grc' dir='ltr'><strong><em>οὖ</em></strong></span> <span class='ocrx_word' id='word_1_162' title='bbox 354 1936 409 2024; x_wconf 79' lang='grc' dir='ltr'><strong><em>γόρ</em></strong></span> <span class='ocrx_word' id='word_1_163' title='bbox 426 1940 532 2024; x_wconf 83' lang='grc' dir='ltr'><strong><em>πρέπει</em></strong></span> <span class='ocrx_word' id='word_1_164' title='bbox 554 1959 600 2005; x_wconf 91' lang='grc' dir='ltr'><strong><em>σοι</em></strong></span> <span class='ocrx_word' id='word_1_165' title='bbox 619 1939 694 2016; x_wconf 84' lang='grc' dir='ltr'><strong><em>όλως</em></strong></span> <span class='ocrx_word' id='word_1_166' title='bbox 711 1937 770 2006; x_wconf 75' lang='grc' dir='ltr'><strong><em>κόν</em></strong></span> <span class='ocrx_word' id='word_1_167' title='bbox 787 1941 830 2005; x_wconf 83' lang='grc' dir='ltr'><strong><em>ένλ</em></strong></span> <span class='ocrx_word' id='word_1_168' title='bbox 852 1938 930 2029; x_wconf 69' lang='grc' dir='ltr'><strong><em>λόγῳ</em></strong></span> <span class='ocrx_word' id='word_1_169' title='bbox 948 1941 1050 2024; x_wconf 82' lang='grc' dir='ltr'><strong><em>φέρειν</em></strong></span> <span class='ocrx_word' id='word_1_170' title='bbox 1068 1947 1120 2022; x_wconf 80' lang='grc' dir='ltr'><strong><em>τῆς</em></strong></span> <span class='ocrx_word' id='word_1_171' title='bbox 1136 1936 1278 2023; x_wconf 85' lang='grc' dir='ltr'><strong><em>α’ληθείας</em></strong></span> <span class='ocrx_word' id='word_1_172' title='bbox 1291 1940 1330 2007; x_wconf 72' lang='grc' dir='ltr'><strong><em>τό</em></strong></span> 
     </span>
     <span class='ocr_line' id='line_1_18' title="bbox 123 2038 1328 2129; baseline 0.004 -25"><span class='ocrx_word' id='word_1_173' title='bbox 123 2123 126 2129; x_wconf 24' lang='lat'>¹</span> <span class='ocrx_word' id='word_1_174' title='bbox 165 2038 284 2125; x_wconf 63' lang='grc' dir='ltr'><strong><em>ῥήματα</em></strong></span> <span class='ocrx_word' id='word_1_175' title='bbox 301 2042 351 2107; x_wconf 83' lang='grc' dir='ltr'><strong><em>λπλ</em></strong></span> <span class='ocrx_word' id='word_1_176' title='bbox 368 2042 492 2122; x_wconf 75' lang='grc' dir='ltr'><strong><em>χειλέων.</em></strong></span> <span class='ocrx_word' id='word_1_177' title='bbox 534 2039 618 2106; x_wconf 67' lang='lat' dir='ltr'><strong><em>&#39;And</em></strong></span> <span class='ocrx_word' id='word_1_178' title='bbox 639 2044 703 2127; x_wconf 89' lang='grc' dir='ltr'><strong><em>λέγε</em></strong></span> <span class='ocrx_word' id='word_1_179' title='bbox 724 2063 779 2107; x_wconf 91' lang='grc' dir='ltr'><strong><em>σου</em></strong></span> <span class='ocrx_word' id='word_1_180' title='bbox 796 2040 829 2107; x_wconf 91' lang='grc' dir='ltr'><strong><em>τό</em></strong></span> <span class='ocrx_word' id='word_1_181' title='bbox 846 2048 907 2107; x_wconf 81' lang='grc' dir='ltr'><strong><em>πᾶν</em></strong></span> <span class='ocrx_word' id='word_1_182' title='bbox 926 2048 979 2124; x_wconf 80' lang='grc' dir='ltr'><strong><em>τῆς</em></strong></span> <span class='ocrx_word' id='word_1_183' title='bbox 998 2043 1176 2125; x_wconf 75' lang='grc' dir='ltr'><strong><em>ἐπιβουλῆς,</em></strong></span> <span class='ocrx_word' id='word_1_184' title='bbox 1204 2046 1254 2109; x_wconf 80' lang='grc' dir='ltr'><strong><em>ἵνα</em></strong></span> <span class='ocrx_word' id='word_1_185' title='bbox 1271 2041 1328 2126; x_wconf 83' lang='grc' dir='ltr'><strong><em>μό·</em></strong></span> 
     </span>
     <span class='ocr_line' id='line_1_19' title="bbox 167 2139 1326 2232; baseline 0.001 -23"><span class='ocrx_word' id='word_1_186' title='bbox 167 2152 271 2226; x_wconf 83' lang='grc' dir='ltr'><strong><em>θωμεν</em></strong></span> <span class='ocrx_word' id='word_1_187' title='bbox 283 2148 328 2219; x_wconf 89' lang='grc' dir='ltr'><strong><em>τίς</em></strong></span> <span class='ocrx_word' id='word_1_188' title='bbox 343 2139 386 2223; x_wconf 83' lang='grc' dir='ltr'><strong><em>εί,</em></strong></span> <span class='ocrx_word' id='word_1_189' title='bbox 407 2145 456 2209; x_wconf 89' lang='grc' dir='ltr'><strong><em>καλ</em></strong></span> <span class='ocrx_word' id='word_1_190' title='bbox 475 2142 573 2220; x_wconf 70' lang='grc' dir='ltr'><strong><em>οὕτως</em></strong></span> <span class='ocrx_word' id='word_1_191' title='bbox 588 2141 790 2230; x_wconf 70' lang='grc' dir='ltr'><strong><em>α’ποφιίγωμεν</em></strong></span> <span class='ocrx_word' id='word_1_192' title='bbox 805 2141 865 2211; x_wconf 81' lang='grc' dir='ltr'><strong><em>όπό</em></strong></span> <span class='ocrx_word' id='word_1_193' title='bbox 880 2150 935 2227; x_wconf 82' lang='grc' dir='ltr'><strong><em>τῆς</em></strong></span> <span class='ocrx_word' id='word_1_194' title='bbox 953 2146 1114 2227; x_wconf 83' lang='grc' dir='ltr'><strong><em>έπιβουλῆς</em></strong></span> <span class='ocrx_word' id='word_1_195' title='bbox 1131 2167 1202 2224; x_wconf 89' lang='grc' dir='ltr'><strong><em>σου,</em></strong></span> <span class='ocrx_word' id='word_1_196' title='bbox 1225 2143 1326 2232; x_wconf 79' lang='grc' dir='ltr'><strong><em>όγρεν·</em></strong></span> 
     </span>
     <span class='ocr_line' id='line_1_20' title="bbox 165 2243 1321 2332; baseline 0 -20"><span class='ocrx_word' id='word_1_197' title='bbox 165 2243 202 2312; x_wconf 75' lang='grc' dir='ltr'><strong><em>τό</em></strong></span> <span class='ocrx_word' id='word_1_198' title='bbox 215 2253 275 2311; x_wconf 80' lang='grc' dir='ltr'><strong><em>τῶν</em></strong></span> <span class='ocrx_word' id='word_1_199' title='bbox 292 2252 415 2329; x_wconf 77' lang='grc' dir='ltr'><strong><em>ψυχῶν,</em></strong></span> <span class='ocrx_word' id='word_1_200' title='bbox 435 2247 487 2310; x_wconf 83' lang='grc' dir='ltr'><strong><em>καί</em></strong></span> <span class='ocrx_word' id='word_1_201' title='bbox 504 2248 642 2329; x_wconf 89' lang='grc' dir='ltr'><strong><em>ίπίβουλε</em></strong></span> <span class='ocrx_word' id='word_1_202' title='bbox 657 2254 717 2312; x_wconf 77' lang='grc' dir='ltr'><strong><em>τῶν</em></strong></span> <span class='ocrx_word' id='word_1_203' title='bbox 732 2268 780 2312; x_wconf 93' lang='grc' dir='ltr'><strong><em>σοι</em></strong></span> <span class='ocrx_word' id='word_1_204' title='bbox 795 2249 1025 2331; x_wconf 83' lang='grc' dir='ltr'><strong><em>πεποθημένων.</em></strong></span> <span class='ocrx_word' id='word_1_205' title='bbox 1070 2253 1255 2332; x_wconf 79' lang='grc' dir='ltr'><strong><em>Προςκυνεῖς</em></strong></span> <span class='ocrx_word' id='word_1_206' title='bbox 1265 2251 1321 2313; x_wconf 85' lang='grc' dir='ltr'><strong><em>τοί·</em></strong></span> 
     </span>
     <span class='ocr_line' id='line_1_21' title="bbox 165 2346 1317 2434; baseline -0.002 -19"><span class='ocrx_word' id='word_1_207' title='bbox 165 2375 221 2415; x_wconf 91' lang='grc' dir='ltr'><strong><em>νυν</em></strong></span> <span class='ocrx_word' id='word_1_208' title='bbox 235 2347 287 2415; x_wconf 84' lang='grc' dir='ltr'><strong><em>τόν</em></strong></span> <span class='ocrx_word' id='word_1_209' title='bbox 304 2347 372 2414; x_wconf 89' lang='grc' dir='ltr'><strong><em>υίόν</em></strong></span> <span class='ocrx_word' id='word_1_210' title='bbox 383 2356 439 2414; x_wconf 77' lang='grc' dir='ltr'><strong><em>τοῦ</em></strong></span> <span class='ocrx_word' id='word_1_211' title='bbox 452 2355 545 2427; x_wconf 81' lang='grc' dir='ltr'><strong><em>θεοῦ,</em></strong></span> <span class='ocrx_word' id='word_1_212' title='bbox 566 2347 588 2431; x_wconf 73' lang='grc' dir='ltr'><em>ἢ</em></span> <span class='ocrx_word' id='word_1_213' title='bbox 604 2349 641 2414; x_wconf 79' lang='grc' dir='ltr'><strong><em>οὗ</em></strong></span> <span class='ocrx_word' id='word_1_214' title='bbox 659 2358 848 2434; x_wconf 76' lang='grc' dir='ltr'><strong><em>προςκυνεῖςς</em></strong></span> <span class='ocrx_word' id='word_1_215' title='bbox 893 2352 966 2428; x_wconf 81' lang='grc' dir='ltr'><strong><em>Ναί,</em></strong></span> <span class='ocrx_word' id='word_1_216' title='bbox 983 2354 1073 2433; x_wconf 77' lang='grc' dir='ltr'><strong><em>φησί,</em></strong></span> <span class='ocrx_word' id='word_1_217' title='bbox 1095 2356 1253 2433; x_wconf 77' lang='grc' dir='ltr'><strong><em>προςκυνεὸ</em></strong></span> <span class='ocrx_word' id='word_1_218' title='bbox 1266 2346 1317 2413; x_wconf 76' lang='grc' dir='ltr'><strong><em>τό·</em></strong></span> 
     </span>
     <span class='ocr_line' id='line_1_22' title="bbox 164 2448 1322 2539; baseline 0.002 -23"><span class='ocrx_word' id='word_1_219' title='bbox 164 2448 224 2518; x_wconf 93' lang='grc' dir='ltr'><strong><em>τόν.</em></strong></span> <span class='ocrx_word' id='word_1_220' title='bbox 270 2450 347 2517; x_wconf 89' lang='grc' dir='ltr'><strong><em>Θεόν</em></strong></span> <span class='ocrx_word' id='word_1_221' title='bbox 365 2461 555 2537; x_wconf 88' lang='grc' dir='ltr'><strong><em>προςκυνεῑς,</em></strong></span> <span class='ocrx_word' id='word_1_222' title='bbox 576 2448 691 2534; x_wconf 74' lang='grc' dir='ltr'><strong><em>ἢοιίχίς</em></strong></span> <span class='ocrx_word' id='word_1_223' title='bbox 715 2454 793 2529; x_wconf 80' lang='grc' dir='ltr'><strong><em>Ναὶ,</em></strong></span> <span class='ocrx_word' id='word_1_224' title='bbox 816 2454 907 2535; x_wconf 84' lang='grc' dir='ltr'><strong><em>φησί,</em></strong></span> <span class='ocrx_word' id='word_1_225' title='bbox 929 2451 1004 2520; x_wconf 89' lang='grc' dir='ltr'><strong><em>θεόν</em></strong></span> <span class='ocrx_word' id='word_1_226' title='bbox 1019 2461 1186 2539; x_wconf 78' lang='grc' dir='ltr'><strong><em>πρσςκυνῶ.</em></strong></span> <span class='ocrx_word' id='word_1_227' title='bbox 1229 2457 1322 2528; x_wconf 66' lang='lat' dir='ltr'>notae</span> 
     </span>
     <span class='ocr_line' id='line_1_23' title="bbox 164 2547 1327 2640; baseline 0 -18"><span class='ocrx_word' id='word_1_228' title='bbox 164 2547 222 2622; x_wconf 77' lang='grc' dir='ltr'><strong><em>οὖν</em></strong></span> <span class='ocrx_word' id='word_1_229' title='bbox 241 2553 315 2631; x_wconf 85' lang='grc' dir='ltr'><strong><em>θεός</em></strong></span> <span class='ocrx_word' id='word_1_230' title='bbox 337 2557 417 2620; x_wconf 81' lang='grc' dir='ltr'><strong><em>Ισται</em></strong></span> <span class='ocrx_word' id='word_1_231' title='bbox 438 2553 554 2631; x_wconf 81' lang='grc' dir='ltr'><strong><em>κτιστός</em></strong></span> <span class='ocrx_word' id='word_1_232' title='bbox 575 2553 657 2639; x_wconf 84' lang='grc' dir='ltr'><strong><em>παρό</em></strong></span> <span class='ocrx_word' id='word_1_233' title='bbox 680 2576 727 2619; x_wconf 90' lang='grc' dir='ltr'><strong><em>σοι</em></strong></span> <span class='ocrx_word' id='word_1_234' title='bbox 746 2554 902 2640; x_wconf 87' lang='grc' dir='ltr'><strong><em>λεγόμενος</em></strong></span> <span class='ocrx_word' id='word_1_235' title='bbox 923 2559 974 2621; x_wconf 80' lang='grc' dir='ltr'><strong><em>καὶ</em></strong></span> <span class='ocrx_word' id='word_1_236' title='bbox 996 2555 1269 2640; x_wconf 78' lang='grc' dir='ltr'><strong><em>προςκυνοόμενοςς</em></strong></span> <span class='ocrx_word' id='word_1_237' title='bbox 1298 2553 1327 2620; x_wconf 79' lang='grc' dir='ltr'><strong><em>τί</em></strong></span> 
     </span>
     <span class='ocr_line' id='line_1_24' title="bbox 164 2653 1326 2744; baseline 0 -21"><span class='ocrx_word' id='word_1_238' title='bbox 164 2660 218 2743; x_wconf 59' lang='grc' dir='ltr'><strong><em>μὲν</em></strong></span> <span class='ocrx_word' id='word_1_239' title='bbox 239 2656 295 2744; x_wconf 82' lang='grc' dir='ltr'><strong><em>γόρ</em></strong></span> <span class='ocrx_word' id='word_1_240' title='bbox 317 2655 370 2723; x_wconf 90' lang='grc' dir='ltr'><strong><em>τόν</em></strong></span> <span class='ocrx_word' id='word_1_241' title='bbox 392 2660 444 2723; x_wconf 71' lang='grc' dir='ltr'><strong><em>ἕνα</em></strong></span> <span class='ocrx_word' id='word_1_242' title='bbox 465 2659 576 2722; x_wconf 83' lang='grc' dir='ltr'><strong><em>ίκτισεν</em></strong></span> <span class='ocrx_word' id='word_1_243' title='bbox 594 2653 613 2722; x_wconf 91' lang='grc' dir='ltr'><strong><em>ό</em></strong></span> <span class='ocrx_word' id='word_1_244' title='bbox 628 2656 833 2742; x_wconf 86' lang='grc' dir='ltr'><strong><em>προςκυνητδς</em></strong></span> <span class='ocrx_word' id='word_1_245' title='bbox 857 2655 947 2737; x_wconf 86' lang='grc' dir='ltr'><strong><em>θεός,</em></strong></span> <span class='ocrx_word' id='word_1_246' title='bbox 977 2661 1029 2724; x_wconf 86' lang='grc' dir='ltr'><strong><em>καί</em></strong></span> <span class='ocrx_word' id='word_1_247' title='bbox 1053 2666 1160 2724; x_wconf 80' lang='grc' dir='ltr'><strong><em>τοῦτον</em></strong></span> <span class='ocrx_word' id='word_1_248' title='bbox 1184 2654 1326 2743; x_wconf 76' lang='grc' dir='ltr'><strong><em>εόδόιιηεε</em></strong></span> 
     </span>
     <span class='ocr_line' id='line_1_25' title="bbox 163 2756 1325 2848; baseline -0.003 -20"><span class='ocrx_word' id='word_1_249' title='bbox 163 2768 412 2848; x_wconf 83' lang='grc' dir='ltr'><strong><em>προςκυνεῖσθαι,</em></strong></span> <span class='ocrx_word' id='word_1_250' title='bbox 441 2757 478 2825; x_wconf 77' lang='grc' dir='ltr'><strong><em>τό</em></strong></span> <span class='ocrx_word' id='word_1_251' title='bbox 492 2757 517 2825; x_wconf 86' lang='grc' dir='ltr'><strong><em>δ’</em></strong></span> <span class='ocrx_word' id='word_1_252' title='bbox 533 2758 605 2825; x_wconf 83' lang='grc' dir='ltr'><strong><em>όλλα</em></strong></span> <span class='ocrx_word' id='word_1_253' title='bbox 624 2758 722 2825; x_wconf 87' lang='grc' dir='ltr'><strong><em>πόντα</em></strong></span> <span class='ocrx_word' id='word_1_254' title='bbox 737 2757 828 2835; x_wconf 85' lang='grc' dir='ltr'><strong><em>αιἰτός</em></strong></span> <span class='ocrx_word' id='word_1_255' title='bbox 845 2756 863 2825; x_wconf 88' lang='grc' dir='ltr'><strong><em>ό</em></strong></span> <span class='ocrx_word' id='word_1_256' title='bbox 878 2765 978 2836; x_wconf 88' lang='grc' dir='ltr'><strong><em>κτίσας</em></strong></span> <span class='ocrx_word' id='word_1_257' title='bbox 994 2760 1031 2826; x_wconf 84' lang='grc' dir='ltr'><strong><em>ου’</em></strong></span> <span class='ocrx_word' id='word_1_258' title='bbox 1049 2761 1186 2843; x_wconf 78' lang='grc' dir='ltr'><strong><em>βούλεται</em></strong></span> <span class='ocrx_word' id='word_1_259' title='bbox 1197 2776 1325 2847; x_wconf 64' lang='grc' dir='ltr'><strong><em>πρσμτ·</em></strong></span> 
     </span>
     <span class='ocr_line' id='line_1_26' title="bbox 162 2854 1326 2946; baseline 0.001 -17"><span class='ocrx_word' id='word_1_260' title='bbox 162 2874 297 2943; x_wconf 85' lang='grc' dir='ltr'><strong><em>νεῖσθαι,</em></strong></span> <span class='ocrx_word' id='word_1_261' title='bbox 318 2861 392 2932; x_wconf 77' lang='grc' dir='ltr'><strong><em>ιἰλλδ</em></strong></span> <span class='ocrx_word' id='word_1_262' title='bbox 407 2865 456 2928; x_wconf 84' lang='grc' dir='ltr'><strong><em>καλ</em></strong></span> <span class='ocrx_word' id='word_1_263' title='bbox 474 2865 603 2928; x_wconf 80' lang='grc' dir='ltr'><strong><em>αἰτιᾶται</em></strong></span> <span class='ocrx_word' id='word_1_264' title='bbox 618 2860 689 2939; x_wconf 83' lang='grc' dir='ltr'><strong><em>τεός</em></strong></span> <span class='ocrx_word' id='word_1_265' title='bbox 704 2869 945 2944; x_wconf 83' lang='grc' dir='ltr'><strong><em>προςκυνοῦντας</em></strong></span> <span class='ocrx_word' id='word_1_266' title='bbox 964 2862 1018 2946; x_wconf 77' lang='grc' dir='ltr'><strong><em>την</em></strong></span> <span class='ocrx_word' id='word_1_267' title='bbox 1033 2868 1142 2942; x_wconf 88' lang='grc' dir='ltr'><strong><em>κτίσιν,</em></strong></span> <span class='ocrx_word' id='word_1_268' title='bbox 1165 2861 1216 2928; x_wconf 80' lang='grc' dir='ltr'><strong><em>διδ</em></strong></span> <span class='ocrx_word' id='word_1_269' title='bbox 1227 2854 1326 2946; x_wconf 78' lang='grc' dir='ltr'><strong><em>νόμου</em></strong></span> 
     </span>
     <span class='ocr_line' id='line_1_27' title="bbox 165 2962 1325 3054; baseline -0.001 -21"><span class='ocrx_word' id='word_1_270' title='bbox 165 2966 330 3046; x_wconf 76' lang='grc' dir='ltr'><strong><em>διδάσκων,</em></strong></span> <span class='ocrx_word' id='word_1_271' title='bbox 356 2965 402 3031; x_wconf 80' lang='grc' dir='ltr'><strong><em>Οό</em></strong></span> <span class='ocrx_word' id='word_1_272' title='bbox 418 2964 553 3047; x_wconf 78' lang='grc' dir='ltr'><strong><em>ποιήσεις</em></strong></span> <span class='ocrx_word' id='word_1_273' title='bbox 569 2971 681 3053; x_wconf 78' lang='grc' dir='ltr'><strong><em>σεαυτῷ</em></strong></span> <span class='ocrx_word' id='word_1_274' title='bbox 692 2971 754 3029; x_wconf 83' lang='grc' dir='ltr'><strong><em>πᾶν</em></strong></span> <span class='ocrx_word' id='word_1_275' title='bbox 770 2962 917 3048; x_wconf 88' lang='grc' dir='ltr'><strong><em>όμοίωμα,</em></strong></span> <span class='ocrx_word' id='word_1_276' title='bbox 939 2968 991 3032; x_wconf 85' lang='grc' dir='ltr'><strong><em>καλ</em></strong></span> <span class='ocrx_word' id='word_1_277' title='bbox 1005 2965 1219 3049; x_wconf 81' lang='grc' dir='ltr'><strong><em>προςκυνήσεις</em></strong></span> <span class='ocrx_word' id='word_1_278' title='bbox 1232 2963 1325 3054; x_wconf 69' lang='grc' dir='ltr'><strong><em>αὐτῷ,</em></strong></span> 
     </span>
     <span class='ocr_line' id='line_1_28' title="bbox 164 3066 1328 3157; baseline 0.002 -23"><span class='ocrx_word' id='word_1_279' title='bbox 164 3068 236 3153; x_wconf 67' lang='grc' dir='ltr'><strong><em>μήτε</em></strong></span> <span class='ocrx_word' id='word_1_280' title='bbox 250 3071 283 3135; x_wconf 81' lang='grc' dir='ltr'><strong><em>έν</em></strong></span> <span class='ocrx_word' id='word_1_281' title='bbox 305 3076 345 3157; x_wconf 79' lang='grc' dir='ltr'><strong><em>τῷ</em></strong></span> <span class='ocrx_word' id='word_1_282' title='bbox 367 3068 501 3156; x_wconf 77' lang='grc' dir='ltr'><strong><em>οόρανῷ,</em></strong></span> <span class='ocrx_word' id='word_1_283' title='bbox 533 3066 604 3151; x_wconf 74' lang='grc' dir='ltr'><strong><em>μήτε</em></strong></span> <span class='ocrx_word' id='word_1_284' title='bbox 622 3070 673 3134; x_wconf 82' lang='grc' dir='ltr'><strong><em>έπλ</em></strong></span> <span class='ocrx_word' id='word_1_285' title='bbox 693 3075 746 3151; x_wconf 79' lang='grc' dir='ltr'><strong><em>τῆς</em></strong></span> <span class='ocrx_word' id='word_1_286' title='bbox 762 3075 832 3153; x_wconf 82' lang='grc' dir='ltr'><strong><em>γῆς,</em></strong></span> <span class='ocrx_word' id='word_1_287' title='bbox 862 3068 933 3151; x_wconf 80' lang='grc' dir='ltr'><strong><em>μήτε</em></strong></span> <span class='ocrx_word' id='word_1_288' title='bbox 956 3071 989 3135; x_wconf 75' lang='grc' dir='ltr'><strong><em>ἓν</em></strong></span> <span class='ocrx_word' id='word_1_289' title='bbox 1003 3077 1067 3145; x_wconf 86' lang='grc' dir='ltr'><strong><em>τοῖς</em></strong></span> <span class='ocrx_word' id='word_1_290' title='bbox 1087 3067 1184 3134; x_wconf 80' lang='grc' dir='ltr'><strong><em>όδασι.</em></strong></span> <span class='ocrx_word' id='word_1_291' title='bbox 1229 3068 1328 3136; x_wconf 64' lang='lat' dir='ltr'><strong><em>lm</em></strong></span> 
     </span>
     <span class='ocr_line' id='line_1_29' title="bbox 164 3168 1326 3260; baseline 0 -22"><span class='ocrx_word' id='word_1_292' title='bbox 164 3170 328 3247; x_wconf 86' lang='grc' dir='ltr'><strong><em>όπόστολός</em></strong></span> <span class='ocrx_word' id='word_1_293' title='bbox 345 3192 435 3253; x_wconf 86' lang='grc' dir='ltr'><strong><em>φησι,</em></strong></span> <span class='ocrx_word' id='word_1_294' title='bbox 464 3168 659 3257; x_wconf 84' lang='grc' dir='ltr'><strong><em>Ἐλότρευσαν</em></strong></span> <span class='ocrx_word' id='word_1_295' title='bbox 673 3177 711 3260; x_wconf 73' lang='grc' dir='ltr'><strong><em>τῇ</em></strong></span> <span class='ocrx_word' id='word_1_296' title='bbox 728 3175 819 3237; x_wconf 90' lang='grc' dir='ltr'><strong><em>κτίσει</em></strong></span> <span class='ocrx_word' id='word_1_297' title='bbox 833 3169 914 3256; x_wconf 81' lang='grc' dir='ltr'><strong><em>παρᾶ</em></strong></span> <span class='ocrx_word' id='word_1_298' title='bbox 929 3169 981 3236; x_wconf 90' lang='grc' dir='ltr'><strong><em>τόν</em></strong></span> <span class='ocrx_word' id='word_1_299' title='bbox 1002 3176 1155 3249; x_wconf 87' lang='grc' dir='ltr'><strong><em>κτίσαντα,</em></strong></span> <span class='ocrx_word' id='word_1_300' title='bbox 1181 3172 1233 3237; x_wconf 85' lang='grc' dir='ltr'><strong><em>καλ</em></strong></span> <span class='ocrx_word' id='word_1_301' title='bbox 1250 3174 1326 3254; x_wconf 82' lang='grc' dir='ltr'><strong><em>έμω·</em></strong></span> 
     </span>
     <span class='ocr_line' id='line_1_30' title="bbox 164 3272 1324 3361; baseline 0.001 -22"><span class='ocrx_word' id='word_1_302' title='bbox 164 3274 328 3361; x_wconf 85' lang='grc' dir='ltr'><strong><em>ρόνθησαν.</em></strong></span> <span class='ocrx_word' id='word_1_303' title='bbox 384 3279 459 3349; x_wconf 80' lang='grc' dir='ltr'><strong><em>Πῶς</em></strong></span> <span class='ocrx_word' id='word_1_304' title='bbox 489 3278 592 3339; x_wconf 86' lang='grc' dir='ltr'><strong><em>τοίνυν</em></strong></span> <span class='ocrx_word' id='word_1_305' title='bbox 621 3275 688 3358; x_wconf 83' lang='grc' dir='ltr'><strong><em>περὶ</em></strong></span> <span class='ocrx_word' id='word_1_306' title='bbox 718 3272 837 3339; x_wconf 80' lang='grc' dir='ltr'><strong><em>πάντων</em></strong></span> <span class='ocrx_word' id='word_1_307' title='bbox 865 3273 974 3338; x_wconf 82' lang='grc' dir='ltr'><strong><em>κελεύει</em></strong></span> <span class='ocrx_word' id='word_1_308' title='bbox 1004 3273 1045 3356; x_wconf 75' lang='grc' dir='ltr'><strong><em>μη</em></strong></span> <span class='ocrx_word' id='word_1_309' title='bbox 1075 3283 1324 3358; x_wconf 80' lang='grc' dir='ltr'><strong><em>προςκυνείσθαις</em></strong></span> 
     </span>
     <span class='ocr_line' id='line_1_31' title="bbox 165 3369 1325 3464; baseline -0.002 -22"><span class='ocrx_word' id='word_1_310' title='bbox 165 3371 260 3464; x_wconf 72' lang='grc' dir='ltr'><strong><em>’Ἆρα</em></strong></span> <span class='ocrx_word' id='word_1_311' title='bbox 282 3369 338 3442; x_wconf 80' lang='grc' dir='ltr'><strong><em>οὖν</em></strong></span> <span class='ocrx_word' id='word_1_312' title='bbox 359 3379 598 3461; x_wconf 85' lang='grc' dir='ltr'><strong><em>προςωποληψία</em></strong></span> <span class='ocrx_word' id='word_1_313' title='bbox 616 3378 676 3441; x_wconf 83' lang='grc' dir='ltr'><strong><em>έστλ</em></strong></span> <span class='ocrx_word' id='word_1_314' title='bbox 697 3373 779 3458; x_wconf 79' lang='grc' dir='ltr'><strong><em>παρδ</em></strong></span> <span class='ocrx_word' id='word_1_315' title='bbox 794 3382 873 3462; x_wconf 70' lang='grc' dir='ltr'><strong><em>θεῷ,</em></strong></span> <span class='ocrx_word' id='word_1_316' title='bbox 908 3373 967 3457; x_wconf 67' lang='lat' dir='ltr'><strong><em>Mt}</em></strong></span> <span class='ocrx_word' id='word_1_317' title='bbox 981 3377 1102 3460; x_wconf 81' lang='grc' dir='ltr'><strong><em>γίνοιτο.</em></strong></span> <span class='ocrx_word' id='word_1_318' title='bbox 1141 3376 1196 3440; x_wconf 83' lang='grc' dir='ltr'><strong><em>Ἐν</em></strong></span> <span class='ocrx_word' id='word_1_319' title='bbox 1211 3383 1254 3464; x_wconf 75' lang='grc' dir='ltr'><strong><em>τῷ</em></strong></span> <span class='ocrx_word' id='word_1_320' title='bbox 1268 3373 1325 3462; x_wconf 78' lang='grc' dir='ltr'><strong><em>γδρ</em></strong></span> 
     </span>
     <span class='ocr_line' id='line_1_32' title="bbox 162 3475 1327 3564; baseline -0.004 -17"><span class='ocrx_word' id='word_1_321' title='bbox 162 3478 215 3548; x_wconf 87' lang='grc' dir='ltr'><strong><em>τόν</em></strong></span> <span class='ocrx_word' id='word_1_322' title='bbox 231 3482 282 3546; x_wconf 72' lang='grc' dir='ltr'><strong><em>ἕνα</em></strong></span> <span class='ocrx_word' id='word_1_323' title='bbox 299 3489 531 3564; x_wconf 83' lang='grc' dir='ltr'><strong><em>προςκυυεῖσθαι</em></strong></span> <span class='ocrx_word' id='word_1_324' title='bbox 545 3480 635 3555; x_wconf 77' lang='grc' dir='ltr'><strong><em>ἔδειξε</em></strong></span> <span class='ocrx_word' id='word_1_325' title='bbox 653 3478 840 3543; x_wconf 78' lang='grc' dir='ltr'><strong><em>παντάπασιν</em></strong></span> <span class='ocrx_word' id='word_1_326' title='bbox 862 3475 949 3543; x_wconf 72' lang='grc' dir='ltr'><strong><em>ἄλλον</em></strong></span> <span class='ocrx_word' id='word_1_327' title='bbox 966 3477 1037 3544; x_wconf 87' lang='grc' dir='ltr'><strong><em>όντα</em></strong></span> <span class='ocrx_word' id='word_1_328' title='bbox 1053 3477 1136 3557; x_wconf 70' lang='grc' dir='ltr'><strong><em>παρὰ</em></strong></span> <span class='ocrx_word' id='word_1_329' title='bbox 1156 3477 1211 3561; x_wconf 75' lang='grc' dir='ltr'><strong><em>την</em></strong></span> <span class='ocrx_word' id='word_1_330' title='bbox 1231 3483 1327 3544; x_wconf 90' lang='grc' dir='ltr'><strong><em>κτίσιν</em></strong></span> 
     </span>
     <span class='ocr_line' id='line_1_33' title="bbox 162 3578 1327 3668; baseline -0.003 -18"><span class='ocrx_word' id='word_1_331' title='bbox 162 3582 215 3650; x_wconf 86' lang='grc' dir='ltr'><strong><em>τόν</em></strong></span> <span class='ocrx_word' id='word_1_332' title='bbox 230 3580 505 3668; x_wconf 84' lang='grc' dir='ltr'><strong><em>προςκυνοόμενον,</em></strong></span> <span class='ocrx_word' id='word_1_333' title='bbox 534 3582 586 3646; x_wconf 86' lang='grc' dir='ltr'><strong><em>καλ</em></strong></span> <span class='ocrx_word' id='word_1_334' title='bbox 604 3578 692 3662; x_wconf 78' lang='grc' dir='ltr'><strong><em>ἄλλην</em></strong></span> <span class='ocrx_word' id='word_1_335' title='bbox 716 3579 770 3662; x_wconf 78' lang='grc' dir='ltr'><strong><em>την</em></strong></span> <span class='ocrx_word' id='word_1_336' title='bbox 785 3582 1048 3664; x_wconf 82' lang='grc' dir='ltr'><strong><em>προςκυνουμένην</em></strong></span> <span class='ocrx_word' id='word_1_337' title='bbox 1063 3585 1157 3646; x_wconf 90' lang='grc' dir='ltr'><strong><em>κτίσιν</em></strong></span> <span class='ocrx_word' id='word_1_338' title='bbox 1178 3579 1260 3666; x_wconf 73' lang='grc' dir='ltr'><strong><em>παρὰ</em></strong></span> <span class='ocrx_word' id='word_1_339' title='bbox 1273 3578 1327 3646; x_wconf 85' lang='grc' dir='ltr'><strong><em>τόν</em></strong></span> 
     </span>
     <span class='ocr_line' id='line_1_34' title="bbox 164 3681 1328 3771; baseline -0.001 -20"><span class='ocrx_word' id='word_1_340' title='bbox 164 3684 367 3771; x_wconf 85' lang='grc' dir='ltr'><strong><em>προςκυνητόν</em></strong></span> <span class='ocrx_word' id='word_1_341' title='bbox 388 3683 508 3769; x_wconf 82' lang='grc' dir='ltr'><strong><em>κόριον,</em></strong></span> <span class='ocrx_word' id='word_1_342' title='bbox 542 3681 610 3748; x_wconf 83' lang='grc' dir='ltr'><strong><em>υίδν</em></strong></span> <span class='ocrx_word' id='word_1_343' title='bbox 636 3691 688 3748; x_wconf 85' lang='grc' dir='ltr'><strong><em>τοῦ</em></strong></span> <span class='ocrx_word' id='word_1_344' title='bbox 710 3691 788 3749; x_wconf 82' lang='grc' dir='ltr'><strong><em>θεοῦ</em></strong></span> <span class='ocrx_word' id='word_1_345' title='bbox 810 3686 842 3749; x_wconf 78' lang='grc' dir='ltr'><strong><em>ἐκ</em></strong></span> <span class='ocrx_word' id='word_1_346' title='bbox 865 3681 978 3769; x_wconf 87' lang='grc' dir='ltr'><strong><em>πατρός</em></strong></span> <span class='ocrx_word' id='word_1_347' title='bbox 1003 3684 1221 3768; x_wconf 84' lang='grc' dir='ltr'><strong><em>γεγεννημένον.</em></strong></span> <span class='ocrx_word' id='word_1_348' title='bbox 1265 3681 1328 3750; x_wconf 75' lang='grc' dir='ltr'><strong><em>Διό</em></strong></span> 
     </span>
     <span class='ocr_line' id='line_1_35' title="bbox 163 3783 1328 3875; baseline 0 -23"><span class='ocrx_word' id='word_1_349' title='bbox 163 3788 219 3874; x_wconf 79' lang='grc' dir='ltr'><strong><em>γόρ</em></strong></span> <span class='ocrx_word' id='word_1_350' title='bbox 235 3787 268 3854; x_wconf 85' lang='grc' dir='ltr'><strong><em>τό</em></strong></span> <span class='ocrx_word' id='word_1_351' title='bbox 286 3791 315 3866; x_wconf 74' lang='grc' dir='ltr'><strong><em>ἐξ</em></strong></span> <span class='ocrx_word' id='word_1_352' title='bbox 331 3785 425 3853; x_wconf 82' lang='grc' dir='ltr'><strong><em>αότοῦ</em></strong></span> <span class='ocrx_word' id='word_1_353' title='bbox 447 3793 641 3872; x_wconf 76' lang='grc' dir='ltr'><strong><em>γεγεννῆσθαι</em></strong></span> <span class='ocrx_word' id='word_1_354' title='bbox 665 3783 771 3867; x_wconf 81' lang='grc' dir='ltr'><strong><em>ὅμοιον</em></strong></span> <span class='ocrx_word' id='word_1_355' title='bbox 796 3784 876 3875; x_wconf 72' lang='grc' dir='ltr'><strong><em>αὐτῷ</em></strong></span> <span class='ocrx_word' id='word_1_356' title='bbox 898 3789 950 3851; x_wconf 88' lang='grc' dir='ltr'><strong><em>καλ</em></strong></span> <span class='ocrx_word' id='word_1_357' title='bbox 972 3783 1034 3850; x_wconf 87' lang='grc' dir='ltr'><strong><em>κατ’</em></strong></span> <span class='ocrx_word' id='word_1_358' title='bbox 1053 3785 1146 3851; x_wconf 78' lang='grc' dir='ltr'><strong><em>αὐτόν</em></strong></span> <span class='ocrx_word' id='word_1_359' title='bbox 1160 3785 1243 3865; x_wconf 86' lang='grc' dir='ltr'><strong><em>υἱόν,</em></strong></span> <span class='ocrx_word' id='word_1_360' title='bbox 1275 3786 1328 3853; x_wconf 82' lang='grc' dir='ltr'><strong><em>διό</em></strong></span> 
     </span>
     <span class='ocr_line' id='line_1_36' title="bbox 163 3886 1326 3977; baseline -0.001 -21"><span class='ocrx_word' id='word_1_361' title='bbox 163 3898 252 3957; x_wconf 84' lang='grc' dir='ltr'><strong><em>τοῦτο</em></strong></span> <span class='ocrx_word' id='word_1_362' title='bbox 272 3890 328 3977; x_wconf 83' lang='grc' dir='ltr'><strong><em>γόρ</em></strong></span> <span class='ocrx_word' id='word_1_363' title='bbox 345 3893 396 3956; x_wconf 81' lang='grc' dir='ltr'><strong><em>καί</em></strong></span> <span class='ocrx_word' id='word_1_364' title='bbox 410 3886 616 3974; x_wconf 86' lang='grc' dir='ltr'><strong><em>προςκυνητόν</em></strong></span> <span class='ocrx_word' id='word_1_365' title='bbox 636 3887 718 3971; x_wconf 73' lang='grc' dir='ltr'><strong><em>παρα</em></strong></span> <span class='ocrx_word' id='word_1_366' title='bbox 733 3896 815 3954; x_wconf 81' lang='grc' dir='ltr'><strong><em>πᾶσι.</em></strong></span> <span class='ocrx_word' id='word_1_367' title='bbox 860 3887 907 3954; x_wconf 89' lang='grc' dir='ltr'><strong><em>Δι’</em></strong></span> <span class='ocrx_word' id='word_1_368' title='bbox 923 3886 1018 3954; x_wconf 83' lang='grc' dir='ltr'><strong><em>αότοῦ</em></strong></span> <span class='ocrx_word' id='word_1_369' title='bbox 1034 3891 1153 3972; x_wconf 73' lang='grc' dir='ltr'><strong><em>ἐποίησε</em></strong></span> <span class='ocrx_word' id='word_1_370' title='bbox 1165 3886 1201 3955; x_wconf 76' lang='grc' dir='ltr'><strong><em>τό</em></strong></span> <span class='ocrx_word' id='word_1_371' title='bbox 1217 3887 1326 3970; x_wconf 75' lang='grc' dir='ltr'><strong><em>πάντα,</em></strong></span> 
     </span>
     <span class='ocr_line' id='line_1_37' title="bbox 163 3989 1327 4080; baseline -0.001 -21"><span class='ocrx_word' id='word_1_372' title='bbox 163 3996 213 4060; x_wconf 84' lang='grc' dir='ltr'><strong><em>καί</em></strong></span> <span class='ocrx_word' id='word_1_373' title='bbox 239 3997 329 4076; x_wconf 81' lang='grc' dir='ltr'><strong><em>χωρίς</em></strong></span> <span class='ocrx_word' id='word_1_374' title='bbox 350 3993 445 4058; x_wconf 76' lang='grc' dir='ltr'><strong><em>αὐτοῦ</em></strong></span> <span class='ocrx_word' id='word_1_375' title='bbox 468 3995 580 4077; x_wconf 78' lang='grc' dir='ltr'><strong><em>ἐγένετο</em></strong></span> <span class='ocrx_word' id='word_1_376' title='bbox 604 3989 674 4055; x_wconf 76' lang='grc' dir='ltr'><strong><em>οὐδὲ</em></strong></span> <span class='ocrx_word' id='word_1_377' title='bbox 697 3993 737 4055; x_wconf 75' lang='grc' dir='ltr'><strong><em>έν.</em></strong></span> <span class='ocrx_word' id='word_1_378' title='bbox 787 3989 837 4055; x_wconf 82' lang='grc' dir='ltr'><strong><em>Ἐν</em></strong></span> <span class='ocrx_word' id='word_1_379' title='bbox 862 3990 941 4079; x_wconf 74' lang='grc' dir='ltr'><strong><em>αὐτῷ</em></strong></span> <span class='ocrx_word' id='word_1_380' title='bbox 962 3989 1033 4075; x_wconf 81' lang='grc' dir='ltr'><strong><em>γόρ,</em></strong></span> <span class='ocrx_word' id='word_1_381' title='bbox 1069 3998 1109 4078; x_wconf 77' lang='grc' dir='ltr'><strong><em>τῷ</em></strong></span> <span class='ocrx_word' id='word_1_382' title='bbox 1133 3989 1205 4080; x_wconf 73' lang='grc' dir='ltr'><strong><em>ἇγίςο</em></strong></span> <span class='ocrx_word' id='word_1_383' title='bbox 1231 3993 1327 4058; x_wconf 79' lang='grc' dir='ltr'><strong><em>αὐτοῦ</em></strong></span> 
     </span>
     <span class='ocr_line' id='line_1_38' title="bbox 164 4091 1326 4184; baseline -0.001 -23"><span class='ocrx_word' id='word_1_384' title='bbox 164 4094 307 4177; x_wconf 79' lang='grc' dir='ltr'><strong><em>πνεύματι</em></strong></span> <span class='ocrx_word' id='word_1_385' title='bbox 320 4103 361 4184; x_wconf 76' lang='grc' dir='ltr'><strong><em>τῷ</em></strong></span> <span class='ocrx_word' id='word_1_386' title='bbox 376 4099 405 4173; x_wconf 78' lang='grc' dir='ltr'><strong><em>ἐξ</em></strong></span> <span class='ocrx_word' id='word_1_387' title='bbox 420 4094 514 4160; x_wconf 79' lang='grc' dir='ltr'><strong><em>αὐτοῦ</em></strong></span> <span class='ocrx_word' id='word_1_388' title='bbox 529 4095 750 4177; x_wconf 84' lang='grc' dir='ltr'><strong><em>έκπορευθέντι,</em></strong></span> <span class='ocrx_word' id='word_1_389' title='bbox 772 4095 893 4158; x_wconf 81' lang='grc' dir='ltr'><strong><em>καὶτοῦ</em></strong></span> <span class='ocrx_word' id='word_1_390' title='bbox 907 4097 977 4158; x_wconf 86' lang='grc' dir='ltr'><strong><em>υίοῦ</em></strong></span> <span class='ocrx_word' id='word_1_391' title='bbox 991 4091 1184 4175; x_wconf 78' lang='grc' dir='ltr'><strong><em>λαμβάνοντι,</em></strong></span> <span class='ocrx_word' id='word_1_392' title='bbox 1207 4097 1326 4177; x_wconf 74' lang='grc' dir='ltr'><strong><em>ἐποίησε</em></strong></span> 
     </span>
     <span class='ocr_line' id='line_1_39' title="bbox 162 4194 1328 4284; baseline -0.001 -21"><span class='ocrx_word' id='word_1_393' title='bbox 162 4196 199 4263; x_wconf 78' lang='grc' dir='ltr'><strong><em>τό</em></strong></span> <span class='ocrx_word' id='word_1_394' title='bbox 216 4196 313 4263; x_wconf 77' lang='grc' dir='ltr'><strong><em>πάντα</em></strong></span> <span class='ocrx_word' id='word_1_395' title='bbox 329 4200 379 4262; x_wconf 82' lang='grc' dir='ltr'><strong><em>καί</em></strong></span> <span class='ocrx_word' id='word_1_396' title='bbox 395 4199 556 4279; x_wconf 82' lang='grc' dir='ltr'><strong><em>ίστερέωσε.</em></strong></span> <span class='ocrx_word' id='word_1_397' title='bbox 604 4203 653 4284; x_wconf 76' lang='grc' dir='ltr'><strong><em>Τῷ</em></strong></span> <span class='ocrx_word' id='word_1_398' title='bbox 669 4195 725 4282; x_wconf 81' lang='grc' dir='ltr'><strong><em>γόρ</em></strong></span> <span class='ocrx_word' id='word_1_399' title='bbox 738 4194 816 4284; x_wconf 80' lang='grc' dir='ltr'><strong><em>λόγῳ</em></strong></span> <span class='ocrx_word' id='word_1_400' title='bbox 833 4201 939 4279; x_wconf 90' lang='grc' dir='ltr'><strong><em>κυρίου</em></strong></span> <span class='ocrx_word' id='word_1_401' title='bbox 957 4199 990 4261; x_wconf 87' lang='grc' dir='ltr'><strong><em>οί</em></strong></span> <span class='ocrx_word' id='word_1_402' title='bbox 1003 4195 1127 4282; x_wconf 80' lang='grc' dir='ltr'><strong><em>οὐρανοί</em></strong></span> <span class='ocrx_word' id='word_1_403' title='bbox 1146 4195 1328 4280; x_wconf 72' lang='grc' dir='ltr'><strong><em>ἐστερεώθη-</em></strong></span> 
     </span>
     <span class='ocr_line' id='line_1_40' title="bbox 164 4297 1325 4389; baseline -0.001 -23"><span class='ocrx_word' id='word_1_404' title='bbox 164 4322 235 4381; x_wconf 87' lang='grc' dir='ltr'><strong><em>σαν,</em></strong></span> <span class='ocrx_word' id='word_1_405' title='bbox 269 4302 319 4366; x_wconf 81' lang='grc' dir='ltr'><strong><em>καλ</em></strong></span> <span class='ocrx_word' id='word_1_406' title='bbox 333 4308 373 4389; x_wconf 75' lang='grc' dir='ltr'><strong><em>τῷ</em></strong></span> <span class='ocrx_word' id='word_1_407' title='bbox 391 4299 536 4383; x_wconf 83' lang='grc' dir='ltr'><strong><em>πνεύματι</em></strong></span> <span class='ocrx_word' id='word_1_408' title='bbox 558 4307 611 4365; x_wconf 80' lang='grc' dir='ltr'><strong><em>τοῦ</em></strong></span> <span class='ocrx_word' id='word_1_409' title='bbox 633 4299 775 4382; x_wconf 86' lang='grc' dir='ltr'><strong><em>στόματος</em></strong></span> <span class='ocrx_word' id='word_1_410' title='bbox 794 4299 887 4365; x_wconf 79' lang='grc' dir='ltr'><strong><em>αὐτοῦ</em></strong></span> <span class='ocrx_word' id='word_1_411' title='bbox 907 4307 986 4364; x_wconf 81' lang='grc' dir='ltr'><strong><em>πᾶσα</em></strong></span> <span class='ocrx_word' id='word_1_412' title='bbox 1004 4297 1165 4383; x_wconf 80' lang='grc' dir='ltr'><strong><em>ἦδόναμις</em></strong></span> <span class='ocrx_word' id='word_1_413' title='bbox 1191 4299 1325 4365; x_wconf 60' lang='grc' dir='ltr'><strong><em>ἀὐτῶν</em></strong></span> 
     </span>
    </p>
   </div>
   <div class='ocr_carea' id='block_1_3' title="bbox 163 4462 1328 4611">
    <p class='ocr_par' dir='ltr' id='par_1_3' title="bbox 163 4462 1328 4611">
     <span class='ocr_line' id='line_1_41' title="bbox 200 4462 1247 4540; baseline -0.001 -18"><span class='ocrx_word' id='word_1_414' title='bbox 200 4474 258 4523; x_wconf 67' lang='grc' dir='ltr'><strong><em>σεε.</em></strong></span> <span class='ocrx_word' id='word_1_415' title='bbox 274 4474 341 4522; x_wconf 82' lang='lat' dir='ltr'><strong><em>vm.</em></strong></span> <span class='ocrx_word' id='word_1_416' title='bbox 360 4503 393 4514; x_wconf 88' lang='lat'><em>-</em></span> <span class='ocrx_word' id='word_1_417' title='bbox 427 4475 446 4525; x_wconf 86' lang='lat'><strong><em>1.</em></strong></span> <span class='ocrx_word' id='word_1_418' title='bbox 473 4469 620 4540; x_wconf 72' lang='grc' dir='ltr'><strong><em>εριγισμωι</em></strong></span> <span class='ocrx_word' id='word_1_419' title='bbox 647 4476 732 4524; x_wconf 65' lang='lat' dir='ltr'><em>habent</em></span> <span class='ocrx_word' id='word_1_420' title='bbox 799 4471 824 4522; x_wconf 74' lang='grc' dir='ltr'><strong><em>ι.</em></strong></span> <span class='ocrx_word' id='word_1_421' title='bbox 844 4462 893 4536; x_wconf 74' lang='grc' dir='ltr'><strong><em>ἄρα</em></strong></span> <span class='ocrx_word' id='word_1_422' title='bbox 909 4477 990 4536; x_wconf 73' lang='lat' dir='ltr'><strong><em>scripu</em></strong></span> <span class='ocrx_word' id='word_1_423' title='bbox 1007 4477 1069 4525; x_wconf 70' lang='lat' dir='ltr'><strong><em>mm.</em></strong></span> <span class='ocrx_word' id='word_1_424' title='bbox 1104 4467 1154 4539; x_wconf 77' lang='grc' dir='ltr'><strong><em>ἄρα</em></strong></span> <span class='ocrx_word' id='word_1_425' title='bbox 1171 4475 1247 4524; x_wconf 62' lang='lat' dir='ltr'><strong><em>edm„</em></strong></span> 
     </span>
     <span class='ocr_line' id='line_1_42' title="bbox 163 4536 1328 4611; baseline 0.002 -18"><span class='ocrx_word' id='word_1_426' title='bbox 163 4545 223 4598; x_wconf 82' lang='grc' dir='ltr'><strong><em>λλδτλ</em></strong></span> <span class='ocrx_word' id='word_1_427' title='bbox 243 4545 370 4594; x_wconf 66' lang='lat' dir='ltr'><strong>Commu!</strong></span> <span class='ocrx_word' id='word_1_428' title='bbox 387 4541 502 4611; x_wconf 75' lang='lat' dir='ltr'><strong>cognitor</strong></span> <span class='ocrx_word' id='word_1_429' title='bbox 518 4546 592 4594; x_wconf 81' lang='grc' dir='ltr'><strong><em>υττίλι.</em></strong></span> <span class='ocrx_word' id='word_1_430' title='bbox 797 4539 821 4592; x_wconf 84' lang='grc'><strong><em>3.</em></strong></span> <span class='ocrx_word' id='word_1_431' title='bbox 841 4536 924 4596; x_wconf 71' lang='grc' dir='ltr'><strong><em>αὐτῶν</em></strong></span> <span class='ocrx_word' id='word_1_432' title='bbox 946 4545 1015 4594; x_wconf 75' lang='lat' dir='ltr'><strong><em>codd.</em></strong></span> <span class='ocrx_word' id='word_1_433' title='bbox 1035 4558 1090 4594; x_wconf 82' lang='grc' dir='ltr'><strong><em>τυιε.</em></strong></span> <span class='ocrx_word' id='word_1_434' title='bbox 1113 4549 1213 4607; x_wconf 81' lang='grc' dir='ltr'><strong><em>ιιίετηυε.</em></strong></span> <span class='ocrx_word' id='word_1_435' title='bbox 1246 4545 1328 4595; x_wconf 74' lang='lat' dir='ltr'><strong><em>Etiam</em></strong></span> 
     </span>
    </p>
   </div>
   <div class='ocr_carea' id='block_1_4' title="bbox 0 0 1552 5070">
    <p class='ocr_par' dir='ltr' id='par_1_4' title="bbox 0 0 1552 5070">
     <span class='ocr_line' id='line_1_43' title="bbox 0 0 1552 5070; baseline 0 0"><span class='ocrx_word' id='word_1_436' title='bbox 0 0 1552 5070; x_wconf 95' lang='lat' dir='ltr'><strong><em> </em></strong></span> 
     </span>
    </p>
   </div>
  </div>
 </body>
</html>
