3096 5070
250 321 255 327 ·
377 298 516 355 ransart
531 292 598 354 unt
613 284 790 354 mironi.
806 299 907 354 nana.
924 300 1044 354 nxxvr.
1226 288 1288 356 289

133 423 252 510 spiritus
268 422 330 508 ipse
349 422 474 486 sanatas
487 418 550 508 με’
567 418 723 507 ιιιίιῃιιι
747 431 861 507 potest,
894 421 942 505 qui
964 420 1114 484 columbae
1137 422 1234 508 speeie
1251 423 1289 487 ad

133 524 285 590 Iordanem
301 524 465 603 deseendit-,-
488 540 545 588 noo
556 520 726 608 nsignite·
742 545 759 586 a
773 526 885 586 Ioanne
900 522 1066 608 baptizatus
1083 534 1112 586 et
1125 535 1290 589 oontreota·

133 640 197 709 tus,
231 630 283 692 sed
301 648 396 713 neque
415 638 500 710 pater
516 624 712 691 atnwotits
728 626 811 690 ooelo
829 644 903 689 vooe
920 645 1100 710 personans,
1135 646 1220 710 quam
1238 627 1290 691 ho-

131 730 225 795 mines
249 720 392 795 exaudire
417 736 556 814 possent,
587 730 645 791 Idr‘e
662 740 707 790 art
719 731 806 808 filius
821 749 908 801 neus,
933 733 1023 808 psum
1039 733 1143 790 audate.
1189 725 1290 811 Quare

130 833 202 897 nihil
225 854 242 896 a
266 843 347 917 patre
371 832 507 895 diversus
531 838 580 923 ast
601 826 691 895 dhus.
746 827 786 892 Idt
810 829 924 914 quidem
950 840 1034 914 pater
1055 830 1206 915 ingenitus
1231 840 1288 910 est,

131 936 207 1008 lilius
231 936 366 1019 genitus,
399 954 454 997 neo
479 933 537 996 ullo
559 928 647 996 haudo
663 931 807 1016 patibilisq
842 931 961 1017 spiritus
980 952 1052 996 vern
1074 945 1194 997 sanctus
1218 934 1292 997 oitra

131 1038 299 1123 passionem
312 1036 400 1100 nllanr
416 1035 577 1121 prooessit;
601 1044 699 1098 cetera
715 1035 812 1098 omnia
830 1035 981 1098 creatione
996 1036 1136 1120 producta
1152 1046 1232 1114 sunt,
1259 1056 1293 1098 ao

132 1140 262 1224 perlaeta
283 1137 346 1223 ipsa
361 1136 476 1202 trinitas
490 1138 520 1201 in
538 1138 700 1222 quantitate
717 1158 771 1201 sna
790 1148 821 1200 et
835 1136 966 1201 inoreata
983 1139 1179 1224 appellatione
1196 1158 1292 1202 rema·

133 1251 199 1317 net,
224 1240 267 1303 sie
281 1250 313 1302 ut
328 1261 423 1324 nequa
441 1251 636 1303 commutetur
652 1239 727 1324 qnod
746 1240 848 1303 melina
871 1250 929 1320 est,
952 1261 1048 1326 neque
1065 1242 1142 1326 quod
1161 1239 1293 1325 g'gnitur

133 1342 191 1405 ulla
218 1341 344 1424 patiendi
370 1342 434 1427 lege
459 1349 644 1406 coerceatur.
690 1338 746 1406 Cui
764 1343 879 1427 quidem
896 1363 990 1427 neque
1008 1344 1125 1428 genitor
1143 1342 1292 1408 obnoxius

134 1444 199 1507 Iuit.
244 1442 314 1508 Nun
331 1446 408 1508 eninr
424 1465 598 1530 corporeum
615 1454 663 1507 εει
676 1445 805 1528 genitum
822 1446 911 1524 illud,
936 1446 987 1509 sed
1005 1446 1125 1531 spiritus
1141 1468 1158 1510 e
1173 1446 1290 1531 spiritu,

133 1556 163 1609 et
179 1567 218 1609 ex
233 1557 315 1633 patre
333 1548 420 1611 lilius.
466 1550 509 1611 lta
527 1547 616 1611 etiam
640 1557 670 1610 et
687 1547 808 1631 spIritus
829 1558 950 1612 sanatus
969 1548 1006 1611 ab
1028 1548 1092 1633 ipso
1115 1570 1292 1634 progressus

133 1660 195 1727 est,
219 1649 339 1734 spiritns
354 1651 457 1736 patris,
481 1651 602 1736 spiritus
619 1644 750 1728 Christi,
774 1671 833 1713 nou
849 1660 980 1730 oreatus,
1005 1671 1063 1715 non
1080 1651 1209 1734 genitus,
1233 1673 1293 1715 non

133 1772 289 1836 germanus
307 1754 416 1832 Irater,
447 1773 612 1832 nonavns,
642 1773 700 1815 nun
729 1773 832 1837 nepos.
879 1749 1030 1836 Siquidem
1056 1753 1292 1840 incomparabilis

133 1855 244 1940 patris,
269 1855 318 1919 lilii
332 1876 366 1918 no
381 1853 502 1941 spiritns
521 1855 615 1918 saneti
633 1866 737 1919 natnra
753 1854 960 1937 cogitationem
977 1876 1092 1918 omnem
1112 1877 1146 1919 ao
1164 1868 1292 1920 mentem

134 1968 274 2042 superat,
312 1978 370 2020 non
393 1955 541 2019 hominum
565 1957 658 2020 solum
683 1958 828 2035 dixerim,
870 1958 1081 2021 verumetiam
1106 1959 1289 2042 angelorum.

133 2056 204 2122 Non
230 2061 308 2123 enim
331 2059 520 2122 mutationem
546 2058 634 2122 ullam
657 2060 760 2123 unicus
785 2061 831 2122 dei
857 2059 932 2122 filius
955 2059 1088 2138 admisit,
1123 2081 1177 2124 nec
1202 2061 1294 2146 ipsIus

135 2172 235 2246 pater,
261 2181 357 2246 neque
373 2172 493 2225 sanetus
509 2160 572 2224 eius
590 2161 721 2246 spiritus,
746 2182 783 2226 eo
799 2162 874 2246 qnod
890 2160 1060 2247 unigenitus
1074 2182 1128 2247 per
1145 2182 1213 2225 sese
1229 2183 1295 2247 pas·

134 2265 228 2328 sinnIs
249 2284 358 2349 expers
385 2264 415 2326 in
442 2283 531 2327 carue
558 2263 596 2326 sit
616 2284 737 2348 passus,
769 2264 888 2350 spiritus
911 2285 984 2327 vero
1005 2274 1124 2328 sauctus
1143 2264 1295 2329 cotnmtas

134 2388 168 2432 se
187 2367 287 2452 speeie
301 2366 457 2430 videndum
476 2365 635 2444 obiecerit,
668 2387 703 2430 ao
720 2376 868 2452 postremo
885 2378 968 2452 pater
983 2367 1047 2451 ipse
1066 2385 1140 2429 voce
1157 2366 1194 2429 de
1211 2367 1295 2431 coelo

134 2471 224 2533 missa
255 2468 327 2532 nitra
358 2469 525 2556 passionem
556 2468 643 2531 nllam
673 2468 820 2532 hominnm
851 2469 972 2532 auribus
1001 2469 1178 2532 insonuerit.
1223 2465 1295 2532 Non

134 2592 221 2637 seons
245 2582 333 2657 atque
356 2572 472 2654 angeli,
506 2571 652 2635 coelestes
676 2572 781 2649 orbes,
812 2581 910 2649 terra,
941 2581 1099 2655 ceteraque
1121 2589 1195 2654 qnae
1222 2570 1295 2634 dens

134 2673 279 2753 condidit,
312 2674 409 2737 omnia
436 2674 542 2738 nullam
566 2672 680 2737 auotori
699 2694 753 2737 suo
774 2674 962 2737 mutationem
980 2673 1223 2756 affectionemque
1243 2670 1295 2736 tri-

135 2775 271 2839 buerunt.
318 2772 379 2839 Sed
403 2776 476 2840 haee
497 2775 593 2839 omnia
618 2778 789 2861 stupendum
812 2776 954 2861 quoddam
973 2786 1042 2839 snut
1059 2775 1297 2858 horrendumque

136 2876 327 2962 mysterium,
358 2868 400 2940 nti
425 2878 564 2964 seriptum
592 2891 655 2958 est,
688 2882 853 2941 Oolta'tndo
875 2882 1053 2953 datitiorum,
1085 2882 1448 2958 superuacaneum

135 2982 269 3041 euenisse
289 2983 356 3042 dei!

221 3081 302 3144 Astii
319 3077 415 3167 Caput
431 3084 536 3146 XXIII.
581 3079 616 3148 si
637 3083 752 3168 genitae
772 3084 953 3148 substantiae
972 3104 1078 3147 caussa
1092 3083 1130 3146 sit
1146 3083 1291 3168 ingenita,

136 3183 297 3267 ingenitum
320 3204 410 3263 vero,
443 3186 518 3269 qnod
546 3184 718 3272 prinnipium
741 3187 863 3264 dicitur,
895 3186 1107 3250 nihilomnino
1130 3186 1185 3264 sit,
1220 3207 1293 3271 qno-

136 3286 223 3350 modo
248 3296 345 3369 potest
367 3286 395 3352 id
422 3288 498 3372 qnod
522 3288 593 3352 nihil
617 3299 664 3352 εει
685 3289 749 3353 eius
775 3290 850 3374 qnod
876 3290 1047 3374 prodnotnm
1068 3299 1114 3353 est
1132 3308 1199 3352 esse
1217 3287 1296 3373 prin·

137 3389 269 3474 cipiumi

224 3486 346 3555 Conlut.
366 3493 470 3555 XXIII.
515 3493 649 3577 Ingenita
673 3492 836 3558 substantia
860 3515 919 3557 non
944 3494 1047 3558 eodeni
1067 3493 1176 3577 quoad
1195 3502 1296 3555 oetera

138 3591 235 3656 omnia
252 3603 419 3678 comparata
437 3594 540 3673 modo,
563 3596 615 3657 sed
631 3595 688 3658 alio
706 3597 830 3679 quodam
847 3616 936 3660 seusu
952 3596 1074 3677 dieitur,
1099 3617 1164 3659 ourn
1180 3595 1217 3657 ad
1232 3592 1296 3656 nni·

139 3716 202 3759 nana
222 3693 352 3760 sobolom
371 3696 516 3775 retertur,
540 3695 588 3760 vel
605 3697 641 3759 ad
657 3697 789 3781 spiritum
806 3709 956 3777 sanetum,
981 3699 1029 3783 qni
1045 3699 1158 3784 abipsa
1174 3715 1297 3782 progre-

139 3799 228 3862 ditur.
274 3794 381 3881 Neque
399 3816 471 3860 vero
495 3795 667 3882 principium
693 3808 738 3861 est
754 3799 896 3863 eiusmodi
920 3801 1005 3885 quale
1029 3801 1171 3885 estquod
1194 3797 1298 3861 existit

139 3922 204 3965 oum
233 3901 361 3964 nondum
383 3898 533 3964 existente
549 3909 759 3985 comparatum.
805 3898 920 3988 Quippe
936 3924 994 3966 nou
1014 3923 1054 3966 ex
1070 3902 1162 3966 nihilo
1180 3901 1297 3985 genitus

139 4015 185 4068 est
198 4003 292 4081 lilius,
316 4021 411 4087 neque
429 4023 487 4066 non
502 4001 636 4066 existens
650 4012 696 4066 est
712 4003 761 4088 qni
778 4003 897 4087 genuit,
927 4005 974 4068 vel
989 4003 1038 4088 qni
1055 4004 1091 4067 ah
1110 4003 1175 4088 ipso
1194 4021 1309 4089 prose·-

140 4107 182 4170 dit
205 4106 326 4193 spiritus
351 4114 490 4184 sanotns3
536 4114 702 4170 ceterorum
727 4126 800 4171 vero
824 4126 929 4169 enussa
960 4117 1008 4168 est
1030 4105 1164 4169 existens
1189 4102 1294 4189 ipsum.

142 4204 330 4294 Quapropter
342 4218 444 4294 suapte
457 4207 551 4293 gloria
562 4225 597 4271 ae
608 4208 764 4295 splendore
777 4207 907 4293 praedito
921 4226 1038 4293 semper
1052 4217 1099 4271 est
1108 4215 1298 4271 saerosanota

178 4345 217 4398 tu
234 4347 300 4398 turs
316 4347 388 4408 oulpo
404 4341 433 4397 ad
451 4343 503 4398 τᾶν.
770 4345 795 4396 2
812 4348 895 4408 Ilttfert
912 4347 1031 4407 rerlpturs
1047 4343 1298 4408 insuperantum·

179 4411 218 4467 19.
236 4415 300 4465 totta
315 4413 364 4479 τῆς
379 4408 508 4479 γεύσεως.
533 4415 705 4467 staunton
736 4429 785 4479 quo
801 4416 855 4465 atde
873 4416 897 4463 tn
914 4417 1002 4463 oaaott.

142 4497 189 4535 aaa
205 4486 334 4567 optumamt
350 4482 419 4532 eodd.
436 4496 492 4533 ansa.
771 4483 796 4535 3.
813 4478 934 4547 heordpen
950 4482 1001 4531 ead.
1019 4481 1116 4545 dtadtq.

179 4554 199 4604 l·
216 4568 234 4617 η
252 4564 299 4601 noa
315 4555 443 4614 apaoaeunt
460 4553 529 4603 codd.
547 4567 602 4604 mss.
771 4548 796 4602 4.
813 4544 832 4614 ai
849 4563 895 4601 ona.
912 4550 964 4600 ord
981 4549 1078 4614 Ithadtp.

195 4631 283 4689 cmpos
296 4629 433 4679 aurunt.
441 4630 470 4677 tt.
478 4633 499 4677 t.
1057 4639 1096 4701 19
