<?xml version="1.0" encoding="UTF-8"?>
<!DOCTYPE html PUBLIC "-//W3C//DTD XHTML 1.0 Transitional//EN"
    "http://www.w3.org/TR/xhtml1/DTD/xhtml1-transitional.dtd">
<html xmlns="http://www.w3.org/1999/xhtml" xml:lang="en" lang="en">
 <head>
  <title>
</title>
<meta http-equiv="Content-Type" content="text/html;charset=utf-8" />
  <meta name='ocr-system' content='tesseract 3.04.00' />
  <meta name='ocr-capabilities' content='ocr_page ocr_carea ocr_par ocr_line ocrx_word'/>
</head>
<body>
  <div class='ocr_page' id='page_1' title='image "./corporishaerese00unkngoog/corporishaerese00unkngoog_0391.png"; bbox 0 0 3096 5070; ppageno 0'>
   <div class='ocr_carea' id='block_1_1' title="bbox 272 256 1006 337">
    <p class='ocr_par' dir='ltr' id='par_1_1' title="bbox 272 256 1006 337">
     <span class='ocr_line' id='line_1_1' title="bbox 272 256 1006 337; baseline 0 -1"><span class='ocrx_word' id='word_1_1' title='bbox 272 269 336 336; x_wconf 80' lang='grc'><strong><em>384</em></strong></span> <span class='ocrx_word' id='word_1_2' title='bbox 590 256 591 259; x_wconf 62' lang='grc'>’</span> <span class='ocrx_word' id='word_1_3' title='bbox 696 283 818 337; x_wconf 71' lang='lat' dir='ltr'><strong><em>emen</em></strong></span> <span class='ocrx_word' id='word_1_4' title='bbox 835 285 1006 337; x_wconf 75' lang='grc' dir='ltr'><strong><em>υνινιιιιιιι</em></strong></span> 
     </span>
    </p>
   </div>
   <div class='ocr_carea' id='block_1_2' title="bbox 273 399 1438 2030">
    <p class='ocr_par' dir='ltr' id='par_1_2' title="bbox 273 399 1438 2030">
     <span class='ocr_line' id='line_1_2' title="bbox 273 399 1434 490; baseline 0 -22"><span class='ocrx_word' id='word_1_5' title='bbox 273 403 306 468; x_wconf 85' lang='grc' dir='ltr'><strong><em>ίν</em></strong></span> <span class='ocrx_word' id='word_1_6' title='bbox 323 399 421 490; x_wconf 86' lang='grc' dir='ltr'><strong><em>φότνη</em></strong></span> <span class='ocrx_word' id='word_1_7' title='bbox 440 404 589 482; x_wconf 73' lang='grc' dir='ltr'><strong><em>κείμενος,</em></strong></span> <span class='ocrx_word' id='word_1_8' title='bbox 618 399 655 466; x_wconf 82' lang='grc' dir='ltr'><strong><em>ού</em></strong></span> <span class='ocrx_word' id='word_1_9' title='bbox 673 402 797 485; x_wconf 84' lang='grc' dir='ltr'><strong><em>λέληθεν</em></strong></span> <span class='ocrx_word' id='word_1_10' title='bbox 822 400 951 489; x_wconf 88' lang='grc' dir='ltr'><strong><em>ἀγγέλων</em></strong></span> <span class='ocrx_word' id='word_1_11' title='bbox 974 401 1072 487; x_wconf 88' lang='grc' dir='ltr'><strong><em>χορόν.</em></strong></span> <span class='ocrx_word' id='word_1_12' title='bbox 1119 403 1313 485; x_wconf 80' lang='grc' dir='ltr'><strong><em>Παρεμβολαὶ</em></strong></span> <span class='ocrx_word' id='word_1_13' title='bbox 1330 401 1363 467; x_wconf 74' lang='grc' dir='ltr'><strong><em>δὲ</em></strong></span> <span class='ocrx_word' id='word_1_14' title='bbox 1382 403 1434 468; x_wconf 86' lang='grc' dir='ltr'><strong><em>έπί</em></strong></span> 
     </span>
     <span class='ocr_line' id='line_1_3' title="bbox 273 501 1436 594; baseline 0.001 -26"><span class='ocrx_word' id='word_1_15' title='bbox 273 510 311 594; x_wconf 73' lang='grc' dir='ltr'><strong><em>τῇ</em></strong></span> <span class='ocrx_word' id='word_1_16' title='bbox 327 510 381 569; x_wconf 84' lang='grc' dir='ltr'><strong><em>τοῦ</em></strong></span> <span class='ocrx_word' id='word_1_17' title='bbox 394 506 537 585; x_wconf 83' lang='grc' dir='ltr'><strong><em>βασιλέως</em></strong></span> <span class='ocrx_word' id='word_1_18' title='bbox 558 510 612 568; x_wconf 83' lang='grc' dir='ltr'><strong><em>τοῦ</em></strong></span> <span class='ocrx_word' id='word_1_19' title='bbox 630 506 739 581; x_wconf 75' lang='grc' dir='ltr'><strong><em>αίοῐνος</em></strong></span> <span class='ocrx_word' id='word_1_20' title='bbox 762 503 867 594; x_wconf 77' lang='grc' dir='ltr'><strong><em>είςόδςο</em></strong></span> <span class='ocrx_word' id='word_1_21' title='bbox 886 510 1069 589; x_wconf 86' lang='grc' dir='ltr'><strong><em>δορυφορεῑν</em></strong></span> <span class='ocrx_word' id='word_1_22' title='bbox 1085 501 1310 585; x_wconf 74' lang='grc' dir='ltr'><strong><em>ἀπεστέλλοντο,</em></strong></span> <span class='ocrx_word' id='word_1_23' title='bbox 1341 503 1436 588; x_wconf 82' lang='grc' dir='ltr'><strong><em>ύμνοι</em></strong></span> 
     </span>
     <span class='ocr_line' id='line_1_4' title="bbox 275 605 1437 691; baseline 0 -19"><span class='ocrx_word' id='word_1_24' title='bbox 275 608 438 672; x_wconf 69' lang='grc' dir='ltr'><strong><em>*έπινίκιοι</em></strong></span> <span class='ocrx_word' id='word_1_25' title='bbox 463 609 630 686; x_wconf 74' lang='grc' dir='ltr'><strong><em>ἐτελοῦντο,</em></strong></span> <span class='ocrx_word' id='word_1_26' title='bbox 662 605 763 691; x_wconf 78' lang='grc' dir='ltr'><strong><em>εἰρήνη</em></strong></span> <span class='ocrx_word' id='word_1_27' title='bbox 785 610 818 673; x_wconf 93' lang='grc' dir='ltr'><strong><em>έν</em></strong></span> <span class='ocrx_word' id='word_1_28' title='bbox 833 617 896 684; x_wconf 87' lang='grc' dir='ltr'><strong><em>τοῖς</em></strong></span> <span class='ocrx_word' id='word_1_29' title='bbox 917 609 1053 690; x_wconf 74' lang='grc' dir='ltr'><strong><em>ποιμέσιν</em></strong></span> <span class='ocrx_word' id='word_1_30' title='bbox 1077 608 1257 690; x_wconf 86' lang='grc' dir='ltr'><strong><em>έκηρόττετο.</em></strong></span> <span class='ocrx_word' id='word_1_31' title='bbox 1297 607 1386 673; x_wconf 61' lang='lat' dir='ltr'><strong><em>’And</em></strong></span> <span class='ocrx_word' id='word_1_32' title='bbox 1405 612 1437 673; x_wconf 93' lang='grc' dir='ltr'><strong><em>τί</em></strong></span> 
     </span>
     <span class='ocr_line' id='line_1_5' title="bbox 275 705 1437 797; baseline 0.002 -23"><span class='ocrx_word' id='word_1_33' title='bbox 275 706 433 795; x_wconf 76' lang='grc' dir='ltr'><strong><em>ἠμαύρωσε</em></strong></span> <span class='ocrx_word' id='word_1_34' title='bbox 450 708 504 792; x_wconf 75' lang='grc' dir='ltr'><strong><em>την</em></strong></span> <span class='ocrx_word' id='word_1_35' title='bbox 523 705 616 774; x_wconf 84' lang='grc' dir='ltr'><strong><em>αύτοῦ</em></strong></span> <span class='ocrx_word' id='word_1_36' title='bbox 641 707 785 792; x_wconf 76' lang='grc' dir='ltr'><strong><em>δύναμινς</em></strong></span> <span class='ocrx_word' id='word_1_37' title='bbox 821 708 886 775; x_wconf 77' lang='grc' dir='ltr'><strong><em>Ἔτι</em></strong></span> <span class='ocrx_word' id='word_1_38' title='bbox 907 709 963 797; x_wconf 82' lang='grc' dir='ltr'><strong><em>γύρ</em></strong></span> <span class='ocrx_word' id='word_1_39' title='bbox 986 708 1072 786; x_wconf 83' lang='grc' dir='ltr'><strong><em>ὄντος</em></strong></span> <span class='ocrx_word' id='word_1_40' title='bbox 1094 710 1188 776; x_wconf 82' lang='grc' dir='ltr'><strong><em>αὐτοῦ</em></strong></span> <span class='ocrx_word' id='word_1_41' title='bbox 1204 713 1352 794; x_wconf 76' lang='grc' dir='ltr'><strong><em>βρέφους,</em></strong></span> <span class='ocrx_word' id='word_1_42' title='bbox 1381 713 1437 776; x_wconf 85' lang='grc' dir='ltr'><strong><em>καί</em></strong></span> 
     </span>
     <span class='ocr_line' id='line_1_6' title="bbox 275 809 1438 900; baseline 0.003 -24"><span class='ocrx_word' id='word_1_43' title='bbox 275 813 510 895; x_wconf 78' lang='grc' dir='ltr'><strong><em>βασταζομένου,</em></strong></span> <span class='ocrx_word' id='word_1_44' title='bbox 546 809 667 896; x_wconf 87' lang='grc' dir='ltr'><strong><em>ἀστέρος</em></strong></span> <span class='ocrx_word' id='word_1_45' title='bbox 690 812 743 895; x_wconf 77' lang='grc' dir='ltr'><strong><em>μέν</em></strong></span> <span class='ocrx_word' id='word_1_46' title='bbox 766 818 874 898; x_wconf 87' lang='grc' dir='ltr'><strong><em>γίνεται</em></strong></span> <span class='ocrx_word' id='word_1_47' title='bbox 899 822 1004 895; x_wconf 87' lang='grc' dir='ltr'><strong><em>σημεῖα</em></strong></span> <span class='ocrx_word' id='word_1_48' title='bbox 1027 811 1088 879; x_wconf 87' lang='grc' dir='ltr'><strong><em>ἀπό</em></strong></span> <span class='ocrx_word' id='word_1_49' title='bbox 1112 813 1280 894; x_wconf 82' lang='grc' dir='ltr'><strong><em>ἀνατολῶν,</em></strong></span> <span class='ocrx_word' id='word_1_50' title='bbox 1313 813 1438 900; x_wconf 87' lang='grc' dir='ltr'><strong><em>Μάγων</em></strong></span> 
     </span>
     <span class='ocr_line' id='line_1_7' title="bbox 276 914 1437 1002; baseline 0.002 -23"><span class='ocrx_word' id='word_1_51' title='bbox 276 920 440 1000; x_wconf 76' lang='grc' dir='ltr'><strong><em>παρουσία,</em></strong></span> <span class='ocrx_word' id='word_1_52' title='bbox 469 917 669 1000; x_wconf 86' lang='grc' dir='ltr'><strong><em>προςκύνησίς</em></strong></span> <span class='ocrx_word' id='word_1_53' title='bbox 683 939 714 978; x_wconf 92' lang='grc' dir='ltr'><strong><em>τε</em></strong></span> <span class='ocrx_word' id='word_1_54' title='bbox 729 917 781 980; x_wconf 90' lang='grc' dir='ltr'><strong><em>καί</em></strong></span> <span class='ocrx_word' id='word_1_55' title='bbox 797 918 1006 1001; x_wconf 67' lang='grc' dir='ltr'><strong><em>οδορυφορία,</em></strong></span> <span class='ocrx_word' id='word_1_56' title='bbox 1038 918 1232 1002; x_wconf 71' lang='grc' dir='ltr'><strong><em>γραμματέων</em></strong></span> <span class='ocrx_word' id='word_1_57' title='bbox 1247 914 1363 1000; x_wconf 77' lang='grc' dir='ltr'><strong><em>ζήτησις</em></strong></span> <span class='ocrx_word' id='word_1_58' title='bbox 1379 920 1437 999; x_wconf 84' lang='grc' dir='ltr'><strong><em>βα-</em></strong></span> 
     </span>
     <span class='ocr_line' id='line_1_8' title="bbox 275 1014 1437 1104; baseline 0.002 -22"><span class='ocrx_word' id='word_1_59' title='bbox 275 1024 363 1097; x_wconf 86' lang='grc' dir='ltr'><strong><em>σιλεῖ,</em></strong></span> <span class='ocrx_word' id='word_1_60' title='bbox 384 1014 489 1103; x_wconf 75' lang='grc' dir='ltr'><strong><em>ἠπερί</em></strong></span> <span class='ocrx_word' id='word_1_61' title='bbox 506 1014 599 1082; x_wconf 83' lang='grc' dir='ltr'><strong><em>αύτοῦ</em></strong></span> <span class='ocrx_word' id='word_1_62' title='bbox 615 1015 772 1102; x_wconf 87' lang='grc' dir='ltr'><strong><em>ἀπόκρισις</em></strong></span> <span class='ocrx_word' id='word_1_63' title='bbox 785 1020 836 1083; x_wconf 89' lang='grc' dir='ltr'><strong><em>καί</em></strong></span> <span class='ocrx_word' id='word_1_64' title='bbox 857 1014 1011 1104; x_wconf 87' lang='grc' dir='ltr'><strong><em>όμολογία,</em></strong></span> <span class='ocrx_word' id='word_1_65' title='bbox 1042 1017 1079 1083; x_wconf 85' lang='grc' dir='ltr'><strong><em>τά</em></strong></span> <span class='ocrx_word' id='word_1_66' title='bbox 1093 1019 1125 1084; x_wconf 81' lang='grc' dir='ltr'><strong><em>δέ</em></strong></span> <span class='ocrx_word' id='word_1_67' title='bbox 1142 1016 1214 1085; x_wconf 84' lang='grc' dir='ltr'><strong><em>ἀλλα</em></strong></span> <span class='ocrx_word' id='word_1_68' title='bbox 1232 1018 1345 1100; x_wconf 88' lang='grc' dir='ltr'><strong><em>πάντα,</em></strong></span> <span class='ocrx_word' id='word_1_69' title='bbox 1375 1019 1437 1085; x_wconf 77' lang='grc' dir='ltr'><strong><em>ὅσα</em></strong></span> 
     </span>
     <span class='ocr_line' id='line_1_9' title="bbox 275 1118 1437 1210; baseline 0.002 -25"><span class='ocrx_word' id='word_1_70' title='bbox 275 1121 401 1205; x_wconf 80' lang='grc' dir='ltr'><strong><em>περιέχει</em></strong></span> <span class='ocrx_word' id='word_1_71' title='bbox 416 1118 438 1203; x_wconf 78' lang='grc' dir='ltr'><em>ἡ</em></span> <span class='ocrx_word' id='word_1_72' title='bbox 455 1119 638 1198; x_wconf 88' lang='grc' dir='ltr'><strong><em>ἀκολουθία,</em></strong></span> <span class='ocrx_word' id='word_1_73' title='bbox 668 1123 696 1184; x_wconf 89' lang='grc' dir='ltr'><strong><em>τί</em></strong></span> <span class='ocrx_word' id='word_1_74' title='bbox 714 1120 860 1204; x_wconf 74' lang='grc' dir='ltr'><strong><em>ἐνέσκηψε</em></strong></span> <span class='ocrx_word' id='word_1_75' title='bbox 880 1126 917 1210; x_wconf 70' lang='grc' dir='ltr'><strong><em>τῇ</em></strong></span> <span class='ocrx_word' id='word_1_76' title='bbox 937 1121 1032 1187; x_wconf 82' lang='grc' dir='ltr'><strong><em>αὐτοῦ</em></strong></span> <span class='ocrx_word' id='word_1_77' title='bbox 1052 1120 1188 1205; x_wconf 74' lang='grc' dir='ltr'><strong><em>θεότητι,</em></strong></span> <span class='ocrx_word' id='word_1_78' title='bbox 1218 1130 1307 1188; x_wconf 86' lang='grc' dir='ltr'><strong><em>ποῖον</em></strong></span> <span class='ocrx_word' id='word_1_79' title='bbox 1326 1122 1437 1188; x_wconf 86' lang='grc' dir='ltr'><strong><em>έπικά-</em></strong></span> 
     </span>
     <span class='ocr_line' id='line_1_10' title="bbox 274 1218 1435 1312; baseline 0.003 -24"><span class='ocrx_word' id='word_1_80' title='bbox 274 1225 481 1306; x_wconf 84' lang='grc' dir='ltr'><strong><em>λυμμαέσχεν,</em></strong></span> <span class='ocrx_word' id='word_1_81' title='bbox 504 1219 546 1299; x_wconf 70' lang='grc' dir='ltr'><strong><em>οἷς</em></strong></span> <span class='ocrx_word' id='word_1_82' title='bbox 568 1225 599 1288; x_wconf 86' lang='grc' dir='ltr'><strong><em>έν</em></strong></span> <span class='ocrx_word' id='word_1_83' title='bbox 613 1218 701 1305; x_wconf 77' lang='grc' dir='ltr'><strong><em>ημῖν,</em></strong></span> <span class='ocrx_word' id='word_1_84' title='bbox 738 1220 884 1308; x_wconf 72' lang='grc' dir='ltr'><strong><em>ἡσαρκός</em></strong></span> <span class='ocrx_word' id='word_1_85' title='bbox 904 1223 1030 1306; x_wconf 78' lang='grc' dir='ltr'><strong><em>κατοχής</em></strong></span> <span class='ocrx_word' id='word_1_86' title='bbox 1072 1222 1208 1312; x_wconf 82' lang='grc' dir='ltr'><strong><em>Ἐπιτιμηῖ</em></strong></span> <span class='ocrx_word' id='word_1_87' title='bbox 1223 1225 1277 1308; x_wconf 84' lang='grc' dir='ltr'><strong><em>μέν</em></strong></span> <span class='ocrx_word' id='word_1_88' title='bbox 1291 1223 1435 1306; x_wconf 76' lang='grc' dir='ltr'><strong><em>κλύδωνι,</em></strong></span> 
     </span>
     <span class='ocr_line' id='line_1_11' title="bbox 275 1312 1436 1415; baseline 0.003 -25"><span class='ocrx_word' id='word_1_89' title='bbox 275 1326 327 1390; x_wconf 88' lang='grc' dir='ltr'><strong><em>καί</em></strong></span> <span class='ocrx_word' id='word_1_90' title='bbox 344 1334 407 1402; x_wconf 85' lang='grc' dir='ltr'><strong><em>τοῖς</em></strong></span> <span class='ocrx_word' id='word_1_91' title='bbox 423 1325 561 1408; x_wconf 86' lang='grc' dir='ltr'><strong><em>ἀνέμοις,</em></strong></span> <span class='ocrx_word' id='word_1_92' title='bbox 581 1326 632 1389; x_wconf 86' lang='grc' dir='ltr'><strong><em>καί</em></strong></span> <span class='ocrx_word' id='word_1_93' title='bbox 650 1331 687 1414; x_wconf 80' lang='grc' dir='ltr'><strong><em>τῇ</em></strong></span> <span class='ocrx_word' id='word_1_94' title='bbox 700 1325 854 1415; x_wconf 72' lang='grc' dir='ltr'><strong><em>θαλάσση,</em></strong></span> <span class='ocrx_word' id='word_1_95' title='bbox 882 1327 934 1390; x_wconf 87' lang='grc' dir='ltr'><strong><em>καί</em></strong></span> <span class='ocrx_word' id='word_1_96' title='bbox 952 1326 1009 1391; x_wconf 81' lang='grc' dir='ltr'><strong><em>οὐκ</em></strong></span> <span class='ocrx_word' id='word_1_97' title='bbox 1026 1328 1155 1410; x_wconf 83' lang='grc' dir='ltr'><strong><em>έπέχεται</em></strong></span> <span class='ocrx_word' id='word_1_98' title='bbox 1171 1325 1232 1392; x_wconf 89' lang='grc' dir='ltr'><strong><em>ἀπό</em></strong></span> <span class='ocrx_word' id='word_1_99' title='bbox 1251 1312 1305 1410; x_wconf 80' lang='grc' dir='ltr'><strong><em>τῆς</em></strong></span> <span class='ocrx_word' id='word_1_100' title='bbox 1321 1327 1436 1410; x_wconf 87' lang='grc' dir='ltr'><strong><em>σαρκός</em></strong></span> 
     </span>
     <span class='ocr_line' id='line_1_12' title="bbox 276 1424 1432 1515; baseline 0.003 -23"><span class='ocrx_word' id='word_1_101' title='bbox 276 1424 298 1510; x_wconf 75' lang='grc' dir='ltr'><em>ἦ</em></span> <span class='ocrx_word' id='word_1_102' title='bbox 315 1435 368 1512; x_wconf 78' lang='grc' dir='ltr'><strong><em>τῆς</em></strong></span> <span class='ocrx_word' id='word_1_103' title='bbox 385 1426 478 1494; x_wconf 84' lang='grc' dir='ltr'><strong><em>αύτοῦ</em></strong></span> <span class='ocrx_word' id='word_1_104' title='bbox 492 1427 637 1510; x_wconf 74' lang='grc' dir='ltr'><strong><em>θεότητος</em></strong></span> <span class='ocrx_word' id='word_1_105' title='bbox 649 1424 791 1510; x_wconf 86' lang='grc' dir='ltr'><strong><em>δύναμις,</em></strong></span> <span class='ocrx_word' id='word_1_106' title='bbox 823 1431 993 1493; x_wconf 80' lang='grc' dir='ltr'><strong><em>έπιτελοῧσα</em></strong></span> <span class='ocrx_word' id='word_1_107' title='bbox 1007 1428 1040 1494; x_wconf 88' lang='grc' dir='ltr'><strong><em>τό</em></strong></span> <span class='ocrx_word' id='word_1_108' title='bbox 1055 1430 1130 1494; x_wconf 81' lang='grc' dir='ltr'><strong><em>κατιί</em></strong></span> <span class='ocrx_word' id='word_1_109' title='bbox 1148 1428 1240 1510; x_wconf 85' lang='grc' dir='ltr'><strong><em>φύσιν</em></strong></span> <span class='ocrx_word' id='word_1_110' title='bbox 1255 1437 1309 1513; x_wconf 78' lang='grc' dir='ltr'><strong><em>τῆς</em></strong></span> <span class='ocrx_word' id='word_1_111' title='bbox 1323 1429 1432 1515; x_wconf 84' lang='grc' dir='ltr'><strong><em>θεότη-</em></strong></span> 
     </span>
     <span class='ocr_line' id='line_1_13' title="bbox 276 1528 1435 1620; baseline 0.004 -25"><span class='ocrx_word' id='word_1_112' title='bbox 276 1555 334 1608; x_wconf 90' lang='grc' dir='ltr'><strong><em>τος.</em></strong></span> <span class='ocrx_word' id='word_1_113' title='bbox 377 1528 459 1596; x_wconf 82' lang='grc' dir='ltr'><strong><em>Ἀλλό</em></strong></span> <span class='ocrx_word' id='word_1_114' title='bbox 477 1533 527 1595; x_wconf 82' lang='grc' dir='ltr'><strong><em>καί</em></strong></span> <span class='ocrx_word' id='word_1_115' title='bbox 545 1528 637 1616; x_wconf 86' lang='grc' dir='ltr'><strong><em>όγκου</em></strong></span> <span class='ocrx_word' id='word_1_116' title='bbox 660 1531 710 1595; x_wconf 86' lang='grc' dir='ltr'><strong><em>καί</em></strong></span> <span class='ocrx_word' id='word_1_117' title='bbox 727 1529 840 1616; x_wconf 86' lang='grc' dir='ltr'><strong><em>βόρους</em></strong></span> <span class='ocrx_word' id='word_1_118' title='bbox 857 1539 908 1614; x_wconf 81' lang='grc' dir='ltr'><strong><em>τῆς</em></strong></span> <span class='ocrx_word' id='word_1_119' title='bbox 924 1530 1036 1617; x_wconf 89' lang='grc' dir='ltr'><strong><em>σαρκός</em></strong></span> <span class='ocrx_word' id='word_1_120' title='bbox 1050 1529 1256 1617; x_wconf 84' lang='grc' dir='ltr'><strong><em>ύπαρχσύσης,</em></strong></span> <span class='ocrx_word' id='word_1_121' title='bbox 1288 1533 1325 1599; x_wconf 85' lang='grc' dir='ltr'><strong><em>ού</em></strong></span> <span class='ocrx_word' id='word_1_122' title='bbox 1345 1533 1435 1620; x_wconf 76' lang='grc' dir='ltr'><strong><em>βάρει</em></strong></span> 
     </span>
     <span class='ocr_line' id='line_1_14' title="bbox 277 1630 1435 1721; baseline 0.003 -23"><span class='ocrx_word' id='word_1_123' title='bbox 277 1635 434 1716; x_wconf 72' lang='grc' dir='ltr'><strong><em>συνέχεται.</em></strong></span> <span class='ocrx_word' id='word_1_124' title='bbox 481 1638 645 1718; x_wconf 84' lang='grc' dir='ltr'><strong><em>Περιπατεῖ</em></strong></span> <span class='ocrx_word' id='word_1_125' title='bbox 656 1630 713 1720; x_wconf 86' lang='grc' dir='ltr'><strong><em>γάρ</em></strong></span> <span class='ocrx_word' id='word_1_126' title='bbox 731 1630 772 1710; x_wconf 71' lang='grc' dir='ltr'><strong><em>οἷς</em></strong></span> <span class='ocrx_word' id='word_1_127' title='bbox 789 1634 837 1699; x_wconf 84' lang='grc' dir='ltr'><strong><em>έπί</em></strong></span> <span class='ocrx_word' id='word_1_128' title='bbox 856 1643 919 1711; x_wconf 88' lang='grc' dir='ltr'><strong><em>τοῖς</em></strong></span> <span class='ocrx_word' id='word_1_129' title='bbox 935 1632 1057 1713; x_wconf 76' lang='grc' dir='ltr'><strong><em>ὕδασιν,</em></strong></span> <span class='ocrx_word' id='word_1_130' title='bbox 1080 1631 1121 1711; x_wconf 79' lang='grc' dir='ltr'><strong><em>οίς</em></strong></span> <span class='ocrx_word' id='word_1_131' title='bbox 1136 1633 1279 1721; x_wconf 72' lang='grc' dir='ltr'><strong><em>ἄτρεπτος</em></strong></span> <span class='ocrx_word' id='word_1_132' title='bbox 1294 1634 1378 1715; x_wconf 86' lang='grc' dir='ltr'><strong><em>θεός,</em></strong></span> <span class='ocrx_word' id='word_1_133' title='bbox 1401 1638 1435 1702; x_wconf 86' lang='grc' dir='ltr'><strong><em>έν</em></strong></span> 
     </span>
     <span class='ocr_line' id='line_1_15' title="bbox 277 1731 1432 1822; baseline 0.007 -23"><span class='ocrx_word' id='word_1_134' title='bbox 277 1737 364 1822; x_wconf 87' lang='grc' dir='ltr'><strong><em>σαρκί</em></strong></span> <span class='ocrx_word' id='word_1_135' title='bbox 380 1735 433 1818; x_wconf 73' lang='grc' dir='ltr'><strong><em>μέν</em></strong></span> <span class='ocrx_word' id='word_1_136' title='bbox 448 1731 603 1820; x_wconf 85' lang='grc' dir='ltr'><strong><em>ύπόρχων,</em></strong></span> <span class='ocrx_word' id='word_1_137' title='bbox 626 1734 682 1802; x_wconf 82' lang='grc' dir='ltr'><strong><em>οὐκ</em></strong></span> <span class='ocrx_word' id='word_1_138' title='bbox 700 1734 762 1802; x_wconf 84' lang='grc' dir='ltr'><strong><em>ἀπό</em></strong></span> <span class='ocrx_word' id='word_1_139' title='bbox 783 1734 892 1820; x_wconf 88' lang='grc' dir='ltr'><strong><em>σαρκός</em></strong></span> <span class='ocrx_word' id='word_1_140' title='bbox 909 1736 942 1801; x_wconf 76' lang='grc' dir='ltr'><strong><em>δέ</em></strong></span> <span class='ocrx_word' id='word_1_141' title='bbox 956 1734 1180 1819; x_wconf 83' lang='grc' dir='ltr'><strong><em>ἀλλοιούμενος,</em></strong></span> <span class='ocrx_word' id='word_1_142' title='bbox 1201 1739 1254 1803; x_wconf 88' lang='grc' dir='ltr'><strong><em>καί</em></strong></span> <span class='ocrx_word' id='word_1_143' title='bbox 1271 1746 1354 1804; x_wconf 80' lang='grc' dir='ltr'><strong><em>καλεῖ</em></strong></span> <span class='ocrx_word' id='word_1_144' title='bbox 1366 1764 1432 1818; x_wconf 88' lang='grc' dir='ltr'><strong><em>φω-</em></strong></span> 
     </span>
     <span class='ocr_line' id='line_1_16' title="bbox 275 1836 1432 1927; baseline 0.003 -25"><span class='ocrx_word' id='word_1_145' title='bbox 275 1844 324 1927; x_wconf 73' lang='grc' dir='ltr'><strong><em>νῇ,</em></strong></span> <span class='ocrx_word' id='word_1_146' title='bbox 346 1836 465 1923; x_wconf 72' lang='grc' dir='ltr'><strong><em>Λάζαρκ</em></strong></span> <span class='ocrx_word' id='word_1_147' title='bbox 480 1840 568 1924; x_wconf 85' lang='grc' dir='ltr'><strong><em>δεῦρο</em></strong></span> <span class='ocrx_word' id='word_1_148' title='bbox 583 1840 649 1918; x_wconf 82' lang='grc' dir='ltr'><strong><em>έξω,</em></strong></span> <span class='ocrx_word' id='word_1_149' title='bbox 672 1836 729 1905; x_wconf 86' lang='grc' dir='ltr'><strong><em>ούκ</em></strong></span> <span class='ocrx_word' id='word_1_150' title='bbox 744 1837 900 1904; x_wconf 75' lang='grc' dir='ltr'><strong><em>ἀντίθετον</em></strong></span> <span class='ocrx_word' id='word_1_151' title='bbox 915 1841 989 1922; x_wconf 85' lang='grc' dir='ltr'><strong><em>έχων</em></strong></span> <span class='ocrx_word' id='word_1_152' title='bbox 1003 1837 1058 1922; x_wconf 77' lang='grc' dir='ltr'><strong><em>τήν</em></strong></span> <span class='ocrx_word' id='word_1_153' title='bbox 1072 1837 1169 1925; x_wconf 89' lang='grc' dir='ltr'><strong><em>σάρκα</em></strong></span> <span class='ocrx_word' id='word_1_154' title='bbox 1177 1891 1186 1920; x_wconf 93' lang='grc'><strong><em>,</em></strong></span> <span class='ocrx_word' id='word_1_155' title='bbox 1209 1837 1281 1906; x_wconf 76' lang='grc' dir='ltr'><strong><em>οόδὲ</em></strong></span> <span class='ocrx_word' id='word_1_156' title='bbox 1294 1846 1347 1924; x_wconf 79' lang='grc' dir='ltr'><strong><em>τῆς</em></strong></span> <span class='ocrx_word' id='word_1_157' title='bbox 1361 1840 1432 1906; x_wconf 67' lang='lat'><strong><em>026-</em></strong></span> 
     </span>
     <span class='ocr_line' id='line_1_17' title="bbox 276 1941 1195 2030; baseline 0.004 -27"><span class='ocrx_word' id='word_1_158' title='bbox 276 1964 362 2023; x_wconf 86' lang='grc' dir='ltr'><strong><em>τητος</em></strong></span> <span class='ocrx_word' id='word_1_159' title='bbox 384 1942 416 2006; x_wconf 91' lang='grc' dir='ltr'><strong><em>έν</em></strong></span> <span class='ocrx_word' id='word_1_160' title='bbox 437 1942 525 2026; x_wconf 86' lang='grc' dir='ltr'><strong><em>σαρκί</em></strong></span> <span class='ocrx_word' id='word_1_161' title='bbox 547 1947 584 2030; x_wconf 76' lang='grc' dir='ltr'><strong><em>τῇ</em></strong></span> <span class='ocrx_word' id='word_1_162' title='bbox 603 1945 696 2030; x_wconf 69' lang='grc' dir='ltr'><strong><em>τελεία</em></strong></span> <span class='ocrx_word' id='word_1_163' title='bbox 718 1941 943 2027; x_wconf 77' lang='grc' dir='ltr'><strong><em>ένανθροοπὴσει</em></strong></span> <span class='ocrx_word' id='word_1_164' title='bbox 965 1944 1195 2024; x_wconf 86' lang='grc' dir='ltr'><strong><em>δεδουλωμένης.</em></strong></span> 
     </span>
    </p>
   </div>
   <div class='ocr_carea' id='block_1_3' title="bbox 126 2554 1436 3365">
    <p class='ocr_par' dir='ltr' id='par_1_3' title="bbox 126 2554 1431 2857">
     <span class='ocr_line' id='line_1_18' title="bbox 126 2554 1425 2650; baseline -0.005 -23"><span class='ocrx_word' id='word_1_165' title='bbox 126 2583 209 2650; x_wconf 48' lang='lat' dir='ltr'><strong><em>{w</em></strong></span> <span class='ocrx_word' id='word_1_166' title='bbox 226 2582 256 2638; x_wconf 68' lang='grc' dir='ltr'><strong><em>χ’,</em></strong></span> <span class='ocrx_word' id='word_1_167' title='bbox 366 2563 425 2627; x_wconf 81' lang='grc' dir='ltr'><strong><em>Καί</em></strong></span> <span class='ocrx_word' id='word_1_168' title='bbox 443 2558 536 2628; x_wconf 80' lang='grc' dir='ltr'><strong><em>πολλοί</em></strong></span> <span class='ocrx_word' id='word_1_169' title='bbox 558 2589 610 2646; x_wconf 90' lang='grc' dir='ltr'><strong><em>μοι</em></strong></span> <span class='ocrx_word' id='word_1_170' title='bbox 629 2565 689 2628; x_wconf 87' lang='grc' dir='ltr'><strong><em>έστι</em></strong></span> <span class='ocrx_word' id='word_1_171' title='bbox 709 2567 785 2627; x_wconf 77' lang='grc' dir='ltr'><strong><em>1τοῦ</em></strong></span> <span class='ocrx_word' id='word_1_172' title='bbox 799 2561 903 2647; x_wconf 87' lang='grc' dir='ltr'><strong><em>λέγειν·</em></strong></span> <span class='ocrx_word' id='word_1_173' title='bbox 936 2558 1007 2629; x_wconf 84' lang='grc' dir='ltr'><strong><em>ἀλλά</em></strong></span> <span class='ocrx_word' id='word_1_174' title='bbox 1021 2563 1073 2628; x_wconf 82' lang='grc' dir='ltr'><strong><em>καί</em></strong></span> <span class='ocrx_word' id='word_1_175' title='bbox 1091 2565 1124 2628; x_wconf 91' lang='grc' dir='ltr'><strong><em>έκ</em></strong></span> <span class='ocrx_word' id='word_1_176' title='bbox 1141 2563 1248 2646; x_wconf 76' lang='grc' dir='ltr'><strong><em>νεκρόν</em></strong></span> <span class='ocrx_word' id='word_1_177' title='bbox 1263 2554 1425 2635; x_wconf 89' lang='grc' dir='ltr'><strong><em>ἀνίσταται,</em></strong></span> 
     </span>
     <span class='ocr_line' id='line_1_19' title="bbox 276 2660 1429 2755; baseline -0.006 -25"><span class='ocrx_word' id='word_1_178' title='bbox 276 2667 328 2730; x_wconf 77' lang='grc' dir='ltr'><strong><em>καὶ</em></strong></span> <span class='ocrx_word' id='word_1_179' title='bbox 345 2661 532 2748; x_wconf 86' lang='grc' dir='ltr'><strong><em>ἀναμοχλεύει</em></strong></span> <span class='ocrx_word' id='word_1_180' title='bbox 546 2663 582 2730; x_wconf 85' lang='grc' dir='ltr'><strong><em>τοί</em></strong></span> <span class='ocrx_word' id='word_1_181' title='bbox 600 2662 673 2730; x_wconf 88' lang='grc' dir='ltr'><strong><em>καθ’</em></strong></span> <span class='ocrx_word' id='word_1_182' title='bbox 695 2660 787 2755; x_wconf 72' lang='grc' dir='ltr'><strong><em>ᾅδου,</em></strong></span> <span class='ocrx_word' id='word_1_183' title='bbox 817 2666 868 2729; x_wconf 84' lang='grc' dir='ltr'><strong><em>καί</em></strong></span> <span class='ocrx_word' id='word_1_184' title='bbox 886 2664 960 2730; x_wconf 83' lang='grc' dir='ltr'><strong><em>έλοόν</em></strong></span> <span class='ocrx_word' id='word_1_185' title='bbox 984 2662 1124 2751; x_wconf 76' lang='grc' dir='ltr'><strong><em>ἀνήνεγκε</em></strong></span> <span class='ocrx_word' id='word_1_186' title='bbox 1146 2661 1201 2746; x_wconf 76' lang='grc' dir='ltr'><strong><em>τὴν</em></strong></span> <span class='ocrx_word' id='word_1_187' title='bbox 1222 2661 1429 2746; x_wconf 85' lang='grc' dir='ltr'><strong><em>αίχμοιλωσίαν,</em></strong></span> 
     </span>
     <span class='ocr_line' id='line_1_20' title="bbox 277 2759 1431 2857; baseline -0.004 -25"><span class='ocrx_word' id='word_1_188' title='bbox 277 2769 328 2832; x_wconf 89' lang='grc' dir='ltr'><strong><em>καί</em></strong></span> <span class='ocrx_word' id='word_1_189' title='bbox 345 2765 474 2843; x_wconf 85' lang='grc' dir='ltr'><strong><em>ἀναστάς</em></strong></span> <span class='ocrx_word' id='word_1_190' title='bbox 488 2765 521 2832; x_wconf 89' lang='grc' dir='ltr'><strong><em>τό</em></strong></span> <span class='ocrx_word' id='word_1_191' title='bbox 536 2765 694 2855; x_wconf 76' lang='grc' dir='ltr'><strong><em>τριήμερον</em></strong></span> <span class='ocrx_word' id='word_1_192' title='bbox 709 2769 742 2833; x_wconf 84' lang='grc' dir='ltr'><strong><em>έν</em></strong></span> <span class='ocrx_word' id='word_1_193' title='bbox 757 2765 832 2857; x_wconf 71' lang='grc' dir='ltr'><strong><em>αύτγῙ</em></strong></span> <span class='ocrx_word' id='word_1_194' title='bbox 849 2774 912 2857; x_wconf 70' lang='grc' dir='ltr'><strong><em>’τῇ</em></strong></span> <span class='ocrx_word' id='word_1_195' title='bbox 929 2764 1000 2856; x_wconf 75' lang='grc' dir='ltr'><strong><em>ἀγίγι</em></strong></span> <span class='ocrx_word' id='word_1_196' title='bbox 1015 2768 1112 2852; x_wconf 84' lang='grc' dir='ltr'><strong><em>σαρκί,</em></strong></span> <span class='ocrx_word' id='word_1_197' title='bbox 1134 2767 1186 2831; x_wconf 80' lang='grc' dir='ltr'><strong><em>καί</em></strong></span> <span class='ocrx_word' id='word_1_198' title='bbox 1200 2771 1283 2856; x_wconf 72' lang='grc' dir='ltr'><strong><em>ψυχῇ</em></strong></span> <span class='ocrx_word' id='word_1_199' title='bbox 1299 2770 1336 2854; x_wconf 75' lang='grc' dir='ltr'><strong><em>τῇ</em></strong></span> <span class='ocrx_word' id='word_1_200' title='bbox 1351 2759 1431 2850; x_wconf 70' lang='grc' dir='ltr'><strong><em>ἁγίᾳ,</em></strong></span> 
     </span>
    </p>

    <p class='ocr_par' dir='ltr' id='par_1_4' title="bbox 143 2866 1434 3165">
     <span class='ocr_line' id='line_1_21' title="bbox 143 2866 1434 2959; baseline -0.009 -18"><span class='ocrx_word' id='word_1_201' title='bbox 143 2905 194 2952; x_wconf 79' lang='grc' dir='ltr'><strong><em>μς.</em></strong></span> <span class='ocrx_word' id='word_1_202' title='bbox 207 2894 265 2940; x_wconf 66' lang='lat' dir='ltr'><strong><em>lm</em></strong></span> <span class='ocrx_word' id='word_1_203' title='bbox 278 2872 328 2938; x_wconf 78' lang='grc' dir='ltr'><strong><em>καί</em></strong></span> <span class='ocrx_word' id='word_1_204' title='bbox 348 2877 409 2958; x_wconf 80' lang='grc' dir='ltr'><strong><em>νῷ,</em></strong></span> <span class='ocrx_word' id='word_1_205' title='bbox 439 2871 489 2935; x_wconf 80' lang='grc' dir='ltr'><strong><em>καί</em></strong></span> <span class='ocrx_word' id='word_1_206' title='bbox 509 2872 596 2935; x_wconf 89' lang='grc' dir='ltr'><strong><em>παντί</em></strong></span> <span class='ocrx_word' id='word_1_207' title='bbox 611 2876 652 2959; x_wconf 80' lang='grc' dir='ltr'><strong><em>τῷ</em></strong></span> <span class='ocrx_word' id='word_1_208' title='bbox 668 2870 780 2949; x_wconf 87' lang='grc' dir='ltr'><strong><em>σκεύει,</em></strong></span> <span class='ocrx_word' id='word_1_209' title='bbox 812 2871 862 2935; x_wconf 87' lang='grc' dir='ltr'><strong><em>καί</em></strong></span> <span class='ocrx_word' id='word_1_210' title='bbox 882 2872 914 2935; x_wconf 86' lang='grc' dir='ltr'><strong><em>έν</em></strong></span> <span class='ocrx_word' id='word_1_211' title='bbox 931 2878 967 2959; x_wconf 74' lang='grc' dir='ltr'><strong><em>τῇ</em></strong></span> <span class='ocrx_word' id='word_1_212' title='bbox 985 2869 1105 2952; x_wconf 85' lang='grc' dir='ltr'><strong><em>θεότητι</em></strong></span> <span class='ocrx_word' id='word_1_213' title='bbox 1125 2866 1296 2951; x_wconf 75' lang='grc' dir='ltr'><strong><em>ἡνωμένος,</em></strong></span> <span class='ocrx_word' id='word_1_214' title='bbox 1326 2867 1434 2940; x_wconf 84' lang='grc' dir='ltr'><strong><em>τέλειος</em></strong></span> 
     </span>
     <span class='ocr_line' id='line_1_22' title="bbox 277 2968 1434 3060; baseline -0.004 -22"><span class='ocrx_word' id='word_1_215' title='bbox 277 2973 396 3059; x_wconf 86' lang='grc' dir='ltr'><strong><em>γέγονεν</em></strong></span> <span class='ocrx_word' id='word_1_216' title='bbox 411 2968 591 3058; x_wconf 83' lang='grc' dir='ltr'><strong><em>ἀνθρωπος,</em></strong></span> <span class='ocrx_word' id='word_1_217' title='bbox 621 2971 788 3050; x_wconf 80' lang='grc' dir='ltr'><strong><em>συνενύσας</em></strong></span> <span class='ocrx_word' id='word_1_218' title='bbox 805 2969 860 3055; x_wconf 75' lang='grc' dir='ltr'><strong><em>τὴν</em></strong></span> <span class='ocrx_word' id='word_1_219' title='bbox 878 2969 1108 3060; x_wconf 83' lang='grc' dir='ltr'><strong><em>ένανθρύπησιν</em></strong></span> <span class='ocrx_word' id='word_1_220' title='bbox 1126 2973 1236 3038; x_wconf 78' lang='grc' dir='ltr'><strong><em>ἑαυτοῦ</em></strong></span> <span class='ocrx_word' id='word_1_221' title='bbox 1248 2976 1286 3060; x_wconf 73' lang='grc' dir='ltr'><strong><em>τῇ</em></strong></span> <span class='ocrx_word' id='word_1_222' title='bbox 1301 2968 1434 3051; x_wconf 86' lang='grc' dir='ltr'><strong><em>θεότηετ,</em></strong></span> 
     </span>
     <span class='ocr_line' id='line_1_23' title="bbox 277 3067 1433 3165; baseline -0.006 -24"><span class='ocrx_word' id='word_1_223' title='bbox 277 3073 414 3141; x_wconf 82' lang='grc' dir='ltr'><strong><em>θαυάιου</em></strong></span> <span class='ocrx_word' id='word_1_224' title='bbox 437 3074 531 3141; x_wconf 78' lang='grc' dir='ltr'><strong><em>αὐτοῦ</em></strong></span> <span class='ocrx_word' id='word_1_225' title='bbox 553 3076 655 3158; x_wconf 87' lang='grc' dir='ltr'><strong><em>μηκέτι</em></strong></span> <span class='ocrx_word' id='word_1_226' title='bbox 675 3074 871 3161; x_wconf 84' lang='grc' dir='ltr'><strong><em>κυριεύοντος.</em></strong></span> <span class='ocrx_word' id='word_1_227' title='bbox 920 3082 965 3165; x_wconf 73' lang='grc' dir='ltr'><strong><em>Τῇ</em></strong></span> <span class='ocrx_word' id='word_1_228' title='bbox 987 3076 1019 3140; x_wconf 81' lang='grc' dir='ltr'><strong><em>δέ</em></strong></span> <span class='ocrx_word' id='word_1_229' title='bbox 1035 3074 1156 3157; x_wconf 88' lang='grc' dir='ltr'><strong><em>θεότητι</em></strong></span> <span class='ocrx_word' id='word_1_230' title='bbox 1174 3073 1384 3156; x_wconf 87' lang='grc' dir='ltr'><strong><em>συνηνωμένος</em></strong></span> <span class='ocrx_word' id='word_1_231' title='bbox 1397 3067 1433 3134; x_wconf 86' lang='grc' dir='ltr'><strong><em>τό</em></strong></span> 
     </span>
    </p>

    <p class='ocr_par' dir='ltr' id='par_1_5' title="bbox 220 3169 1436 3365">
     <span class='ocr_line' id='line_1_24' title="bbox 220 3169 1435 3263; baseline -0.005 -21"><span class='ocrx_word' id='word_1_232' title='bbox 220 3186 222 3190; x_wconf 80' lang='grc'>’</span> <span class='ocrx_word' id='word_1_233' title='bbox 279 3178 443 3262; x_wconf 73' lang='grc' dir='ltr'><strong><em>παχυμερὲς</em></strong></span> <span class='ocrx_word' id='word_1_234' title='bbox 457 3169 629 3263; x_wconf 80' lang='grc' dir='ltr'><strong><em>λεπτομερές</em></strong></span> <span class='ocrx_word' id='word_1_235' title='bbox 643 3179 781 3257; x_wconf 85' lang='grc' dir='ltr'><strong><em>έτελείου,</em></strong></span> <span class='ocrx_word' id='word_1_236' title='bbox 804 3174 1003 3263; x_wconf 85' lang='grc' dir='ltr'><strong><em>είςερχόμενος</em></strong></span> <span class='ocrx_word' id='word_1_237' title='bbox 1018 3185 1125 3263; x_wconf 79' lang='grc' dir='ltr'><strong><em>θυρῶν</em></strong></span> <span class='ocrx_word' id='word_1_238' title='bbox 1137 3176 1358 3258; x_wconf 85' lang='grc' dir='ltr'><strong><em>κεκλεισμένων,</em></strong></span> <span class='ocrx_word' id='word_1_239' title='bbox 1380 3172 1435 3237; x_wconf 81' lang='grc' dir='ltr'><strong><em>καί</em></strong></span> 
     </span>
     <span class='ocr_line' id='line_1_25' title="bbox 278 3277 1436 3365; baseline -0.005 -21"><span class='ocrx_word' id='word_1_240' title='bbox 278 3277 350 3364; x_wconf 82' lang='grc' dir='ltr'><strong><em>μετά</em></strong></span> <span class='ocrx_word' id='word_1_241' title='bbox 367 3277 421 3362; x_wconf 70' lang='grc' dir='ltr'><strong><em>τόν</em></strong></span> <span class='ocrx_word' id='word_1_242' title='bbox 436 3283 552 3356; x_wconf 84' lang='grc' dir='ltr'><strong><em>είςοδον</em></strong></span> <span class='ocrx_word' id='word_1_243' title='bbox 579 3277 697 3356; x_wconf 85' lang='grc' dir='ltr'><strong><em>δεικνύς</em></strong></span> <span class='ocrx_word' id='word_1_244' title='bbox 714 3278 809 3365; x_wconf 91' lang='grc' dir='ltr'><strong><em>σάρκα</em></strong></span> <span class='ocrx_word' id='word_1_245' title='bbox 826 3281 875 3345; x_wconf 80' lang='grc' dir='ltr'><strong><em>καί</em></strong></span> <span class='ocrx_word' id='word_1_246' title='bbox 896 3280 999 3360; x_wconf 88' lang='grc' dir='ltr'><strong><em>όστέα,</em></strong></span> <span class='ocrx_word' id='word_1_247' title='bbox 1030 3284 1081 3345; x_wconf 79' lang='grc' dir='ltr'><strong><em>ἰ’να</em></strong></span> <span class='ocrx_word' id='word_1_248' title='bbox 1097 3278 1131 3345; x_wconf 85' lang='grc' dir='ltr'><strong><em>τό</em></strong></span> <span class='ocrx_word' id='word_1_249' title='bbox 1148 3277 1294 3363; x_wconf 83' lang='grc' dir='ltr'><strong><em>σωτήριον</em></strong></span> <span class='ocrx_word' id='word_1_250' title='bbox 1314 3281 1367 3358; x_wconf 77' lang='grc' dir='ltr'><strong><em>τῆς</em></strong></span> <span class='ocrx_word' id='word_1_251' title='bbox 1382 3277 1436 3339; x_wconf 78' lang='grc' dir='ltr'><strong><em>δυ·</em></strong></span> 
     </span>
    </p>
   </div>
   <div class='ocr_carea' id='block_1_4' title="bbox 278 3478 1443 4290">
    <p class='ocr_par' dir='ltr' id='par_1_6' title="bbox 278 3478 1443 4290">
     <span class='ocr_line' id='line_1_26' title="bbox 278 3478 1441 3575; baseline -0.005 -25"><span class='ocrx_word' id='word_1_252' title='bbox 278 3489 396 3551; x_wconf 86' lang='grc' dir='ltr'><strong><em>λείιοσεν</em></strong></span> <span class='ocrx_word' id='word_1_253' title='bbox 414 3482 512 3551; x_wconf 83' lang='grc' dir='ltr'><strong><em>έλθοόν</em></strong></span> <span class='ocrx_word' id='word_1_254' title='bbox 528 3482 662 3571; x_wconf 83' lang='grc' dir='ltr'><strong><em>ύλόγος,</em></strong></span> <span class='ocrx_word' id='word_1_255' title='bbox 694 3487 746 3550; x_wconf 84' lang='grc' dir='ltr'><strong><em>καί</em></strong></span> <span class='ocrx_word' id='word_1_256' title='bbox 765 3487 797 3550; x_wconf 90' lang='grc' dir='ltr'><strong><em>έν</em></strong></span> <span class='ocrx_word' id='word_1_257' title='bbox 817 3483 896 3575; x_wconf 78' lang='grc' dir='ltr'><strong><em>αύτῷ</em></strong></span> <span class='ocrx_word' id='word_1_258' title='bbox 911 3492 955 3573; x_wconf 75' lang='grc' dir='ltr'><strong><em>τῷ</em></strong></span> <span class='ocrx_word' id='word_1_259' title='bbox 974 3483 1085 3568; x_wconf 81' lang='grc' dir='ltr'><strong><em>σοι’ματι</em></strong></span> <span class='ocrx_word' id='word_1_260' title='bbox 1103 3482 1290 3566; x_wconf 70' lang='grc' dir='ltr'><strong><em>ἀναληφθεὶς</em></strong></span> <span class='ocrx_word' id='word_1_261' title='bbox 1307 3478 1441 3556; x_wconf 79' lang='grc' dir='ltr'><strong><em>ἐνδόξως</em></strong></span> 
     </span>
     <span class='ocr_line' id='line_1_27' title="bbox 280 3581 1440 3677; baseline -0.004 -25"><span class='ocrx_word' id='word_1_262' title='bbox 280 3587 418 3654; x_wconf 88' lang='grc' dir='ltr'><strong><em>έκάθισεν</em></strong></span> <span class='ocrx_word' id='word_1_263' title='bbox 439 3590 471 3654; x_wconf 87' lang='grc' dir='ltr'><strong><em>έν</em></strong></span> <span class='ocrx_word' id='word_1_264' title='bbox 494 3592 577 3677; x_wconf 75' lang='grc' dir='ltr'><strong><em>δεξιᾷ</em></strong></span> <span class='ocrx_word' id='word_1_265' title='bbox 593 3594 648 3653; x_wconf 85' lang='grc' dir='ltr'><strong><em>τοῦ</em></strong></span> <span class='ocrx_word' id='word_1_266' title='bbox 664 3588 793 3672; x_wconf 90' lang='grc' dir='ltr'><strong><em>πατρός,</em></strong></span> <span class='ocrx_word' id='word_1_267' title='bbox 824 3588 882 3655; x_wconf 80' lang='grc' dir='ltr'><strong><em>οὐκ</em></strong></span> <span class='ocrx_word' id='word_1_268' title='bbox 897 3585 958 3653; x_wconf 87' lang='grc' dir='ltr'><strong><em>ἀπό</em></strong></span> <span class='ocrx_word' id='word_1_269' title='bbox 975 3595 1029 3652; x_wconf 80' lang='grc' dir='ltr'><strong><em>τοῦ</em></strong></span> <span class='ocrx_word' id='word_1_270' title='bbox 1048 3586 1141 3674; x_wconf 87' lang='grc' dir='ltr'><strong><em>όγκου</em></strong></span> <span class='ocrx_word' id='word_1_271' title='bbox 1160 3584 1345 3668; x_wconf 85' lang='grc' dir='ltr'><strong><em>πιεζόμενος,</em></strong></span> <span class='ocrx_word' id='word_1_272' title='bbox 1376 3581 1440 3648; x_wconf 80' lang='grc' dir='ltr'><strong><em>οὐκ</em></strong></span> 
     </span>
     <span class='ocr_line' id='line_1_28' title="bbox 280 3687 1443 3776; baseline -0.003 -21"><span class='ocrx_word' id='word_1_273' title='bbox 280 3689 362 3766; x_wconf 88' lang='grc' dir='ltr'><strong><em>έκτός</em></strong></span> <span class='ocrx_word' id='word_1_274' title='bbox 376 3698 431 3757; x_wconf 85' lang='grc' dir='ltr'><strong><em>τοῦ</em></strong></span> <span class='ocrx_word' id='word_1_275' title='bbox 455 3687 590 3773; x_wconf 69' lang='grc' dir='ltr'><strong><em>σώματος</em></strong></span> <span class='ocrx_word' id='word_1_276' title='bbox 608 3687 768 3776; x_wconf 84' lang='grc' dir='ltr'><strong><em>ύπάρχων,</em></strong></span> <span class='ocrx_word' id='word_1_277' title='bbox 798 3689 830 3756; x_wconf 85' lang='grc' dir='ltr'><strong><em>τό</em></strong></span> <span class='ocrx_word' id='word_1_278' title='bbox 849 3692 881 3756; x_wconf 82' lang='grc' dir='ltr'><strong><em>δέ</em></strong></span> <span class='ocrx_word' id='word_1_279' title='bbox 899 3697 984 3773; x_wconf 78' lang='grc' dir='ltr'><strong><em>σῶμα</em></strong></span> <span class='ocrx_word' id='word_1_280' title='bbox 1008 3687 1207 3772; x_wconf 87' lang='grc' dir='ltr'><strong><em>πνευματικόν</em></strong></span> <span class='ocrx_word' id='word_1_281' title='bbox 1228 3690 1348 3774; x_wconf 87' lang='grc' dir='ltr'><strong><em>έγείρας.</em></strong></span> <span class='ocrx_word' id='word_1_282' title='bbox 1395 3687 1443 3751; x_wconf 88' lang='grc' dir='ltr'><strong><em>Εί</em></strong></span> 
     </span>
     <span class='ocr_line' id='line_1_29' title="bbox 279 3790 1441 3882; baseline -0.003 -25"><span class='ocrx_word' id='word_1_283' title='bbox 279 3790 313 3858; x_wconf 82' lang='grc' dir='ltr'><strong><em>τό</em></strong></span> <span class='ocrx_word' id='word_1_284' title='bbox 334 3790 475 3879; x_wconf 75' lang='grc' dir='ltr'><strong><em>ἡμέτερον</em></strong></span> <span class='ocrx_word' id='word_1_285' title='bbox 497 3797 643 3880; x_wconf 83' lang='grc' dir='ltr'><strong><em>σπείρεται</em></strong></span> <span class='ocrx_word' id='word_1_286' title='bbox 659 3795 691 3858; x_wconf 86' lang='grc' dir='ltr'><strong><em>έν</em></strong></span> <span class='ocrx_word' id='word_1_287' title='bbox 709 3799 831 3882; x_wconf 77' lang='grc' dir='ltr'><strong><em>φθορᾷ,</em></strong></span> <span class='ocrx_word' id='word_1_288' title='bbox 860 3796 999 3880; x_wconf 76' lang='grc' dir='ltr'><strong><em>ἐγείρεται</em></strong></span> <span class='ocrx_word' id='word_1_289' title='bbox 1022 3795 1054 3859; x_wconf 90' lang='grc' dir='ltr'><strong><em>έν</em></strong></span> <span class='ocrx_word' id='word_1_290' title='bbox 1069 3792 1235 3881; x_wconf 67' lang='grc' dir='ltr'><strong><em>ἀφθαρσίᾳ.</em></strong></span> <span class='ocrx_word' id='word_1_291' title='bbox 1278 3793 1441 3873; x_wconf 85' lang='grc' dir='ltr'><strong><em>Σπείρεται</em></strong></span> 
     </span>
     <span class='ocr_line' id='line_1_30' title="bbox 281 3893 1439 3985; baseline -0.003 -25"><span class='ocrx_word' id='word_1_292' title='bbox 281 3902 365 3977; x_wconf 78' lang='grc' dir='ltr'><strong><em>σῶμα</em></strong></span> <span class='ocrx_word' id='word_1_293' title='bbox 381 3893 526 3979; x_wconf 81' lang='grc' dir='ltr'><strong><em>ψυχικόν,</em></strong></span> <span class='ocrx_word' id='word_1_294' title='bbox 550 3898 688 3982; x_wconf 88' lang='grc' dir='ltr'><strong><em>έγείρεται</em></strong></span> <span class='ocrx_word' id='word_1_295' title='bbox 704 3903 789 3978; x_wconf 86' lang='grc' dir='ltr'><strong><em>σῶμα</em></strong></span> <span class='ocrx_word' id='word_1_296' title='bbox 803 3895 1019 3980; x_wconf 88' lang='grc' dir='ltr'><strong><em>πνευματικόν,</em></strong></span> <span class='ocrx_word' id='word_1_297' title='bbox 1042 3895 1127 3985; x_wconf 80' lang='grc' dir='ltr'><strong><em>πόσῳ</em></strong></span> <span class='ocrx_word' id='word_1_298' title='bbox 1143 3920 1174 3983; x_wconf 91' lang='grc' dir='ltr'><strong><em>γε</em></strong></span> <span class='ocrx_word' id='word_1_299' title='bbox 1189 3901 1298 3978; x_wconf 79' lang='grc' dir='ltr'><strong><em>μᾶλλον</em></strong></span> <span class='ocrx_word' id='word_1_300' title='bbox 1311 3897 1365 3957; x_wconf 84' lang='grc' dir='ltr'><strong><em>τοῦ</em></strong></span> <span class='ocrx_word' id='word_1_301' title='bbox 1384 3917 1439 3974; x_wconf 87' lang='grc' dir='ltr'><strong><em>μσ-</em></strong></span> 
     </span>
     <span class='ocr_line' id='line_1_31' title="bbox 279 3992 1440 4085; baseline -0.003 -21"><span class='ocrx_word' id='word_1_302' title='bbox 279 4007 421 4084; x_wconf 83' lang='grc' dir='ltr'><strong><em>νογενοῦς</em></strong></span> <span class='ocrx_word' id='word_1_303' title='bbox 438 4002 508 4065; x_wconf 81' lang='grc' dir='ltr'><strong><em>υἱοῦ</em></strong></span> <span class='ocrx_word' id='word_1_304' title='bbox 526 4006 578 4065; x_wconf 85' lang='grc' dir='ltr'><strong><em>τοῦ</em></strong></span> <span class='ocrx_word' id='word_1_305' title='bbox 593 4006 670 4065; x_wconf 80' lang='grc' dir='ltr'><strong><em>θεοῦ</em></strong></span> <span class='ocrx_word' id='word_1_306' title='bbox 676 4027 685 4078; x_wconf 89' lang='lat'><strong><em>‚·</em></strong></span> <span class='ocrx_word' id='word_1_307' title='bbox 715 3995 762 4063; x_wconf 87' lang='grc' dir='ltr'><strong><em>διό</em></strong></span> <span class='ocrx_word' id='word_1_308' title='bbox 779 3999 980 4085; x_wconf 77' lang='grc' dir='ltr'><strong><em>πεπλήρωται,</em></strong></span> <span class='ocrx_word' id='word_1_309' title='bbox 1014 4000 1060 4065; x_wconf 82' lang='grc' dir='ltr'><strong><em>Οό</em></strong></span> <span class='ocrx_word' id='word_1_310' title='bbox 1078 3999 1183 4075; x_wconf 83' lang='grc' dir='ltr'><strong><em>δόσεις</em></strong></span> <span class='ocrx_word' id='word_1_311' title='bbox 1198 3995 1250 4064; x_wconf 88' lang='grc' dir='ltr'><strong><em>τόν</em></strong></span> <span class='ocrx_word' id='word_1_312' title='bbox 1273 3992 1358 4062; x_wconf 79' lang='grc' dir='ltr'><strong><em>ὅσιόν</em></strong></span> <span class='ocrx_word' id='word_1_313' title='bbox 1380 4015 1440 4060; x_wconf 92' lang='grc' dir='ltr'><strong><em>σου</em></strong></span> 
     </span>
     <span class='ocr_line' id='line_1_32' title="bbox 281 4095 1441 4189; baseline -0.003 -23"><span class='ocrx_word' id='word_1_314' title='bbox 281 4102 355 4166; x_wconf 83' lang='grc' dir='ltr'><strong><em>ίδεῖν</em></strong></span> <span class='ocrx_word' id='word_1_315' title='bbox 369 4100 557 4188; x_wconf 82' lang='grc' dir='ltr'><strong><em>διαφθοράν,</em></strong></span> <span class='ocrx_word' id='word_1_316' title='bbox 589 4101 660 4169; x_wconf 78' lang='grc' dir='ltr'><strong><em>ούδέ</em></strong></span> <span class='ocrx_word' id='word_1_317' title='bbox 677 4099 773 4176; x_wconf 88' lang='grc' dir='ltr'><strong><em>έάσεις</em></strong></span> <span class='ocrx_word' id='word_1_318' title='bbox 791 4099 844 4182; x_wconf 73' lang='grc' dir='ltr'><strong><em>τόν</em></strong></span> <span class='ocrx_word' id='word_1_319' title='bbox 863 4101 964 4184; x_wconf 81' lang='grc' dir='ltr'><strong><em>ψυχήν</em></strong></span> <span class='ocrx_word' id='word_1_320' title='bbox 982 4128 1041 4184; x_wconf 87' lang='grc' dir='ltr'><strong><em>μου</em></strong></span> <span class='ocrx_word' id='word_1_321' title='bbox 1056 4104 1097 4177; x_wconf 85' lang='grc' dir='ltr'><strong><em>είς</em></strong></span> <span class='ocrx_word' id='word_1_322' title='bbox 1114 4101 1199 4189; x_wconf 75' lang='grc' dir='ltr'><strong><em>ᾅδην.</em></strong></span> <span class='ocrx_word' id='word_1_323' title='bbox 1239 4095 1327 4163; x_wconf 59' lang='lat' dir='ltr'><strong><em>&#39;Aua</em></strong></span> <span class='ocrx_word' id='word_1_324' title='bbox 1343 4095 1441 4163; x_wconf 85' lang='grc' dir='ltr'><strong><em>ταῦτά</em></strong></span> 
     </span>
     <span class='ocr_line' id='line_1_33' title="bbox 281 4199 1441 4290; baseline -0.006 -20"><span class='ocrx_word' id='word_1_325' title='bbox 281 4229 330 4287; x_wconf 84' lang='grc' dir='ltr'><strong><em>μοι</em></strong></span> <span class='ocrx_word' id='word_1_326' title='bbox 352 4203 450 4270; x_wconf 88' lang='grc' dir='ltr'><strong><em>πόντοι</em></strong></span> <span class='ocrx_word' id='word_1_327' title='bbox 474 4207 542 4289; x_wconf 86' lang='grc' dir='ltr'><strong><em>περί</em></strong></span> <span class='ocrx_word' id='word_1_328' title='bbox 566 4213 619 4288; x_wconf 81' lang='grc' dir='ltr'><strong><em>τῆς</em></strong></span> <span class='ocrx_word' id='word_1_329' title='bbox 637 4209 746 4280; x_wconf 87' lang='grc' dir='ltr'><strong><em>τελείας</em></strong></span> <span class='ocrx_word' id='word_1_330' title='bbox 766 4204 861 4269; x_wconf 82' lang='grc' dir='ltr'><strong><em>αὐτοῦ</em></strong></span> <span class='ocrx_word' id='word_1_331' title='bbox 884 4201 1139 4290; x_wconf 76' lang='grc' dir='ltr'><strong><em>ένανθρωπήσεως</em></strong></span> <span class='ocrx_word' id='word_1_332' title='bbox 1159 4205 1288 4289; x_wconf 86' lang='grc' dir='ltr'><strong><em>είρηται,</em></strong></span> <span class='ocrx_word' id='word_1_333' title='bbox 1319 4203 1371 4265; x_wconf 82' lang='grc' dir='ltr'><strong><em>ίυα</em></strong></span> <span class='ocrx_word' id='word_1_334' title='bbox 1396 4199 1441 4284; x_wconf 76' lang='grc' dir='ltr'><strong><em>μή</em></strong></span> 
     </span>
    </p>
   </div>
   <div class='ocr_carea' id='block_1_5' title="bbox 282 4340 1443 4612">
    <p class='ocr_par' dir='ltr' id='par_1_7' title="bbox 314 4340 933 4410">
     <span class='ocr_line' id='line_1_34' title="bbox 314 4340 933 4410; baseline -0.005 -15"><span class='ocrx_word' id='word_1_335' title='bbox 314 4340 339 4395; x_wconf 76' lang='lat'><strong><em>4.</em></strong></span> <span class='ocrx_word' id='word_1_336' title='bbox 357 4341 469 4397; x_wconf 80' lang='grc' dir='ltr'><strong><em>έπινίκιοι</em></strong></span> <span class='ocrx_word' id='word_1_337' title='bbox 489 4346 635 4395; x_wconf 73' lang='lat' dir='ltr'><strong><em>desideratur</em></strong></span> <span class='ocrx_word' id='word_1_338' title='bbox 647 4348 673 4395; x_wconf 82' lang='grc' dir='ltr'><strong><em>ίιι</em></strong></span> <span class='ocrx_word' id='word_1_339' title='bbox 688 4346 742 4395; x_wconf 78' lang='lat' dir='ltr'>edit.</span> <span class='ocrx_word' id='word_1_340' title='bbox 758 4347 839 4395; x_wconf 83' lang='grc' dir='ltr'><strong><em>Ρελαν.</em></strong></span> <span class='ocrx_word' id='word_1_341' title='bbox 874 4357 933 4410; x_wconf 85' lang='grc' dir='ltr'><strong><em>γειν.</em></strong></span> 
     </span>
    </p>

    <p class='ocr_par' dir='ltr' id='par_1_8' title="bbox 282 4408 1443 4612">
     <span class='ocr_line' id='line_1_35' title="bbox 282 4408 1427 4496; baseline -0.005 -33"><span class='ocrx_word' id='word_1_342' title='bbox 282 4411 360 4464; x_wconf 64' lang='lat' dir='ltr'><strong><em>colon</em></strong></span> <span class='ocrx_word' id='word_1_343' title='bbox 378 4418 448 4474; x_wconf 74' lang='lat' dir='ltr'><strong><em>repet.</em></strong></span> <span class='ocrx_word' id='word_1_344' title='bbox 905 4410 929 4461; x_wconf 77' lang='lat'><strong><em>2.</em></strong></span> <span class='ocrx_word' id='word_1_345' title='bbox 947 4427 979 4496; x_wconf 75' lang='grc' dir='ltr'><strong><em>τη</em></strong></span> <span class='ocrx_word' id='word_1_346' title='bbox 999 4410 1075 4479; x_wconf 77' lang='grc' dir='ltr'><strong><em>σαρκὶ</em></strong></span> <span class='ocrx_word' id='word_1_347' title='bbox 1091 4412 1125 4480; x_wconf 80' lang='grc' dir='ltr'><strong><em>τῇ</em></strong></span> <span class='ocrx_word' id='word_1_348' title='bbox 1143 4408 1205 4480; x_wconf 76' lang='grc' dir='ltr'><strong><em>ἁγίᾳ</em></strong></span> <span class='ocrx_word' id='word_1_349' title='bbox 1222 4409 1273 4461; x_wconf 87' lang='grc' dir='ltr'><strong><em>σοδ.</em></strong></span> <span class='ocrx_word' id='word_1_350' title='bbox 1290 4408 1392 4492; x_wconf 74' lang='grc' dir='ltr'><strong><em>Βλειίλρ.</em></strong></span> <span class='ocrx_word' id='word_1_351' title='bbox 1414 4476 1427 4491; x_wconf 33' lang='grc' dir='ltr'>α</span> 
     </span>
     <span class='ocr_line' id='line_1_36' title="bbox 315 4478 1443 4547; baseline 0 -16"><span class='ocrx_word' id='word_1_352' title='bbox 315 4480 338 4530; x_wconf 84' lang='grc'><strong><em>5.</em></strong></span> <span class='ocrx_word' id='word_1_353' title='bbox 357 4478 501 4546; x_wconf 80' lang='grc' dir='ltr'><strong><em>δωροφορία</em></strong></span> <span class='ocrx_word' id='word_1_354' title='bbox 523 4483 654 4543; x_wconf 71' lang='lat' dir='ltr'><strong><em>suspicatus</em></strong></span> <span class='ocrx_word' id='word_1_355' title='bbox 670 4486 703 4532; x_wconf 76' lang='lat' dir='ltr'><strong><em>m</em></strong></span> <span class='ocrx_word' id='word_1_356' title='bbox 720 4483 839 4534; x_wconf 80' lang='grc' dir='ltr'><strong><em>Ριίαυίυι.</em></strong></span> <span class='ocrx_word' id='word_1_357' title='bbox 907 4479 930 4531; x_wconf 89' lang='grc'><strong><em>3.</em></strong></span> <span class='ocrx_word' id='word_1_358' title='bbox 955 4480 1030 4547; x_wconf 78' lang='grc' dir='ltr'><strong><em>ημῶν</em></strong></span> <span class='ocrx_word' id='word_1_359' title='bbox 1053 4481 1120 4532; x_wconf 79' lang='lat' dir='ltr'><strong>codd.</strong></span> <span class='ocrx_word' id='word_1_360' title='bbox 1143 4495 1198 4530; x_wconf 86' lang='grc' dir='ltr'><strong><em>ιιιιι.</em></strong></span> <span class='ocrx_word' id='word_1_361' title='bbox 1222 4482 1324 4541; x_wconf 75' lang='lat' dir='ltr'><strong><em>uterque.</em></strong></span> <span class='ocrx_word' id='word_1_362' title='bbox 1366 4494 1443 4544; x_wconf 84' lang='grc' dir='ltr'><strong><em>υμων</em></strong></span> 
     </span>
     <span class='ocr_line' id='line_1_37' title="bbox 317 4547 936 4612; baseline 0.003 -16"><span class='ocrx_word' id='word_1_363' title='bbox 317 4547 375 4597; x_wconf 68' lang='grc' dir='ltr'><strong><em>(λιιι.</em></strong></span> <span class='ocrx_word' id='word_1_364' title='bbox 392 4547 481 4598; x_wconf 84' lang='grc' dir='ltr'>ΧΧΧ.</span> <span class='ocrx_word' id='word_1_365' title='bbox 500 4575 532 4586; x_wconf 92' lang='grc'>-</span> <span class='ocrx_word' id='word_1_366' title='bbox 568 4551 590 4599; x_wconf 90' lang='lat'><strong><em>1.</em></strong></span> <span class='ocrx_word' id='word_1_367' title='bbox 608 4549 720 4612; x_wconf 75' lang='lat' dir='ltr'><strong><em>Smpt&#39;cor</em></strong></span> <span class='ocrx_word' id='word_1_368' title='bbox 736 4566 783 4602; x_wconf 84' lang='grc' dir='ltr'><strong><em>που</em></strong></span> <span class='ocrx_word' id='word_1_369' title='bbox 801 4549 839 4602; x_wconf 87' lang='grc' dir='ltr'><strong><em>λέ·</em></strong></span> <span class='ocrx_word' id='word_1_370' title='bbox 874 4551 936 4600; x_wconf 68' lang='lat' dir='ltr'>editt</span> 
     </span>
    </p>
   </div>
   <div class='ocr_carea' id='block_1_6' title="bbox 0 0 1567 5070">
    <p class='ocr_par' dir='ltr' id='par_1_9' title="bbox 0 0 1567 5070">
     <span class='ocr_line' id='line_1_38' title="bbox 0 0 1567 5070; baseline 0 0"><span class='ocrx_word' id='word_1_371' title='bbox 0 0 1567 5070; x_wconf 95' lang='lat' dir='ltr'><strong><em> </em></strong></span> 
     </span>
    </p>
   </div>
  </div>
 </body>
</html>
