3096 5070
435 270 574 327 amaru
589 268 655 327 nra.
668 271 714 326 nr.
731 268 814 326 rou.
829 272 850 324 t.
868 265 969 323 nane.
986 265 1106 323 nxxrr.
1282 254 1344 325 323

189 395 342 486 prudentia
367 405 400 460 nt
424 394 530 481 legatis
555 393 684 479 postulo.
739 388 784 456 lta
807 388 905 468 eninr,
939 411 958 453 o
985 385 1147 455 Christiani
1175 412 1209 455 ac
1235 388 1348 457 Christi

188 500 287 578 serui,
318 499 512 581 veritatisque
538 496 605 576 lilii,
641 507 790 559 terrenum
813 514 848 558 ao
870 491 1060 556 vanissimam
1078 491 1155 555 illius
1171 494 1345 573 doctrinam,

189 615 310 689 atquea
331 601 436 687 spiritu
459 609 563 664 sancto
581 617 704 683 prorsus
728 596 935 660 abhorrentem
955 613 1022 658 esse
1040 594 1241 678 cognoscetis.
1288 596 1346 681 Qui

189 705 279 770 dirici
297 703 435 768 verbine
452 721 512 765 nna
531 699 647 784 quidem
667 699 752 763 litera
774 698 952 762 mentionem
972 695 1085 780 attigit,
1117 718 1173 761 nec
1192 698 1280 761 ullum
1297 720 1349 762 re-

187 809 261 874 teris
277 817 326 871 aut
342 804 412 869 novi
428 801 598 867 testamenti
613 802 709 865 loeunr
726 800 857 885 protulit.
902 796 986 864 Nihil
1003 799 1136 883 exlege,
1162 799 1234 864 nihil
1250 821 1267 864 e
1282 822 1349 885 pro·

189 909 304 998 pbetis,
330 906 402 971 nihil
418 924 457 970 ex
473 903 648 988 evangeliis,
672 903 743 966 nihil
761 923 801 965 ex
816 902 969 988 apostolis,
994 902 1065 965 nihil
1083 925 1099 965 e
1116 903 1349 988 patriarchamm

190 1011 368 1077 testimoniis
393 1008 424 1071 in
452 1005 577 1070 medium
601 1003 734 1068 adduxit.
779 1003 850 1067 Non
872 1003 965 1090 ipsius
989 1005 1149 1069 saluatoris
1173 1005 1349 1070 sententiam

191 1114 297 1191 ullam,
330 1131 389 1173 non
409 1109 501 1194 patris
521 1107 700 1193 spiritusque
716 1107 812 1170 saneti
831 1107 938 1169 dietum
956 1107 1073 1191 aliquod
1088 1108 1124 1171 ab
1143 1109 1286 1193 apostolis
1303 1107 1351 1172 uel

192 1212 341 1301 prophetis
369 1222 627 1275 commemoratum
653 1209 816 1295 proposuit.
863 1206 932 1291 Quo
956 1209 1027 1273 illud
1054 1210 1189 1274 veritatis
1217 1221 1351 1275 amantes

192 1316 373 1399 intelligent,
398 1315 482 1399 plane
497 1313 576 1378 illum
595 1333 613 1375 a
632 1313 687 1376 deo
707 1332 774 1375 esse
791 1322 822 1375 et
837 1332 855 1375 a
872 1312 927 1375 lide
944 1312 1035 1396 ipsius
1053 1313 1192 1376 alienum.
1239 1309 1351 1378 Contra

194 1417 268 1482 baec
291 1417 369 1482 illius
388 1417 506 1481 decreta
531 1416 646 1480 abunde
663 1434 681 1477 a
698 1413 783 1477 nohis
808 1413 949 1478 hactenus
968 1436 1021 1500 pru
1043 1414 1156 1479 viribus
1174 1414 1351 1501 disputatum

194 1520 332 1597 arbitror,
356 1541 391 1584 ac
406 1519 470 1583 rudi
485 1518 600 1603 quidem
617 1527 649 1580 et
662 1516 786 1601 simplici
802 1516 945 1581 orationis
960 1519 1050 1603 stylo,
1074 1519 1126 1581 sed
1140 1519 1236 1583 allatis
1252 1540 1353 1584 sacra·

194 1644 260 1688 rum
276 1621 427 1686 literarum
443 1619 679 1698 auctoritatibus,
703 1638 738 1682 ae
755 1618 934 1703 depromptis
949 1639 989 1682 ex
1006 1620 1146 1704 religioso
1159 1621 1249 1685 animi
1262 1642 1352 1686 sensu

194 1724 357 1790 rationibus
382 1723 459 1787 illius
483 1723 608 1808 impetus
631 1741 699 1786 esse
722 1720 885 1785 discussos.
931 1717 1035 1805 ltaque
1055 1745 1120 1787 enm
1137 1724 1167 1787 in
1185 1724 1262 1788 illius
1283 1746 1354 1788 cou-

196 1827 387 1891 lotationihus
402 1828 438 1890 de
458 1826 514 1889 tide
532 1825 604 1888 satis
623 1834 724 1908 aperte
743 1822 987 1901 disseruerimus,
1018 1826 1151 1888 sufficere
1174 1827 1251 1891 istud
1276 1828 1354 1891 arbi-

197 1941 328 2007 tramur3
361 1928 448 1992 nesi
474 1925 727 2011 ampliusaliquid
754 1925 892 1988 addamus
916 1926 1115 1989 molestiorem
1143 1930 1241 2014 operis
1269 1929 1354 1993 huius

199 2032 356 2096 lectionem
378 2047 599 2114 supervacanea
621 2027 803 2110 longitudine
828 2027 978 2091 iaciamus.
1025 2026 1085 2092 Sed
1102 2050 1194 2114 pauca
1213 2033 1354 2115 quaedam

198 2132 385 2198 nihilominus
401 2130 589 2194 retractanda
612 2129 793 2193 achreviter
808 2131 984 2215 exponenda
1001 2142 1069 2194 sunt
1087 2152 1125 2194 ex
1141 2132 1177 2196 iis
1197 2154 1270 2217 qnae
1289 2144 1356 2218 post

196 2237 362 2322 importuna
386 2234 435 2296 illa
455 2232 641 2315 absurdaque
669 2231 804 2315 dogmata
828 2232 1004 2296 insolentius
1027 2234 1121 2297 elatus
1151 2233 1180 2296 in
1204 2232 1354 2298 Christum

198 2339 320 2422 eiusque
339 2336 472 2420 spiritum
488 2344 620 2397 sanetum
640 2352 709 2418 prae
723 2335 874 2418 utriusque
888 2336 955 2398 odio
971 2335 1084 2398 nelarie
1100 2336 1242 2416 contulit,
1266 2358 1355 2421 quae-

197 2461 253 2525 que
269 2439 305 2502 ah
321 2436 482 2524 impudenti
496 2435 573 2500 illius
588 2457 623 2499 ac
637 2435 845 2520 discipulorum
860 2437 953 2522 ipsius
968 2459 1019 2500 ore
1035 2439 1166 2523 prolecta
1182 2449 1212 2501 et
1226 2440 1356 2502 inaudito

196 2543 321 2627 quodam
344 2541 433 2605 animi
457 2542 534 2604 fastu
561 2541 790 2623 arrogantisque
809 2539 840 2602 in
860 2541 944 2603 deum
968 2540 1265 2605 contumeliosissime
1289 2552 1357 2606 sunt

197 2643 344 2708 coniecta.

231 2762 236 2770 ·
285 2742 341 2808 lV.
386 2741 445 2807 Hie
468 2745 544 2808 enim
568 2744 631 2829 ipse
649 2765 715 2808 curn
738 2744 801 2808 suis
818 2742 849 2806 in
867 2765 931 2807 eam
951 2745 1090 2809 vanitatis
1110 2746 1265 2809 amentiam
1284 2733 1358 2809 inci·

200 2846 259 2926 dit,
291 2856 426 2929 utsupra
449 2847 588 2910 mortales
608 2867 712 2910 omues
737 2847 823 2910 deum
842 2868 876 2910 se
894 2869 951 2910 non
975 2849 1030 2911 lide
1053 2849 1133 2927 sola,
1165 2850 1216 2913 sed
1240 2848 1358 2934 propria

201 2948 323 3032 quadam
339 2948 465 3012 seientia
481 2950 731 3034 comprehendere
747 2949 884 3013 iactaret.
919 2946 1169 3032 Quemadmodum
1189 2952 1275 3036 paulo
1288 2961 1357 3015 ante

201 3050 320 3114 memini
334 3050 390 3115 hoo
408 3050 445 3114 ab
465 3051 522 3115 illis
540 3052 675 3138 usurpari
692 3052 829 3132 solitum,
854 3052 938 3115 deum
957 3073 990 3116 se
1008 3074 1065 3115 uon
1085 3053 1150 3116 fidei
1168 3055 1255 3118 modo
1272 3053 1359 3118 intel·

200 3152 340 3237 ligantia,
372 3153 423 3216 sed
446 3153 567 3237 perinde
585 3155 684 3219 animo
708 3155 866 3240 concipere
890 3175 924 3217 ae
945 3155 1065 3238 quilibet
1086 3157 1276 3241 aspectabilia
1300 3158 1359 3222 iste

200 3276 236 3319 ac
259 3253 419 3319 tractabilia
439 3256 609 3339 cognoscit,
639 3267 740 3344 utputa
759 3258 784 3321 si
801 3255 866 3341 quis
886 3256 1008 3340 lapidem
1026 3269 1076 3321 aut
1094 3258 1204 3342 lignum
1225 3261 1273 3324 vel
1287 3261 1359 3324 alte·

200 3358 263 3422 rius
280 3357 420 3420 materiae
436 3358 661 3424 instrumentum
686 3361 792 3445 capiat.
839 3356 884 3422 lta
908 3360 1023 3443 quidem
1039 3362 1137 3426 audax
1151 3363 1200 3427 ille
1217 3384 1251 3426 ac
1268 3373 1359 3425 teme·

201 3461 299 3524 rarius
314 3457 459 3543 loquitura
491 3459 567 3524 Tam
586 3461 671 3524 deum
689 3460 821 3545 intelligo
840 3483 925 3545 quarn
943 3464 1105 3548 meipsumq
1135 3465 1194 3528 imo
1210 3475 1270 3527 tam
1288 3463 1361 3526 mei-

202 3582 286 3646 psum
305 3582 364 3624 non
382 3561 450 3625 nori
467 3583 553 3646 qnam
573 3563 671 3627 deum.
718 3561 829 3626 Verum
854 3585 946 3648 nugas
965 3565 1039 3629 istas
1057 3567 1133 3630 ultra
1153 3567 1277 3630 dicendo
1295 3586 1361 3651 per·

203 3665 304 3748 sequi,
334 3664 382 3728 vel
398 3663 518 3744 audire,
550 3665 592 3727 uti
607 3664 738 3751 pluribus
754 3665 884 3729 irandem
905 3687 939 3729 ac
957 3669 1136 3752 perniciem,
1167 3670 1207 3733 ita
1221 3668 1363 3754 sapienti·

203 3766 258 3831 bur
282 3765 373 3829 risum
399 3786 434 3829 ac
456 3766 612 3829 ludibrium
638 3764 814 3829 consuisset.
860 3765 970 3851 Ecquis
995 3770 1071 3834 enim
1094 3772 1202 3835 mentis
1223 3771 1362 3836 vecordia

203 3889 238 3933 ae
261 3870 362 3932 lurore
389 3868 518 3953 percitus
543 3867 617 3931 alios
647 3868 676 3931 in
704 3867 826 3931 eandem
851 3869 994 3934 insaniam
1018 3872 1154 3953 trahere,
1188 3873 1362 3959 praesertim

204 3971 402 4056 obsequentes
425 3970 538 4034 sibiae
562 3969 640 4034 dicto
659 3969 829 4048 audientes,
864 3992 922 4034 non
939 3973 1053 4056 possit?
1096 3972 1183 4057 Quod
1206 3975 1232 4038 si
1249 3976 1313 4059 quis
1328 3974 1363 4037 il-

203 4075 280 4154 lum,
312 4074 361 4136 rel
384 4073 448 4137 eius
466 4073 623 4159 discipulos
647 4083 785 4158 rogareta
816 4071 865 4137 Ne
881 4083 912 4136 tu
928 4074 997 4137 mihi
1015 4075 1251 4160 incomparabilis
1271 4087 1301 4141 et
1319 4078 1363 4140 in·

206 4175 478 4263 comprehensibilis
494 4177 541 4240 dei
559 4177 711 4241 scientiam
730 4175 864 4256 iactites,
889 4176 972 4239 cuius
989 4178 1108 4240 lormam
1126 4179 1241 4263 quidem
1259 4201 1294 4244 ao
1311 4202 1364 4244 na·

205 4288 301 4342 turam
329 4279 448 4363 assequi
474 4299 560 4343 nemo
587 4289 700 4365 potest,
736 4277 792 4342 fide
816 4299 888 4343 vcro
914 4277 951 4343 ab
978 4278 1069 4365 ipsius
1096 4281 1364 4368 servisutcnmqne

206 4383 346 4465 eognosei
361 4392 469 4468 potest.
516 4379 577 4447 Sed
595 4383 650 4446 hoo
664 4381 751 4447 velim
768 4381 852 4445 nohis
869 4382 1034 4461 edisseras,
1061 4385 1248 4448 fundamenta
1267 4397 1364 4450 terrae

207 4504 282 4569 quae
300 4483 375 4564 sint,
399 4506 531 4570 quaeque
546 4485 646 4570 abyssi
665 4482 808 4571 penitiora
827 4485 1030 4570 receptacula,
1056 4486 1145 4550 uraris
1165 4508 1269 4567 venas,
1289 4488 1364 4550 iule-

1077 4605 1148 4672 21*
