3096 5070
382 246 518 301 seusun
537 248 598 299 urs.
613 249 657 299 ur.
673 247 756 299 rou.
768 248 799 297 u.
817 246 933 298 nxros.
949 246 1014 297 tun
1034 245 1177 298 carnot.
1296 233 1357 298 503

282 365 434 451 Diogenes
453 364 602 454 Cynicus,
626 364 803 451 Sinopensis
822 387 838 429 e
857 363 972 444 l’ontn,
998 345 1169 428 hirtistheui
1188 363 1358 448 diligentem

197 491 315 556 operam
331 471 421 532 dedit.
468 467 583 533 Bonum
601 469 725 553 sapienti
742 468 860 531 cuilibet
874 488 942 530 esse
960 466 1125 545 tolerabile,
1150 477 1248 530 cetera
1265 488 1357 552 nuga-

198 574 240 636 cia
265 584 295 634 et
317 573 414 637 inania
438 571 650 657 pronuntiavit.

281 672 389 740 Crates
418 675 532 739 Thebis
567 674 595 736 iu
620 671 745 737 Boeotia
769 671 928 749 oriundus,
963 683 1046 736 secta
1069 668 1220 757 Cyrricus,
1256 694 1355 737 rerum
1410 740 1412 747 ,

195 778 324 842 omnium
347 778 476 862 inopiam
499 789 604 840 seram
624 795 692 840 esse
715 774 878 838 libertatem
902 774 1067 837 affirmavit.

194 860 196 877 ¹
281 880 454 943 Arcesilaus
470 879 565 943 solum
584 879 669 940 deum
692 877 847 941 veritatem
873 876 1010 959 assequi,
1044 876 1192 941 bominum
1212 898 1285 941 vero
1304 899 1356 943 ne·

196 982 303 1046 minem
326 981 468 1044 decrevit.

282 1080 453 1147 Carneades
480 1082 636 1146 Arcesilan
660 1080 688 1145 in
713 1080 848 1145 omnibus
871 1099 1012 1143 assensus
1035 1089 1093 1142 est.

281 1186 477 1265 Aristoteles,
500 1168 674 1249 Nicomachi
700 1183 794 1262 filius,
821 1193 852 1247 ut
873 1181 1021 1245 nonnullis
1039 1182 1151 1266 placet,
1174 1180 1354 1248 Macedone

196 1285 324 1372 Stagiris
343 1288 501 1365 oriundus,
525 1308 698 1372 quamquam
717 1286 766 1350 alii
782 1284 930 1349 Thracem
948 1283 1039 1347 luisse
1057 1284 1175 1365 malint,
1201 1289 1258 1350 duo
1275 1287 1354 1372 prin-

195 1390 271 1475 cipia
294 1389 466 1468 constitnit,
496 1391 633 1453 deumac
652 1389 816 1452 materiam.
862 1384 948 1470 Quae
970 1407 1059 1471 supra
1078 1386 1174 1451 lunam
1193 1398 1279 1469 sunt,
1312 1391 1354 1454 di-

195 1492 263 1555 vina
278 1492 459 1576 providentia
477 1492 653 1577 gubernari,
678 1490 820 1554 interiora
837 1490 914 1553 nulla
931 1489 994 1572 regi
1013 1488 1216 1573 providentia,
1239 1484 1292 1556 sed
1311 1504 1354 1557 te·

195 1615 275 1657 mere
293 1615 328 1657 ac
344 1594 408 1658 siue
428 1595 540 1658 ratione
560 1595 621 1658 lieri
647 1593 770 1678 putavit.
817 1590 891 1654 ltem
909 1592 982 1654 duos
1000 1579 1067 1654 ess'e
1091 1594 1232 1673 mundns,
1265 1616 1353 1681 supe-

194 1696 303 1759 riorem
322 1708 351 1760 et
366 1698 512 1776 infimum,
536 1697 615 1759 illum
634 1697 834 1778 incorruptum
853 1715 938 1771 esse,
963 1694 1110 1779 corrumpi
1127 1716 1200 1758 vero
1215 1696 1350 1761 alterum.
1385 1719 1388 1726 ’

194 1795 350 1862 Postremo
375 1799 499 1863 eitimam
527 1796 701 1878 ἐνδελέχειαν
723 1816 810 1875 esse,
844 1795 900 1859 boc
922 1805 967 1859 est
992 1796 1161 1860 continuam
1191 1799 1351 1865 motionem

193 1923 228 1965 ac
250 1922 420 1987 perennem.

278 2002 502 2088 Theophrastus
525 2001 648 2065 Eresins
671 2000 863 2064 Aristotelem
888 1999 1007 2064 omuino
1029 2011 1149 2064 secutus
1171 2012 1228 2066 est.

280 2102 381 2169 Strato
403 2103 624 2190 Lampsacenus
651 2124 784 2168 caussam
807 2103 935 2165 omnium
961 2122 1059 2165 rernm
1091 2102 1202 2167 calidae
1228 2115 1351 2169 naturae

193 2207 352 2287 tribuebat,
369 2208 498 2272 infinitas
511 2228 577 2271 esse
592 2207 688 2270 mutrrli
705 2216 822 2291 partes,
847 2225 942 2290 usque
957 2204 1063 2268 animal
1078 2225 1145 2268 esse
1159 2226 1251 2291 capax
1265 2229 1351 2272 omne

193 2311 319 2376 dicebat.

277 2410 484 2497 Praxiphuues
506 2408 640 2474 Rhodius
664 2412 765 2474 eadem
789 2430 823 2473 ac
845 2407 1069 2495 Theophrastus
1092 2409 1257 2473 asserebat.

276 2512 428 2580 Critolaus
450 2510 600 2578 Phaselita
623 2513 815 2578 Aristotelem
839 2523 959 2576 secutus
982 2523 1039 2576 est.

278 2617 363 2681 Zeno
381 2613 523 2680 Citiensis
542 2613 662 2681 Stoicus
678 2614 783 2700 templa
799 2615 854 2678 diis
874 2615 989 2678 exstrui
1008 2613 1136 2678 uolebat.
1176 2610 1291 2700 Quippe
1307 2614 1350 2678 ti-

191 2721 291 2784 riuum
318 2739 426 2782 numen
450 2718 513 2782 sola
535 2728 633 2781 mente
658 2719 882 2795 continendum,
913 2717 979 2779 sive
1001 2717 1096 2800 potius
1117 2714 1277 2779 habendam
1295 2738 1349 2802 pro

191 2822 248 2886 deo
267 2812 393 2884 mentem
412 2820 522 2905 ipsam,
555 2831 655 2906 utpote
673 2820 800 2905 quaesit
818 2818 1002 2883 immortalis.
1046 2816 1185 2883 Mortuus
1209 2819 1280 2883 lenis
1298 2819 1360 2883 ob·'

191 2921 353 3001 iicienelos,
387 2933 437 2985 aut
464 2922 523 3007 igni
548 2922 792 2987 concremandos.
838 2918 952 2985 Pueros
972 2921 1001 2985 in
1020 2921 1168 2985 amoribus
1184 2943 1218 2985 ac
1235 2920 1348 2987 deliciis

192 3024 302 3087 habere
320 3024 516 3111 permittebat.
564 3022 642 3088 ldem
666 3024 813 3088 moderari
838 3045 872 3087 ac
890 3044 995 3108 regere
1013 3024 1110 3087 omnia
1127 3024 1212 3087 deum
1231 3044 1349 3089 assere·

190 3125 253 3191 bat.
309 3124 420 3190 Rerum
447 3148 568 3191 caussas
595 3126 697 3212 partim
727 3127 756 3190 in
787 3136 887 3189 nostra
911 3137 1055 3211 potestate
1078 3126 1208 3210 positas,
1241 3126 1347 3212 partim

191 3239 277 3293 extra
296 3249 349 3290 nos
364 3228 454 3307 sitas,
479 3230 533 3292 boc
558 3240 603 3292 est
620 3250 718 3292 rerum
736 3228 808 3293 alias
826 3228 899 3293 iuris
915 3249 982 3292 esse
1004 3229 1112 3304 nostri,
1147 3230 1219 3293 alias
1237 3250 1347 3313 nequa-

191 3352 276 3416 quam
300 3350 368 3392 esse
392 3330 558 3394 deliniebat.
605 3332 651 3394 Au
678 3331 749 3393 baec
766 3331 891 3394 animam
913 3352 1069 3415 acorpore
1094 3331 1228 3416 seiungi,
1259 3352 1346 3415 quam

191 3445 220 3497 et
237 3433 401 3496 diuturnum
419 3433 551 3517 spiritum
569 3433 750 3518 appellabat,
774 3433 825 3497 sed
842 3454 900 3513 nou
917 3455 1036 3518 prorsus
1051 3434 1248 3518 incorruptam
1264 3454 1344 3514 esse,

190 3535 323 3618 adeoque
354 3534 492 3619 paulatim
523 3535 663 3619 temporis
693 3536 903 3622 longinquitate
935 3535 1086 3615 consumi,
1121 3535 1202 3599 etin
1226 3534 1345 3599 nibilum

191 3637 296 3721 redigi.

277 3736 436 3803 Cleanthes
457 3759 600 3801 summum
619 3737 744 3828 bonum,
779 3748 810 3802 et
823 3739 978 3803 honestum
994 3741 1160 3826 voluptates
1185 3759 1251 3802 esse
1269 3739 1347 3804 dine

189 3839 251 3905 bnt.
287 3839 441 3903 llumiuem
460 3839 552 3904 solam
568 3838 731 3925 appellabat
745 3840 881 3904 animam.
920 3839 1003 3905 Deos
1019 3844 1158 3928 mysticas
1176 3861 1244 3906 esse
1259 3863 1348 3927 quas-

190 3944 402 4027 tlamliguras,
433 3962 578 4025 sacraque
603 3939 733 4003 uomina.
779 3937 880 4025 ltaque
901 3943 993 4007 solem
1018 3944 1197 4024 daducbum,
1229 3944 1346 4009 bucest

227 4075 264 4130 tt.
283 4077 386 4145 κητιεῦς
402 4079 469 4129 conc
488 4093 544 4129 ansa.
562 4083 584 4129 et
600 4079 636 4128 ed.
652 4081 729 4141 prtno.
786 4093 864 4144 pore,
881 4088 907 4128 et
920 4079 1026 4129 vocabat
1039 4085 1090 4130 cett.
1123 4082 1231 4131 Fortasse
1246 4083 1347 4132 scriben-

225 4149 264 4198 ιδ.
282 4151 380 4214 bruneto
397 4149 448 4196 ceu.
467 4148 565 4210 ltbodt'p.
784 4140 947 4214 ἀαπιἚλεγε
960 4144 990 4200 δὲ
1002 4142 1064 4200 εἶναι
1078 4145 1123 4200 καὶ
1138 4145 1203 4214 μετὰ
1216 4145 1346 4217 χωρισμὸν

225 4212 264 4265 16.
282 4232 341 4281 „pp
355 4209 556 4283 μεταχωρισμόν.
582 4215 673 4265 Decese
688 4231 750 4267 nou·
784 4217 828 4269 τοῦ
847 4210 980 4280 σώματος,
997 4215 1042 4269 καὶ
1058 4218 1112 4269 κτλ.
1345 4222 1348 4229 ’

189 4280 252 4332 nihil
272 4292 370 4350 puto‘⁴,
396 4286 518 4333 annotavit
539 4286 564 4332 tn
583 4286 690 4346 moratus
706 4286 751 4335 Pt-
820 4284 859 4337 17.
884 4286 917 4334 De
938 4285 975 4334 his
996 4286 1050 4334 uide
1072 4287 1229 4348 disputantem
1247 4287 1344 4338 bobert.

190 4352 276 4400 mutus.
321 4354 358 4414 Cf.
382 4354 452 4401 ettam
477 4352 621 4402 Animuduo.
647 4354 697 4402 etna
718 4353 752 4401 orl
787 4355 811 4404 V.
841 4355 874 4403 ct.
899 4354 933 4402 orl
956 4355 1069 4417 Aptoopb
1091 4369 1116 4416 p.
1139 4352 1173 4406 62
1190 4368 1257 4418 sup,
1276 4359 1298 4405 et
1315 4356 1345 4407 de

189 4418 213 4467 t.
230 4419 246 4466 ι.
280 4420 594 4481 numerumnunerum
618 4428 656 4467 est
675 4424 752 4469 Δειο-
786 4416 903 4490 σχήμασι
917 4426 1048 4486 μυστικοῖς
1062 4423 1119 4472 uro.
1133 4435 1191 4487 pop.
1206 4421 1253 4475 130
1265 4437 1314 4487 app.

189 4483 261 4544 rebat
277 4484 337 4536 item
353 4485 449 4539 animm
462 4487 647 4555 separationem
663 4504 678 4537 s
695 4503 751 4538 cor·
