3096 5070
608 319 926 370 auioaraauaaosrs.
1276 303 1335 367 t'tl

191 453 249 506 lom
268 443 401 507 sublatus
418 463 482 505 oum
499 439 564 502 aliis
581 438 750 523 quibusdam
769 440 843 524 patri
862 439 948 502 blinm
969 457 1103 502 asserere
1121 432 1270 502 Christum
1288 455 1340 501 ta·

190 564 240 608 aaa
258 555 329 622 est‚›
345 544 529 626 eundemque
546 551 658 626 patrem
680 563 715 603 oe
732 541 819 604 lilium
833 550 866 603 et
883 539 1014 625 spiritum
1036 550 1167 603 sanetum
1186 559 1252 602 esse
1273 558 1339 622 pro·

190 646 282 724 bleri,
307 667 340 709 se
362 667 435 709 vero
458 643 602 729 Moysen,
628 647 745 706 fratrem
769 665 853 707 siriam
877 644 1026 705 Aaronem
1050 643 1159 705 dicere.

274 746 411 812 valesiis
455 745 512 824 lli,
548 756 685 830 quantum
714 748 864 831 suspicor,
898 743 1017 808 Bnealbi
1044 743 1191 821 habitant,
1223 742 1270 825 qni
1295 751 1341 803 est

189 851 318 915 Arabiae
334 848 586 932 Philadelpbensis
609 848 763 932 primarius
780 848 875 910 viras.
924 845 1012 910 lidem
1030 846 1204 909 aecedentes
1221 844 1257 907 ad
1272 864 1340 907 sese

189 963 320 1016 eastrare
344 951 459 1026 solent,
494 970 528 1012 ae
552 952 681 1035 plerique
705 951 782 1014 iuter
805 949 870 1014 illos
892 948 1015 1012 euunebi
1041 959 1125 1026 suut,
1158 957 1189 1011 el
1211 945 1338 1010 exsecti.

190 1053 307 1116 liabent
325 1063 356 1115 et
369 1053 425 1114 alia
442 1054 582 1136 quaedam
600 1054 711 1115 erroris
726 1052 892 1136 plenissima
910 1052 1062 1135 dogmata,
1087 1061 1173 1134 alque
1186 1049 1266 1113 nior
1283 1047 1341 1110 alia

190 1157 284 1238 legem
301 1176 335 1217 ao
352 1144 507 1240 propbetas
526 1154 674 1219 reiieiont.
718 1152 874 1218 Postremo
899 1155 1037 1238 quasdam
1061 1154 1097 1216 ad
1116 1153 1164 1215 illa
1186 1152 1340 1214 foeditates

190 1258 341 1325 adiiciunt.

275 1357 407 1423 Cathari.
454 1358 601 1427 Nouatum
623 1352 788 1423 Romanum
814 1360 905 1422 secuti
926 1369 1005 1422 sunl.
1053 1356 1091 1421 lli
1109 1358 1242 1442 digamos
1260 1356 1340 1440 peni·

192 1473 239 1524 los
262 1463 458 1546 proscribunt.
504 1459 719 1528 Paenitentiam
743 1463 906 1545 repudiant.

207 1606 208 1611 κ
275 1565 422 1648 Angeliei.
461 1563 667 1649 illiusquam
692 1565 777 1627 bodie
802 1564 999 1648 reperiuntur.
1044 1562 1180 1647 Angeliei
1202 1582 1340 1625 veroor·

190 1666 267 1730 dinis
291 1688 323 1729 se
346 1687 413 1729 esse
435 1668 662 1752 profitebantur,
688 1667 774 1750 idque
797 1665 915 1729 nomine
938 1664 1001 1750 ipso
1024 1664 1240 1749 praeferebant.

275 1769 462 1851 Apostolioi,·
491 1769 539 1852 qni
559 1780 588 1832 et
607 1767 789 1852 Apolaoliei‚
821 1769 884 1830 sive
904 1766 1153 1846 llerruntiatores‚
1184 1767 1212 1830 in
1231 1762 1341 1828 Pisidia

191 1871 392 1935 inveniuntur.
414 1904 416 1908 ·
438 1870 478 1935 lli
493 1870 573 1933 solos
596 1871 663 1933 illos
686 1869 840 1932 admittunt
857 1869 904 1952 qui
922 1889 955 1932 se
973 1869 1057 1932 bouis
1075 1869 1208 1932 omnibus
1225 1867 1342 1935 abdica·

191 1973 299 2035 verinl.
345 1968 487 2036 Ceterum
507 1971 724 2035 Eneratilarum
746 1972 856 2034 similes
876 1982 962 2049 suat,
995 1973 1049 2034 etsi
1068 1971 1340 2056 diversaquaedam
1361 2040 1377 2073 '
1409 1973 1411 1976 ⁴

191 2075 227 2138 ab
250 2075 308 2138 illis
331 2084 474 2139 statuunt.
1194 2083 1196 2086 ’
1344 2090 1346 2095 ’
1458 2143 1460 2148 ,

259 2174 435 2240 1Sabelliani
453 2198 518 2239 eum
532 2174 690 2240 Noe'tianis
706 2177 735 2239 in
756 2175 889 2239 omnibus
907 2177 1113 2260 propemodum
1140 2177 1340 2256 consentiunt,
1522 2202 1545 2244 a

190 2278 248 2341 nisi
272 2279 347 2361 quod
372 2290 482 2363 patrem
507 2279 599 2363 ipsum
624 2290 731 2361 negant
753 2300 819 2342 esse
843 2299 971 2363 possum.

274 2375 449 2463 Origeuiani
478 2402 494 2442 a
520 2381 645 2464 quodam
662 2376 947 2463 Origenederiuati.
995 2379 1170 2465 Turpissimi
1191 2380 1238 2443 isti
1259 2392 1339 2460 sant,

190 2504 224 2545 ae
249 2483 390 2546 melariam
415 2494 446 2546 et
469 2494 687 2569 praeposteram
710 2483 858 2546 libidinem
883 2495 1045 2560 exercent,
1077 2500 1188 2569 suaque
1218 2504 1341 2569 eorpora
1390 2548 1400 2568 ,

191 2591 390 2668 eorrumpnnl.

276 2681 451 2768 Origeniani
475 2686 522 2750 alii
547 2687 582 2750 ab
604 2682 736 2771 Origene
757 2686 931 2750 adamando
954 2687 1109 2771 seriptore.
1155 2686 1192 2750 Hi
1213 2699 1343 2752 mortuo·

191 2805 253 2848 rum
272 2787 517 2850 resurrectionem
533 2801 658 2872 negant,
683 2785 930 2868 tumeristum,
955 2812 1040 2874 quam
1057 2791 1188 2874 spiritum
1210 2801 1341 2854 sanetum

193 2887 300 2949 ereatis
319 2887 347 2949 in
364 2888 453 2951 rebus
474 2901 645 2963 numerant,
677 2888 849 2954 Paradisum
873 2912 907 2955 ao
925 2893 1042 2969 eoelos,
1074 2903 1229 2976 ceteraque
1246 2890 1341 2955 omnia

191 2989 225 3050 ad
248 2988 405 3072 allegorias
427 2978 577 3068 referunt,
612 2988 723 3056 Christi
747 3015 869 3077 regnum
898 2994 1111 3057 terminandum
1134 3015 1201 3060 esse
1223 2995 1340 3056 docent.

278 3190 430 3257 Hactenus
452 3194 536 3279 primi
559 3195 625 3259 libri
649 3193 689 3260 ΙΙ.
715 3197 855 3261 haereses
877 3195 997 3262 XVlll.

275 3394 307 3459 ln
326 3398 489 3482 posteriore
510 3421 582 3462 vero
602 3410 681 3464 tomo
700 3401 765 3466 libri
784 3397 837 3479 ΙΙ.,
867 3402 915 3486 qui
936 3413 1080 3466 tomorum
1101 3404 1203 3467 ordine
1222 3402 1261 3467 V.
1283 3414 1341 3484 est,

191 3498 332 3562 haereses
356 3496 383 3560 V
405 3501 692 3585 comprehenduntur
714 3501 768 3564 boo
790 3504 903 3567 ordine.

274 3597 357 3663 Pauli
377 3598 581 3678 samosateni,
606 3605 653 3685 qui
670 3602 848 3667 Autioobiae
866 3628 989 3691 magnae
1006 3609 1158 3695 episeopus
1175 3609 1255 3671 tute·
1286 3607 1342 3672 Hie

191 3705 398 3787 propemodum
425 3724 483 3766 non
505 3704 637 3768 existere
658 3701 808 3768 Christum
833 3709 971 3787 affirmat,
1004 3722 1089 3794 alque
1114 3711 1255 3773 eiusmodi
1275 3732 1341 3775 rer-

191 3804 258 3867 bum
274 3825 351 3868 esee
367 3805 450 3888 fingit
469 3805 544 3888 quod
568 3806 598 3867 in
618 3806 780 3889 prolatione
805 3809 955 3888 consistit3
988 3813 1109 3874 eundem
1129 3814 1219 3897 porro
1238 3833 1340 3876 essen

189 3903 286 3970 Maria
310 3895 461 3992 coepisse,
493 3927 528 3969 ao
554 3927 628 3990 quae
653 3908 746 3971 saeris
772 3908 802 3970 iu
826 3910 918 3975 literis
944 3913 979 3975 de
1005 3933 1042 3977 eo
1066 3915 1251 3998 pronuntiata
1274 3925 1341 3978 sunl

222 4077 262 4129 58.
293 4071 455 4130 ἀποτακτικοὶ
479 4080 546 4128 codd
569 4093 624 4128 mss.
650 4083 671 4127 et
692 4080 746 4128 edit.
816 4078 855 4131 59.
876 4084 948 4145 Vulpo
968 4076 1080 4147 ἀνοήτως
1103 4090 1215 4147 comante
1250 4088 1277 4137 ln
1292 4088 1341 4138 Po-

186 4149 261 4207 prr'ne.
303 4149 330 4197 ln
354 4149 482 4196 murmurio
514 4149 611 4198 Panorir'
637 4153 658 4196 et
681 4149 748 4209 opud
781 4152 849 4198 norro
867 4156 899 4199 est
916 4149 1071 4216 Νοητιανῶν.
1106 4155 1178 4202 Aliter
1193 4155 1259 4216 opud
1273 4156 1341 4206 loon·

188 4215 298 4263 loannem
313 4217 424 4264 Domum.
444 4217 527 4277 tepitur
540 4211 673 4296 δεχόμενοι
688 4209 748 4266 καθ’
781 4231 833 4267 oen
850 4220 961 4268 Dammae.
1130 4248 1134 4255 ·

189 4277 549 4348 ἓαυτούς.παραπλησιάζουσι
569 4286 598 4336 δε
617 4287 670 4341 τοῖς
685 4276 748 4349 Ἐγ·
814 4283 857 4336 60.
881 4288 987 4336 darumbe
1009 4283 1193 4355 'serpentium
1218 4295 1293 4340 otest
1315 4294 1341 4342 r'o

189 4347 330 4412 κρατῑταις.
356 4344 419 4402 ἄλλα
441 4347 471 4403 bb
485 4344 543 4415 παρ’
566 4343 659 4409 adroic
682 4367 746 4416 φρο-
780 4358 908 4403 summario
922 4357 1022 4406 Peperit
1043 4362 1064 4406 el
1080 4359 1146 4418 opud
1164 4359 1272 4408 loannem
1290 4361 1340 4408 lla·

189 4414 277 4466 aristi.
312 4420 391 4466 Etr'om
411 4421 621 4469 coniurassent
640 4418 747 4484 Propin-
780 4435 852 4471 more.
887 4425 943 4473 llem
958 4421 1110 4476 Συντάκτου.

189 4482 230 4560 qui
247 4493 329 4532 autem
346 4494 402 4534 sunt
421 4485 560 4535 Encratitis.
594 4485 685 4561 Verum
699 4485 747 4537 alia
814 4488 854 4540 bl.
873 4486 950 4544 edroi
966 4491 1082 4559 δευτέρου
1100 4492 1195 4563 βιβλίου
1212 4497 1262 4548 eod
1280 4497 1339 4548 ltm-

189 4561 262 4602 etrarn
279 4562 378 4623 praeter
394 4551 439 4602 hos
456 4553 565 4606 sentiunt
583 4570 612 4603 ac
629 4552 729 4610 domat.
781 4558 829 4624 etp.
