3096 5070
497 286 820 343 nmacnrnnnaeosrs.
1172 268 1232 339 bul

83 411 405 478 nimirumsanctitatis
426 411 627 474 conciliandae
649 409 703 474 sibi
726 409 839 493 gratia,
869 407 1109 492 quemadmodum
1131 403 1236 470 Sama-

84 517 171 581 ritae.
1228 526 1231 530 ’

172 614 380 680 Valentiniani·
396 636 549 701 corporum
576 615 825 680 resurrectionem
851 624 971 697 negant.
1025 610 1118 676 Vetas
1147 622 1237 676 testa·

84 729 213 783 mentum
229 740 264 781 ac
280 718 434 802 prophetas
451 727 604 801 respuunt.
651 715 737 799 Quae
752 715 939 779 nibilominus
956 716 1056 798 legunt
1069 715 1143 799 ipsi,
1169 726 1198 777 et
1212 715 1237 778 si

83 821 152 906 quid
178 821 314 903 estquod
332 821 367 882 ad
391 819 504 883 illorum
524 821 660 883 baeresim
684 840 736 903 per
756 821 875 902 liguram
895 839 929 881 ac
946 830 1060 904 tropum
1076 836 1238 880 accommo-

84 924 148 988 dari
164 923 273 1007 possit,
305 922 333 984 id
349 923 513 985 admittunt.
560 919 619 985 Sed
645 933 741 985 certas
767 921 903 1004 quasdam
924 921 1237 996 labalasaddiderunt,
1308 948 1314 955 ·

85 1026 252 1108 el-triqqinta
272 1025 406 1089 Aeonum
426 1024 575 1106 utriusque
594 1045 687 1087 sexus
704 1023 845 1086 vocabula
871 1022 1029 1085 commenti
1051 1030 1136 1098 saint,
1167 1040 1240 1103 quos

87 1129 204 1212 quidem
218 1126 339 1189 Aeonas
359 1126 395 1188 ab
412 1125 617 1189 universorum
643 1137 764 1210 parente
787 1148 822 1188 ac
841 1125 993 1189 conditore
1018 1124 1174 1207 productos
1193 1141 1240 1184 aa·
1274 1136 1280 1148 ⁵

90 1240 208 1307 serunt,
240 1249 312 1312 quos
332 1238 361 1289 et
378 1228 449 1290 deos
466 1239 495 1290 et
511 1230 632 1291 Aeonas
650 1228 769 1290 iaciunt.
817 1227 940 1289 Deorum
960 1224 1109 1290 Christum
1125 1244 1142 1286 e
1157 1223 1240 1286 coelo

89 1352 195 1415 corpus
213 1331 374 1407 extulisse,
406 1350 441 1393 ac
461 1351 514 1414 per
533 1327 661 1393 Mariam
681 1331 843 1392 traductum
861 1351 928 1392 esse
946 1330 1026 1393 velut
1045 1349 1097 1411 per
1112 1327 1241 1390 tubulum
1327 1323 1330 1330 '

92 1433 272 1497 existimant.
1210 1492 1212 1496 .

123 1571 126 1587 ·
176 1531 372 1612 Secundam,
396 1555 556 1617 eorumque
575 1534 647 1597 socii
667 1531 835 1618 Epiphanes
853 1545 939 1617 atque
960 1534 1115 1611 lsidorus,‘
1141 1531 1242 1594 eadem

91 1634 170 1701 inter
192 1657 225 1699 se
245 1639 326 1722 paria
350 1648 560 1720 componentes
584 1656 650 1698 cum
676 1633 842 1699 Valentinis
867 1635 1072 1714 consentiunt3
1107 1633 1245 1698 nonnulla

91 1749 187 1802 tumeo
206 1739 243 1802 ab
263 1740 300 1802 iis
313 1741 441 1802 diversa
467 1748 593 1823 ponunt,
624 1748 654 1800 et
673 1738 708 1800 ad
727 1740 841 1800 foedam
864 1738 983 1823 insuper
1001 1736 1148 1800 libidinem
1175 1754 1245 1798 suos

91 1839 257 1904 instituunt.
303 1843 391 1904 lidem
415 1851 445 1904 et
466 1841 699 1903 incarnationem
723 1851 844 1924 negant.

176 1941 341 2006 Ptolemaei
371 1941 518 2006 Valentini
546 1941 680 2026 discipuli
703 1943 838 2019 luerunt,
872 1942 1041 2026 quibuscum
1062 1938 1152 2004 Flora
1177 1962 1247 2003 con·

90 2044 232 2129 iungitur.
278 2043 487 2128 Paridemque
508 2046 612 2127 dogma
636 2047 673 2107 dc
695 2043 949 2128 coniugationibus
973 2044 1030 2105 illis
1051 2064 1116 2106 cum
1137 2041 1248 2106 Valen-

92 2147 153 2212 tino
171 2169 204 2209 ec
223 2144 418 2211 Secundiauis
436 2149 607 2225 adstruant,
638 2147 690 2210 sed
709 2148 738 2209 in
756 2146 926 2231 quibusdam
946 2158 1041 2208 muron
1065 2145 1246 2229 discrepant.

132 2311 134 2314 Ι
184 2348 267 2414 llaec
285 2361 330 2414 est
346 2351 465 2414 secundi
486 2352 553 2415 tomi
573 2352 656 2436 primi
676 2351 832 2415 voluminis
849 2371 979 2427 summa,
1004 2371 1076 2433 quae
1094 2351 1161 2411 Xlll
1181 2349 1249 2413 bac·

97 2473 182 2517 reses
204 2454 417 2538 omplectitur.

170 2556 225 2619 ult
237 2553 267 2617 ia
286 2557 335 2618 lll.
357 2566 435 2618 tomo
451 2555 581 2618 eiusdem
600 2554 665 2617 libri
683 2557 706 2616 l.
724 2555 797 2618 aliae
812 2554 999 2618 continentur
1014 2554 1153 2617 haereses
1169 2555 1248 2615 Xlll.

181 2758 338 2824 Marcoaii.
384 2757 505 2825 Marcus
524 2759 638 2844 quidam
655 2760 751 2824 extitit
770 2756 925 2822 Colorbasi
951 2757 1178 2844 condiscipulus.
1225 2759 1252 2820 le

103 2861 159 2927 dno
177 2861 312 2927 similiter
328 2862 469 2949 principia
484 2861 646 2927 constituit.
691 2858 878 2924 Mortuornm
898 2862 1144 2924 resurrectionem
1163 2879 1253 2943 nega·

105 2962 163 3027 bet.
206 2963 351 3030 Utebatur
375 2965 539 3050 praestigiis
563 2963 704 3027 eiusmodi
732 2974 763 3026 ut
780 2965 869 3026 certis
889 2956 1065 3026 ¹carminibus
1082 2964 1253 3047 poculorum

105 3064 242 3150 liquorem
257 3071 287 3130 in
308 3068 473 3131 caeruleum
493 3087 726 3150 purpureumque
752 3067 880 3128 colorem
901 3076 1049 3140 verteret,
1082 3066 1185 3149 quibus
1206 3086 1254 3128 sa·

106 3169 165 3233 oris
179 3168 310 3234 inlelices
329 3168 515 3232 mulierculas
538 3168 656 3232 initiare
674 3168 803 3232 solebat*
848 3170 924 3230 ldem
944 3170 979 3231 ad
998 3170 1094 3229 XXlV
1111 3170 1255 3232 elementa

104 3272 222 3357 perinde
244 3294 278 3335 ao
302 3269 474 3334 Valentinus
496 3271 636 3335 uniuersa
658 3292 801 3336 revocare
824 3271 937 3334 nititur.

150 3387 156 3403 ¹
188 3369 365 3456 Colorbasii.
412 3368 605 3437 Colorbasius
629 3374 685 3436 iste
704 3375 822 3436 easdem
844 3375 903 3436 lere
927 3373 1082 3458 opiniones
1101 3374 1255 3458 amplexus

104 3486 175 3541 est.¹
206 3473 267 3540 Sed
289 3475 426 3541 nontrulla
444 3484 540 3536 tamen
559 3486 627 3537 aurat
645 3477 674 3537 in
693 3475 795 3557 quibus
813 3475 849 3538 ab
867 3476 932 3538 aliis
954 3474 1124 3538 haeresibus
1145 3475 1255 3539 discre-

105 3587 170 3662 pat,
194 3574 290 3642 Marci
307 3599 341 3639 ae
357 3574 504 3639 Valentini
524 3575 717 3659 potissimum.
765 3575 914 3661 Siquidem
932 3577 1158 3662 propagationes
1176 3577 1257 3640 Aeo-

106 3689 182 3743 u‘um.
197 3690 225 3740 et
250 3675 409 3761 Ogdoadas
433 3678 490 3741 alio
513 3678 599 3741 modo
623 3678 753 3741 tradidit.
1138 3682 1141 3689 '

190 3779 430 3845 Heracleonitae.
475 3777 571 3842 Etiam
589 3779 757 3844 Heracleon
777 3781 990 3844 commentitias
1011 3778 1170 3866 Ogdoadns
1188 3783 1258 3845 reti·

108 3883 204 3950 nteit...
229 3880 261 3946 ln
278 3883 381 3967 quibos
400 3882 580 3966 explicandis
597 3905 613 3945 a
630 3881 725 3946 Marci
747 3892 777 3945 et
798 3880 958 3975 Ptplemaei
978 3905 1013 3948 ac
1036 3882 1183 3949 Valentini
1210 3904 1258 3948 ce·

107 3997 296 4070 terarumque
312 3985 448 4070 opinione
462 3984 610 4049 discessit.
657 3983 736 4048 Suos
756 4006 843 4069 porro
867 3985 920 4049 sub
938 3987 1030 4071 ipsum
1049 3986 1128 4051 ritae
1147 3988 1259 4051 exitum

109 4089 228 4174 perinde
254 4085 425 4152 aclllarcus
445 4086 586 4166 instituit,
618 4087 701 4166 oleo,
733 4087 940 4172 opobalsamo,
973 4099 1003 4150 et
1024 4109 1099 4173 aqua
1123 4089 1152 4153 iu
1174 4100 1261 4174 caput

143 4329 185 4381 ut.
204 4325 339 4396 μαρκόσιοι
354 4328 494 4378 caddonac
737 4326 776 4376 ts.
808 4323 837 4380 δὶ
863 4329 927 4376 obeat
953 4328 984 4376 ab
1011 4332 1139 4378 summario
1164 4331 1264 4380 Penurii

144 4397 185 4449 23.
203 4395 361 4465 κολορβάσης
376 4397 444 4447 codd.
462 4409 517 4444 mss.
701 4410 759 4458 paq.
775 4393 832 4445 2¹29.
868 4396 973 4445 Fortasse
996 4399 1142 4447 scrtbmdum
1167 4413 1195 4449 τε
1219 4395 1264 4449 acl

145 4463 186 4518 at.
205 4463 235 4520 δὲ
248 4466 405 4527 paniculum,
428 4467 454 4514 a'a
470 4465 538 4514 coitu
552 4467 672 4525 murum,
703 4478 747 4526 pro
764 4459 793 4515 bl
809 4461 861 4514 act

110 4537 361 4595 recalescamus
379 4532 447 4582 codd.
464 4545 520 4584 mm.

883 4567 897 4595 ‘
979 4603 1049 4668 aa*
