3096 5070
276 279 338 341 552
700 285 824 339 sANc‘rl
840 286 1014 337 ΕΡῘΡΗΑΝΙῙ

278 402 396 487 ημετά
418 401 451 469 τό
477 403 722 489 εύαγγελισθῆναι
739 400 868 488 Μαριάμ
888 405 920 468 ἐν
945 403 1095 488 Ναζαρέτ,
1123 404 1173 466 καί
1192 410 1439 486 7θσυνειλῆφθαι

276 506 329 574 τόν
345 506 435 592 λόγον
453 505 505 572 τόν
525 505 596 571 ὄντα
613 504 665 571 ἀπ’
684 506 817 589 ούρανοῦ
840 508 873 571 ἐκ
895 504 1016 571 κόλπων
1037 502 1198 594 πατρῷον,
1228 509 1441 591 γεγεννημένον

278 607 413 694 ἀχρόνους
436 610 487 674 καί
505 607 658 693 ἀνάρχοις,
690 607 815 673 ἐλθόντα
831 608 862 672 δέ
877 605 922 673 ἐπ’
938 606 1067 691 ἐσχάτων
1089 614 1148 672 τών
1164 604 1282 693 ἦμερών
1297 607 1373 673 θεόν
1388 606 1440 674 λό-

278 738 332 798 γον
347 710 420 777 ὄντα
436 713 469 777 ίκ
486 719 564 776 θεοῦ
579 710 690 796 πατρός
706 709 858 793 ἀληθιναῖς
873 711 1098 796 γεγεννημένον,
1130 707 1292 793 όμοούσιον
1309 709 1380 776 όντα
1394 717 1440 798 τῷ

278 815 385 899 πατρί,
413 816 465 878 καί
492 814 582 878 οὐδὲν
605 811 688 896 παρά
712 811 765 877 τόν
782 815 895 897 πατέρα
920 810 1179 895 Πἦλλοιοομένον,
1209 811 1269 880 ἀλλ’
1292 810 1441 897 ἀτρεπτον

279 915 350 984 όντα
369 918 420 981 καί
437 912 647 993 ἀναλλοίωτον,
677 912 783 998 ἀπαθῆ
798 939 829 979 τε
846 914 937 993 ὅλοις,
967 913 1177 998 συμπάσχοντα
1198 917 1230 980 δέ
1246 923 1287 1004 τῷ
1304 913 1440 1004 ἡμετέρην

278 1019 369 1105 γένει,
391 1019 442 1083 καί
460 1016 587 1083 ἐλθόντα
606 1015 657 1081 ἀπ’
674 1014 821 1100 ούρανοῦ,
853 1019 1096 1102 ἐγκυμονηθέντα
1121 1016 1177 1084 ούκ
1196 1014 1256 1084 ἀπό
1272 1018 1442 1102 σπέρματος

279 1117 408 1206 ἀνδρός,
441 1118 501 1186 ἀλλ’
525 1117 586 1185 ἀπό
612 1119 781 1202 πνεύματος
804 1114 893 1204 άγίου
919 1116 1084 1202 ἀληθινῶς,
1117 1127 1202 1203 σώμα
1227 1117 1287 1185 ἀπό
1312 1123 1441 1204 Μαρίας

280 1223 438 1306 ἐσχηκότα,
470 1219 680 1287 ἀνακλάσαντα
703 1224 799 1309 έαυτῷ
815 1219 869 1303 τὴν
885 1220 981 1305 σάρκα
996 1220 1056 1287 ἀπό
1072 1230 1127 1305 τῆς
1145 1221 1257 1305 μήτρας
1272 1229 1323 1303 τῆς
1340 1218 1441 1306 άγίας,

279 1323 383 1408 φυγὴν
398 1323 452 1407 τὴν
468 1323 664 1409 ἀνθρωπίνην
686 1323 845 1406 εἰληφότα,
876 1327 928 1388 καί
942 1332 1031 1404 νοῦν,
1062 1327 1112 1390 καλ
1128 1332 1191 1390 πᾶν
1207 1328 1236 1389 εί
1245 1351 1273 1389 τι
1291 1327 1369 1389 ἐστιν
1385 1319 1442 1388 άν-

213 1488 216 1492 ,
280 1439 408 1514 θροιπος
428 1430 469 1503 είς
487 1426 593 1491 έαυτόν
608 1433 644 1516 τῇ
667 1428 775 1492 ἐαυτοῦ
795 1424 917 1508 θεότητι
932 1424 1153 1506 συνενώσαντα,
1184 1428 1392 1512 γεγεννημένον
1407 1453 1442 1492 τε

281 1534 313 1598 ἐν
327 1530 480 1612 Βηθλεέμ,
502 1531 738 1614 περιτμηθέντα,
758 1531 987 1614 προςενεχθέντα
1005 1533 1037 1596 ἐν
1054 1517 1281 1613 Ἱεροσολύμοις,
1314 1531 1441 1614 ἐναγκα-

280 1634 420 1698 λισθέντα
443 1629 503 1697 ύπό
528 1629 669 1713 Συμεών,
699 1629 984 1716 ἀνθομολογηθέντα
1006 1629 1065 1697 ύπό
1084 1630 1196 1714 ’Ἀννης
1217 1638 1270 1714 τῆς
1295 1639 1349 1698 τοῦ
1374 1637 1440 1696 Φα-

281 1733 374 1818 νουηλ
390 1733 592 1819 προφήτιδος,
624 1736 823 1816 78ληφθέντα
845 1736 888 1810 είς
914 1734 1062 1819 Ναζαρέτ,
1095 1734 1222 1800 ἐλθόντα
1238 1741 1280 1822 τῷ
1299 1737 1366 1817 έξῆς
1381 1737 1441 1800 ἐνι·

283 1844 363 1925 αυτῷ
378 1835 515 1919 όφθῆναι
531 1835 659 1901 ἐντόπιον
674 1841 796 1920 κυρίου,
818 1835 975 1922 γενόμενόν
990 1863 1020 1902 τε
1036 1839 1067 1902 ἐν
1085 1837 1219 1919 Βηθλεέμ
1235 1835 1285 1901 διά
1300 1834 1354 1919 τὴν
1370 1859 1442 1922 συγ-

281 1943 415 2028 γένειαν,
444 1935 504 2005 ύπό
529 1946 581 2021 τῆς
609 1937 718 2023 μητρός
742 1938 972 2021 βασταζόμενον,
1007 1931 1099 2015 αύθις
1123 1938 1213 2003 πάλιν
1237 1941 1279 2015 είς
1306 1941 1443 2024 Ναζαρέτ
1486 1991 1490 1997 .

282 2040 472 2126 ἀπαρθέντα,
501 2043 551 2105 καί
575 2040 650 2105 κατά
666 2043 805 2125 δευτέραν
820 2046 962 2127 περίοδον
981 2044 1124 2107 ἐνιαυτοῖν
1140 2044 1183 2118 είς
1200 2039 1237 2105 τά
1252 2039 1442 2127 Ἱεροσόλυμα

282 2143 463 2228 λληλυθότα,
485 2143 699 2226 βασταζόμενον
714 2141 774 2209 ύπό
789 2151 843 2227 τῆς
860 2146 936 2219 ίδίας
951 2143 1078 2229 μητρός·
1110 2146 1142 2209 ἐν
1158 2145 1295 2226 Βηθλεέμ
1313 2147 1345 2210 ἐν
1358 2147 1437 2231 οίκίγ

281 2247 464 2313 κατελθόντα
480 2244 536 2310 σύν
551 2254 588 2335 τῷ
604 2249 665 2334 ίδίιγ
684 2248 773 2331 μητρί
787 2248 838 2311 καλ
853 2243 978 2328 Ἰωσὴφ,
1010 2248 1124 2331 γέροντι
1141 2245 1221 2322 όντι,
1244 2245 1298 2312 σόν
1314 2253 1348 2335 τῇ
1365 2252 1434 2308 Μα-

282 2349 353 2434 ριάμ
371 2351 402 2414 δέ
417 2347 494 2428 όντι,
517 2344 634 2413 κάκεῖσε
648 2356 691 2438 τῷ
708 2350 834 2438 δευτέρφ
850 2351 907 2414 έτει
921 2356 976 2431 τῆς
992 2349 1087 2414 αὐτοῦ
1102 2348 1262 2435 γεννήσεως
1276 2371 1429 2412 κατοπτευ-

282 2453 392 2531 θέντα,
421 2454 506 2536 δοῖρα
522 2451 666 2532 λαβόντα,
697 2452 748 2515 καί
765 2453 796 2515 έν
813 2449 890 2540 αύτῷ
911 2457 991 2540 7θεῷ
1006 2453 1089 2516 νυκτί
1105 2449 1166 2517 ύπό
1185 2451 1302 2538 ἀγγέλου
1316 2455 1355 2536 τῷ
1370 2446 1430 2512 'Im-

283 2554 346 2638 σὴφ
362 2558 592 2639 χρηματίσαντος
607 2556 649 2628 είς
662 2557 818 2638 Αἴγυπτον
834 2561 870 2599 ⁸⁰
879 2557 1131 2637 παραληφθέντα,
1153 2557 1201 2620 καί
1215 2549 1435 2633 κατεληλυθότα

283 2660 400 2724 έκεῑθεν
420 2654 525 2734 πάλιν,
548 2653 598 2719 διά
617 2653 672 2720 δύο
692 2657 765 2721 ἐτών
791 2653 1009 2738 ἀνεληλυθότα,
1038 2657 1258 2741 τελευτήσαντος
1273 2661 1327 2720 τοῦ
1342 2650 1437 2737 Ἡρώ-

283 2763 356 2839 δον,
377 2756 534 2844 Ἀρχελάου
556 2758 589 2822 δέ
610 2758 830 2839 διαδεξαμένου.

373 2869 421 2950 Τῷ
446 2860 501 2946 γάρ
527 2866 689 2946 τριακοστῷ
712 2864 800 2947 τρίτφ
822 2856 973 2944 Ἡρώδου,
1005 2867 1227 2949 τεσσαρακοστῷ
1254 2860 1287 2925 δέ
1313 2859 1441 2946 δευτέρην

284 2959 461 3049 Αύγούστου
478 2969 531 3027 τοῦ
545 2963 697 3045 βασιλέως,
719 2968 855 3046 γεννᾶται
870 2957 888 3026 ό
904 2960 1000 3046 σωτὴρ
1017 2964 1049 3028 ἐν
1065 2964 1201 3046 Βηθλεέμ
1216 2970 1270 3044 τῆς
1282 2961 1441 3034 Ἰουδαίας.

163 3113 214 3159 1³²8·
228 3100 274 3148 m,
289 3064 411 3130 Κάτεισι
430 3066 463 3129 δέ
479 3066 521 3140 είς
541 3068 697 3149 Αἴγυπτον
723 3070 764 3151 τῷ
791 3069 954 3152 τριακοστῷ
978 3067 1103 3153 πέμπτῳ
1119 3063 1269 3146 Ἡρώδου,
1301 3062 1392 3128 ἀνεισι
1411 3062 1443 3127 δέ

284 3167 337 3237 ἀπ’
358 3167 516 3253 Αἰγύπτου
544 3165 617 3251 μετά
642 3164 697 3249 τήν
721 3163 856 3250 Ἡρώδου
882 3165 1023 3249 τελευτήν.
1068 3165 1115 3232 Δι’
1140 3159 1181 3232 ών
1208 3168 1257 3231 ἐπί
1283 3164 1442 3248 τριάκοντα

284 3268 358 3337 ἑπτά
382 3273 454 3335 ἐτεσι
479 3278 531 3353 τῆς
556 3270 650 3352 αὐτῆς
673 3275 726 3333 τοῦ
743 3265 877 3352 Ἡρώδου
899 3268 992 3352 ἀρχῆς
1007 3263 1045 3351 ἦν
1062 3267 1079 3335 ό
1098 3279 1169 3345 παῖς
1186 3266 1335 3352 τεσσάρων
1358 3270 1442 3345 ἐτών,

285 3371 333 3441 δτι
354 3370 489 3457 Ἡρώδης
515 3371 687 3457 τριακοστόν
711 3373 841 3453 ἕβδομον
861 3372 1020 3455 πληρώσας
1045 3374 1269 3457 81κατέστρεφε
1292 3367 1344 3436 τόν
1365 3374 1442 3451 βίον.

279 3475 438 3559 Ἀρχέλαος
452 3475 483 3540 δέ
500 3477 585 3540 ἐννέα
606 3476 656 3555 ἔτη
672 3472 835 3554 βασιλεύει,
868 3470 954 3549 Ηώς
972 3472 1057 3551 ἐξιών
1077 3472 1187 3557 Ἰωσὴφ
1203 3472 1316 3562 άματῷ
1334 3476 1445 3559 Μαρίᾳ

284 3580 336 3642 καλ
351 3583 393 3665 τῷ
408 3581 534 3665 παιδίῳ,
557 3574 689 3651 ἀκούσας
705 3571 757 3640 τόν
774 3572 927 3661 Ἀρχέλαον
945 3574 1123 3659 βασιλεύειν,
1147 3573 1330 3660 ἀνεχώρησεν
1348 3577 1389 3650 είς
1406 3573 1446 3638 τά

286 3682 360 3765 μέρη
380 3688 416 3727 ⁸⁸
426 3683 591 3757 Γαλιλαίας,
613 3680 662 3743 καί
680 3678 848 3766 κατῷιιησεν
863 3680 904 3754 είς
921 3686 956 3724 ⁸⁴
967 3679 1109 3762 Ναζαρέτ.
1135 3677 1291 3762 Ἀρχέλαος
1307 3678 1339 3741 δέ
1353 3683 1447 3765 γεννᾷ

284 3781 336 3848 τόν
350 3779 486 3867 Ἡρώδην
502 3780 552 3846 τόν
567 3781 723 3865 νεώτερον,
752 3783 802 3845 καί
819 3778 961 3863 βασιλεύει
977 3778 1110 3864 Ἡρώδης
1124 3786 1164 3867 τῷ
1187 3779 1298 3867 έννάτφ
1315 3781 1370 3843 ἐτει
1389 3787 1448 3860 τῆς

286 3892 339 3951 τοῦ
354 3884 467 3970 πατρός
481 3888 629 3967 βασιλείας
640 3881 800 3969 Ἀρχελάου
814 3881 890 3948 κατά
904 3883 1055 3966 διαδοχήν.
1088 3885 1148 3946 Καί
1163 3884 1264 3967 γέγονε
1274 3882 1449 3968 λογιζόμενα

285 3990 423 4071 δεκατρία
441 3989 490 4070 έτη
504 3995 541 4076 τῷ
560 3985 692 4075 ἐνσάριιφ
709 3990 841 4071 Χριστοῦ
858 3991 1015 4074 παρουσία.
1058 3983 1317 4074 Ὀκτοικαιδικάτφ
1335 3985 1368 4049 δέ
1386 3986 1450 4051 ἔτει

319 4194 360 4247 75.
388 4198 516 4257 Ρελουίυι,
552 4211 598 4245 non
627 4197 707 4257 ομπίίο
735 4197 848 4245 orationis
881 4203 963 4243 autem
982 4204 1112 4261 postquam
1131 4195 1245 4245 nuntium
1262 4198 1311 4245 οείί.

285 4265 433 4325 οιιοοοίυίλο,
449 4265 605 4325 supplendum
616 4267 710 4326 putavit
724 4278 753 4312 τε
764 4264 846 4314 Pana·
914 4261 954 4313 76.
982 4262 1175 4329 συνειληφθέιαι
1198 4266 1249 4314 cod.
1266 4266 1313 4314 λιιι.
1334 4267 1353 4311 εί
1378 4264 1448 4314 editi.

283 4334 320 4382 τίο
336 4332 362 4384 αἱ
377 4331 512 4398 μετέπειτα
532 4331 612 4384 πᾶσαι
628 4329 756 4397 γεγόνασιν
779 4329 846 4394 αίρί-
881 4330 1089 4397 σννειληφδαίναι
1112 4334 1163 4382 cod.
1189 4334 1285 4394 Κλεδίς.
1330 4333 1450 4395 συνειλη-

284 4413 354 4458 οεις,
383 4397 449 4464 λέγω
477 4396 521 4464 δή.
566 4402 595 4450 Et
623 4403 751 4449 comorius
778 4402 846 4448 υιτίίί
879 4397 952 4463 φέναι
966 4401 1034 4448 habet
1052 4414 1135 4462 ποτςο
1151 4403 1253 4461 exempli
1268 4401 1367 4461 διλοίλ,
1385 4403 1450 4461 είςίο

285 4467 409 4533 Deinceps
424 4484 484 4517 vero
496 4477 554 4533 post
565 4467 641 4532 ipsius
652 4466 787 4516 adientum
799 4483 845 4532 po·
879 4468 909 4514 Μ.
945 4469 1071 4529 adscripto.
1113 4468 1280 4536 σννειλῆφὶίαι
1313 4469 1450 4522 emendavit

284 4534 401 4587 sterium
418 4551 504 4587 omnes
519 4535 633 4586 λιααιεεει
652 4535 767 4597 fuerunt,
786 4533 843 4584 dico
878 4540 929 4585 iam
946 4538 1068 4586 Ριίουίατ.
