3096 5070
42 3457 49 3471 ι
142 3383 191 3449 rit.
237 3389 359 3449 Siear'm
381 3389 503 3468 deligitis
517 3410 576 3464 me,
608 3388 719 3472 inquit,
751 3391 883 3452 mandata
908 3408 968 3450 mea
990 3390 1149 3450 seruodu‘ta’s.
1195 3385 1303 3472 Neque
1314 3401 1393 3450 loom

398 295 535 348 eunuun
552 296 617 349 uua
631 297 676 348 ιιι.
694 295 777 350 uon.
790 296 808 348 1.
826 294 928 347 niun.
939 295 1061 347 muru.
1247 283 1309 349 ttt

148 426 321 497 mnteapta,
345 428 375 477 et
394 437 536 479 remmom
557 421 618 478 eries
638 438 694 479 oon
715 420 882 479 audonem.
930 411 992 478 lam
1015 434 1090 478 vero
1111 432 1176 478 oum
1202 433 1309 499 eorpus

148 517 243 603 ipsum
261 540 319 582 non
343 540 431 582 nuruum
454 518 493 582 sit
515 517 696 597 membrum,
721 520 772 582 sed
796 517 989 603 expluribus
1012 527 1201 594 contextus,
1234 537 1309 600 quae

149 621 246 684 omnia
265 620 301 685 de
318 642 352 687 se
370 631 471 685 mutuo
487 619 613 688 sollicito
635 631 720 699 suot,
746 641 783 684 ue
797 621 885 684 ullum
903 620 940 683 sit
957 619 987 683 in
1004 639 1128 703 oorpore
1144 616 1307 698 dissidium,

147 742 243 806 neque
263 733 349 811 oaput
367 723 489 808 pedibus
505 723 604 786 disere
622 732 736 808 potest,
769 722 839 786 nihil
860 722 946 787 vobis
968 743 1041 805 opus
1064 721 1176 799 habeo,
1207 741 1310 785 vorum

147 829 224 888 vens
240 848 344 907 eorpus
360 831 402 889 uta
419 830 585 906 temperanti
602 837 636 887 ut
652 830 682 886 ei
691 830 775 905 porte⁸
792 846 865 906 puae
885 829 1009 887 deterior
1029 836 1103 886 esset
1121 824 1307 886 oduadunu'o-
1333 818 1423 928 Ηῗ·

146 949 205 990 rem
229 931 362 990 honorem
388 928 531 990 tribueret.
587 924 684 992 Porro
705 948 770 990 oum
796 937 886 991 totum
912 925 1006 1010 ipsum
1032 947 1138 1010 eorpus
1161 935 1310 1005 movetur,

146 1029 348 1095 necessarium
373 1050 441 1094 esse
469 1030 585 1115 ponitus
618 1041 649 1093 ut
670 1028 805 1114 singulae
833 1038 931 1114 partes
955 1050 1011 1093 una
1035 1039 1227 1107 moveantur,
1263 1027 1311 1094 vel

147 1131 215 1197 iudo
237 1143 376 1196 constare
398 1140 506 1217 potest.

231 1232 355 1319 quuod
377 1255 451 1299 vero
477 1233 585 1298 dioeoti
608 1233 679 1301 mihi
702 1234 775 1320 apud
799 1254 853 1298 vos
877 1233 1070 1299 adhibendum
1093 1244 1141 1298 est
1164 1231 1309 1297 orationis

147 1337 324 1415 exordium?
366 1336 416 1402 Ao
433 1338 488 1402 hoo
511 1337 697 1424 perspicuum
717 1347 780 1415 est,
812 1356 1025 1422 quemeumque
1043 1357 1228 1413 sermonem,
1260 1335 1309 1400 sel

143 1418 220 1523 iupus
235 1440 428 1525 aggrediare,
460 1439 575 1505 initium
603 1450 630 1503 et
648 1439 761 1504 exitum
784 1458 801 1502 a
821 1439 901 1525 pauiu
924 1438 1074 1503 mentione
1098 1459 1164 1503 esse
1190 1436 1309 1523 sapien·

146 1541 230 1620 dum,
262 1554 293 1606 ut
305 1543 343 1606 ab
361 1563 395 1607 aa
411 1553 442 1606 et
457 1541 607 1607 ordiamur
622 1552 653 1606 et
667 1541 695 1605 io
712 1562 778 1605 eam
800 1543 989 1606 desinamus?
1033 1539 1100 1606 Hoo
1117 1539 1195 1605 eoim
1214 1541 1307 1624 ipsum

145 1643 320 1708 adsalutem
340 1647 521 1730 profuturum
539 1646 627 1709 ducet
640 1644 802 1730 apostolus,
827 1655 993 1709 vestrarum
1009 1642 1125 1729 quidem
1143 1642 1308 1708 orationum

145 1746 305 1832 suffragio,
337 1747 658 1832 communicationeque
681 1744 820 1831 spiritus,
853 1768 937 1830 quem
958 1743 1096 1811 Christos
1120 1746 1309 1809 credentibus

144 1849 174 1912 in
190 1870 258 1913 sese
272 1849 405 1934 largitur.
445 1851 491 1914 Ao
505 1850 569 1914 sive
584 1849 725 1934 quispiam
740 1847 949 1912 aedificationis
966 1849 1056 1913 verba
1073 1849 1219 1933 loquatur,
1244 1849 1308 1913 sive

145 1950 376 2030 adhortationis,
414 1951 478 2016 sive
512 1952 744 2030 oonsolationis,
784 1972 860 2036 quae
893 1972 911 2015 u
942 1951 1065 2016 caritate
1099 1950 1306 2036 proficiscitur,

145 2052 210 2116 sive
231 2055 444 2119 communionis
463 2054 599 2140 spiritus,
623 2054 696 2119 liaeo
711 2055 810 2118 omnia
827 2053 863 2117 ab
878 2075 914 2118 ea
931 2075 1020 2139 pace,
1053 2074 1128 2138 quae
1146 2055 1306 2118 secuudum

145 2156 230 2219 deum
249 2167 314 2235 est,
348 2157 582 2242 proficiscuntur.
628 2154 811 2241 Quamquam
838 2178 896 2220 oon
919 2156 1085 2242 promiscue
1105 2157 1240 2223 omnibus
1258 2159 1309 2224 illu

142 2259 287 2344 suppetit,
320 2260 372 2323 sed
394 2257 431 2324 iia
447 2260 592 2322 duntaxat
605 2260 654 2343 qui
672 2260 766 2343 legem
787 2258 927 2344 diligunt,
959 2269 991 2323 ut
1011 2257 1150 2344 propheto
1169 2271 1304 2326 testetur.

143 2357 256 2445 Legem
274 2382 346 2425 vero
366 2382 424 2424 noo
444 2381 634 2445 corpoream„
668 2383 743 2446 quae
764 2364 926 2446 lutururum
946 2361 1077 2425 umbram
1100 2345 1188 2445 atquo
1203 2366 1306 2450 imagi·

144 2484 211 2526 oeus
226 2463 376 2543 eontinet,
410 2466 462 2527 sed
479 2464 661 2549 spiritualem
683 2463 839 2544 videlieet,
871 2484 945 2548 quas
961 2484 1062 2528 eorum
1086 2466 1213 2530 omnium
1231 2486 1306 2551 quae

144 2565 292 2649 praediola
319 2577 388 2630 suut
413 2567 527 2631 exitum
558 2567 712 2630 manifeste
740 2568 933 2632 demonstrat.
985 2571 1048 2628 Por
1074 2571 1163 2642 sntio,
1197 2568 1446 2653 inquies-tuma

143 2671 232 2730 multu
245 2670 430 2750 diligentibus
444 2681 488 2743 te,
512 2682 543 2730 et
556 2691 613 2731 noa
628 2681 671 2731 est
687 2673 747 2733 otte
759 2673 934 2733 scandalum.
983 2666 1031 2733 Ex
1046 2691 1103 2754 quo
1120 2690 1306 2756 consequens

145 2779 207 2849 est,
235 2790 288 2855 eoa
305 2770 386 2856 ipsos
401 2772 431 2835 in
449 2772 619 2836 scandalum
635 2771 787 2837 incurrere
809 2773 857 2857 qui
874 2792 975 2857 paoem
992 2771 1060 2835 odio
1075 2784 1303 2857 prosequuntur.

143 2867 185 2933 1⁴22
200 2891 252 2935 eos
268 2883 402 2958 oportet,
437 2874 486 2959 qui
502 2875 538 2939 ab
555 2874 600 2938 his
614 2873 735 2939 liberari
749 2875 884 2961 eupiunt,
916 2875 1303 2959 mritneergauomtoum,
1432 2940 1434 2945 ⁴

143 2971 224 3037 velut
240 2986 325 3039 sunto
344 2977 486 3060 quodum,
510 2998 578 3042 sose
596 2987 765 3062 protegere.
811 2982 865 3041 Est
877 2982 949 3040 enum
967 2981 1026 3058 ipse
1036 2999 1100 3058 pum
1114 2989 1231 3055 rostra,
1255 2983 1445 3062 qm'npnata

139 3077 212 3157 feeit
236 3089 357 3160 utruque
377 3101 478 3154 noum,
513 3093 543 3141 et
559 3083 677 3142 meditem
696 3085 833 3161 parietem
853 3085 992 3143 murmane
1013 3083 1124 3142 soluens
1140 3084 1305 3145 inanimum

143 3182 172 3241 m
191 3200 293 3255 carae,
329 3183 392 3261 lege
411 3195 626 3264 praeceptorum
649 3187 679 3245 r'o
700 3185 880 3264 dogmatibus
902 3185 1055 3263 qdrogoto.
1098 3179 1207 3267 Neque
1231 3205 1303 3248 veru

141 3281 206 3346 deri
222 3290 318 3367 potest
337 3294 368 3347 ut
384 3283 494 3348 domini
511 3286 646 3352 mandata
665 3295 843 3364 serventur,
874 3285 931 3349 nisi
948 3285 994 3348 dei
1010 3283 1118 3349 carittn
1132 3306 1303 3370 praeeesse·

143 3497 175 3548 ut
196 3487 290 3567 oculi,
326 3488 374 3552 vel
398 3490 488 3553 eorda
514 3491 740 3570 collustrantur,
776 3490 832 3554 uisi
856 3490 909 3554 lux
935 3488 1122 3555 amandatis
1152 3489 1301 3572 affulgeat.
1331 3455 1405 3513 Μ’

141 3591 321 3669 Praeceptum
344 3596 435 3666 enum,
465 3591 574 3676 inquit,
605 3597 871 3667 dominiorum,
903 3596 1067 3656 illuminans
1085 3596 1192 3655 oeulos.
1240 3588 1300 3656 Sed
1322 3599 1407 3698 {⁸¹2⁸

141 3709 236 3774 neque
254 3692 407 3757 vemtatsm
424 3693 522 3777 eloqui
540 3704 653 3778 potest,
689 3695 745 3758 nisi
761 3692 981 3781 qui'Cliristum
997 3694 1027 3758 in
1045 3694 1160 3780 seipso
1179 3694 1301 3777 loquen·
1337 3653 1359 3709 θ’
1385 3681 1392 3696 ’

140 3800 199 3856 tem
219 3791 341 3873 habeam
374 3805 406 3858 ut
428 3805 553 3860 testatur
571 3795 619 3859 ille
638 3796 688 3880 qui
709 3796 795 3876 dicit,
825 3801 901 3860 Num
920 3801 1140 3878 supermontem
1164 3798 1457 3878 quoertto'otcmnaa

140 3897 280 3977 quueau'r
301 3901 330 3960 r'a
348 3918 391 3959 me
407 3900 539 3960 Ctrdn’t
585 3894 647 3961 lmo
664 3918 735 3962 reru
754 3920 813 3963 nou
829 3902 916 3965 modo
933 3899 1098 3984 loquentis,
1130 3898 1183 3961 sed
1202 3907 1232 3961 et
1248 3897 1301 3962 mi·

139 3998 281 4064 serentis.
328 4003 444 4074 hotot,
468 3999 580 4084 inquit,
604 4003 798 4062 namtarum
814 4013 880 4078 nto,
914 4005 1086 4065 etsutntare
1103 4012 1180 4063 tuum
1199 4004 1229 4062 ia
1243 4022 1296 4076 me,
1331 4011 1418 4113 ⁹⁸¹2

140 4111 169 4162 et
184 4103 354 4183 respondedo
370 4104 608 4184 mprotnntttu
624 4105 697 4165 mr'lti
710 4104 832 4165 verdum
881 4103 968 4188 Quod
989 4103 1069 4167 nullo
1083 4103 1169 4167 modo
1186 4102 1301 4167 ooutiu·
1328 4064 1373 4122 ω’

139 4216 241 4288 geret,
275 4204 331 4269 uisi
355 4205 420 4290 quis
437 4207 652 4287 r‘nstg'dcutr'ooeo
676 4209 845 4288 reqm'reret.
890 4202 950 4289 Qui
968 4204 1045 4269 euim
1064 4205 1108 4270 sio
1125 4203 1222 4270 affecti
1241 4228 1300 4271 nou

140 4316 226 4384 suot,
258 4302 363 4372 lorum
390 4308 507 4394 propria
530 4318 576 4372 est
599 4307 630 4372 io
654 4305 820 4394 opprobriis
845 4307 1041 4388 verecundia3
1074 4309 1149 4372 adeo
1172 4318 1203 4372 ut
1222 4307 1301 4374 istud

139 4426 282 4494 usurpare
301 4421 464 4496 nequeaut=
488 4413 584 4495 Auser
601 4433 619 4474 o
634 4432 678 4474 me
692 4410 872 4493 opprudm'um
888 4421 919 4472 et
932 4417 1138 4493 motemptumt
1166 4407 1244 4476 Nan
1257 4429 1300 4474 ex

173 4541 197 4596 u
220 4541 395 4617 torminosos
409 4549 477 4601 otuu.
491 4549 554 4614 tm,
576 4549 691 4613 amm,
708 4548 789 4601 rom.

1014 4616 1055 4683 ἣ
1168 4580 1173 4591 i
