3096 5070
290 284 352 346 406
715 291 837 343 emm
854 293 1026 344 ιιειεειιιιιι

290 408 467 494 βλάσφημα,
489 411 540 474 καλ
558 407 595 474 τό
610 407 695 485 ἐκτός
712 406 798 495 ἇγίον
815 412 995 491 πνεύματος,
1018 407 1064 488 ἐφ’
1084 412 1166 494 ἕτερα
1180 410 1268 476 πόλιν
1282 410 1371 477 καινοί
1387 414 1455 497 τρέ-

290 540 405 579 πονται.
454 514 494 575 Ol
519 513 572 593 μὲν
593 511 649 595 γόρ
675 509 726 576 τόν
750 514 862 594 πατέρα
879 516 1101 594 βλασφημοῦσι,
1134 514 1185 578 τόν
1202 521 1261 578 τῶν
1282 515 1360 580 ὅλων
1377 514 1456 581 θεόν

290 617 342 680 καὶ
355 612 547 698 δημιουργόν,
571 617 601 678 οί
616 614 696 696 ἀμφὶ
710 612 763 695 την
777 597 887 699 γνοῦσιν
899 613 1057 700 λεγόμενοι.
1104 614 1181 680 Οῑδ
1199 609 1239 681 αῦ
1255 616 1343 682 πόλιν
1360 626 1455 704 Μαρ-

291 723 397 792 ιιίωνες
412 718 464 781 ιιαλ
476 715 662 798 Ἀρχοντικοί
679 715 869 798 καλούμενοι,
892 718 942 782 καί
960 716 1075 793 τούτοις
1094 721 1125 782 οί
1139 719 1332 802 συνεπόμενοι
1351 729 1456 787 Μανι-

291 829 386 903 χαῖοι,
418 822 449 884 σί
470 817 523 900 τόν
548 817 709 900 ὀνομασίαν
729 817 902 883 δικαιότατα
925 817 1076 901 εἰληφότες
1097 823 1130 886 ἐκ
1146 824 1262 898 δικαίας
1277 822 1357 899 τινός
1372 827 1456 890 οἰκο-

291 926 398 1005 νομίας
419 929 512 1000 θεοῦ,
544 919 578 986 τό
605 926 751 1004 μανιῶδες
773 919 883 1003 ὄνομα,
902 961 941 972 -
975 915 1058 988 οῦτοι
1081 926 1189 999 πάντες
1214 924 1285 1007 μετό
1308 927 1456 993 πλειόνων

293 1026 450 1108 αἱρέσεων,
484 1031 603 1089 Καϊνιῦν
620 1050 714 1105 φημι,
744 1031 916 1106 Σητιανοῦν,
951 1030 1264 1106 1Μελχισεδεκιαναῑν,
1298 1034 1457 1112 Κολορβα-

293 1131 381 1205 σίων,
406 1131 639 1209 Κερδωνιανῦν,
670 1128 794 1191 καὶτῶν
811 1123 919 1200 όλλων,
944 1131 1156 1208 ἱβλασφημεῖν
1177 1131 1218 1204 εἰς
1233 1127 1286 1195 τόν
1300 1136 1358 1196 τῶν
1374 1130 1457 1198 ὅλων

294 1231 422 1312 πατέρα,
455 1232 486 1294 ἐν
509 1237 549 1316 τῷ
572 1236 678 1295 τοῦτον
695 1226 852 1314 όρνεῑσθαι
872 1224 947 1293 εἰναι
960 1227 1034 1293 θεόν
1047 1228 1099 1294 τόν
1116 1232 1146 1295 ἐν
1164 1230 1247 1318 νόμω
1265 1236 1314 1297 καί
1331 1236 1362 1298 ἐν
1379 1260 1457 1318 προ-

295 1330 404 1415 φήταις
420 1330 596 1413 λαλήσαντα,
627 1335 749 1406 δικαίως
772 1355 802 1395 τε
824 1331 1084 1415 προςκννοόμενον
1109 1329 1169 1398 όπό
1191 1333 1312 1400 πόντων
1330 1337 1456 1418 κτισμό-

294 1460 370 1511 των,
402 1431 443 1509 (ός
464 1432 582 1516 κτιστην
605 1436 655 1500 καὶ
680 1433 874 1519 δημιουργόν,
906 1426 991 1498 οῦτοι
1008 1433 1079 1515 μετοί
1097 1443 1151 1499 τοῦ
1166 1434 1351 1518 σεβόσματος
1369 1438 1456 1504 όναι-

294 1546 356 1622 ρεῖν
379 1542 537 1619 πειρῶνται
562 1539 612 1600 καὶ
636 1534 690 1618 τὴν
707 1540 894 1613 δεσποτείαν,
925 1535 977 1600 τόν
996 1537 1048 1617 μέν
1070 1535 1163 1613 όντως
1179 1537 1250 1603 ὅντα
1265 1537 1453 1623 οἰρνοῦμενοι,

296 1641 394 1722 ἕτερον
418 1639 450 1702 δὲ
464 1636 516 1703 τόν
533 1636 573 1720 μὴ
588 1636 660 1704 ὄντα
675 1645 712 1726 τῇ
726 1636 862 1719 μυθωδει
877 1634 977 1702 αῦτοῦν
993 1635 1122 1726 ῦπονοίᾳ
1146 1640 1373 1723 φανταζόμενοι,
1404 1647 1455 1708 ἵνα

296 1743 329 1807 ἐκ
346 1748 400 1806 τοῦ
416 1739 500 1815 όντος
516 1743 637 1817 πέσωσι,
659 1743 709 1804 καί
725 1739 761 1805 δν
776 1738 940 1805 ῦπονοοῦσι
955 1739 996 1821 μὴ
1014 1739 1147 1823 εῦρωσιν.
1196 1741 1282 1809 Οῦτω
1299 1743 1355 1830 γόρ
1371 1744 1391 1830 ἦ
1405 1755 1454 1829 λη-

296 1847 400 1929 ρωδίαέ
414 1846 466 1906 καλ
487 1840 507 1924 ἦ
521 1850 574 1907 τοῦ
599 1842 740 1924 διαβόλου
763 1840 859 1925 σπορό
873 1850 931 1906 τῶν
949 1842 1044 1927 λόγων
1061 1843 1201 1926 τοιαότην
1222 1849 1312 1911 είωθε
1326 1849 1456 1933 ταραχὴν

296 1950 430 2030 ἐμποιεῖν
446 1946 498 2009 καλ
512 1943 660 2022 θόλωσιν,
692 1942 741 2009 διό
755 1952 903 2029 λογισμῶν
918 1945 1102 2028 βλασφήμων
1119 1949 1309 2033 ἐπεγείρουσα
1324 1949 1378 2033 τήν
1395 1959 1455 2017 τῶν

296 2049 492 2129 πεπεισμένων
506 2044 678 2128 όνθραίπων
703 2047 853 2125 διόνοιαν,
882 2049 949 2131 περὶ
968 2054 1021 2112 τοῦ
1035 2045 1134 2113 αῦτοίν
1156 2049 1301 2116 δεσπότου
1319 2054 1453 2136 στρατεῦ-

298 2161 386 2216 εσθαι
406 2159 472 2224 ταῖς
496 2159 603 2225 κακαῖς
619 2147 776 2224 όπονοίαις
793 2152 844 2214 καλ
861 2152 1110 2232 ἐπαρνησιθεΐαις.
1151 2149 1238 2217 'And
1258 2179 1289 2240 γε
1311 2153 1396 2218 πόλιν
1418 2157 1450 2218 ἐκ

296 2260 404 2318 τοῦτον
431 2254 622 2337 ἐκτραπέντες
645 2254 720 2328 τινὲς
741 2250 787 2332 ἐφ’
812 2255 895 2337 ἕτερα
913 2256 1041 2335 βαδίζειν
1057 2254 1262 2337 τετολμήκασι,
1292 2254 1342 2320 τόν
1355 2253 1448 2331 μόνον

298 2354 487 2441 ἇγοροίσαντα
502 2353 611 2430 αῦτοός
628 2354 773 2437 δεσπότην
792 2354 984 2441 ἀρνούμενοι,
1006 2354 1059 2420 τόν
1076 2365 1220 2441 μονογενῆ
1234 2359 1323 2421 παῖδα
1331 2356 1447 2436 Ἰησοῦν

303 2456 434 2544 Χριστόν
449 2456 500 2523 τόν
518 2455 586 2522 υίόν
602 2465 656 2522 τοῦ
670 2465 746 2522 θεοῦ
761 2463 816 2523 τοῦ
831 2464 954 2536 ζῶντος,
976 2456 1029 2523 τόν
1041 2457 1135 2534 ὅντως
1149 2457 1217 2524 ὄντα
1231 2460 1262 2523 ἐκ
1275 2454 1387 2542 πατρός
1404 2480 1449 2541 γε·

299 2562 475 2648 γεννημένον
489 2557 622 2644 οἰνόργως
639 2562 690 2624 καί
706 2555 848 2642 α’χρόνως,
870 2559 921 2625 τόν
938 2557 983 2624 όεί
1002 2559 1073 2625 ι’ίντα
1092 2564 1125 2627 ἐκ
1138 2567 1189 2640 τοῦ
1203 2557 1316 2646 πατρός
1330 2561 1382 2623 καλ
1398 2558 1455 2623 σῦν

299 2665 390 2748 πατρί
409 2661 494 2739 όντα,
524 2663 733 2747 γεγεννημένον
755 2662 786 2726 δέ
802 2659 1017 2743 όκαταλήπτως
1033 2665 1084 2727 καὶ
1099 2660 1265 2746 α’γροίντως,
1296 2659 1458 2744 όμοοῦσιον

299 2773 341 2856 τῷ
357 2767 444 2848 πατρί
461 2762 544 2841 όντα,
568 2767 619 2829 καί
634 2761 689 2829 οῦκ
702 2764 821 2829 ιἰλλοῖον
835 2762 917 2846 παροί
934 2763 986 2830 τόν
1002 2767 1129 2847 πατέρα,
1154 2768 1210 2831 ὀί
1225 2765 1277 2850 μέν
1293 2757 1386 2838 αὖθις
1402 2790 1458 2845 μα-

300 2871 414 2946 νέντες,
436 2872 523 2948 δίκην
542 2867 732 2948 λυσσητήρων
749 2873 864 2944 κυνῶν,
886 2868 936 2931 ἐπὶ
954 2865 1005 2931 τόν
1023 2870 1100 2931 ἴδιον
1116 2867 1217 2932 αῦτοῦν
1232 2866 1376 2948 δεσπότην
1389 2862 1458 2929 ῦλα·

300 2978 418 3038 κτοῦσι·
450 2967 590 3053 καθάπερ
607 2971 636 3044 ἐξ
652 2965 787 3051 όπαργῆς
808 2967 947 3033 Ἰουδαῖοι
968 2976 1073 3034 τοῦτον
1094 2967 1292 3054 όγνοησαντες
1306 2971 1462 3050 κέκληνται

302 3072 399 3148 Κόνες
418 3075 527 3149 ἐννεοί,
559 3070 680 3146 εἰκότως
699 3069 782 3153 παρό
807 3078 862 3135 τοῦ
885 3071 1044 3154 προφήτου
1070 3073 1193 3153 ταυτησί
1213 3079 1265 3154 τῆς
1290 3074 1462 3152 ἐπωνυμίας

167 3205 219 3249 ρας.
233 3193 289 3237 σοι
303 3175 515 3257 κατηξιωμένοι
540 3172 685 3255 τοῦνομα,
718 3180 796 3255 4τῆς
818 3173 918 3237 αὐτῶν
943 3177 1010 3255 περλ
1032 3173 1084 3239 τόν
1107 3173 1210 3258 κόριον
1225 3178 1277 3239 καλ
1292 3173 1345 3257 τόν
1367 3171 1461 3238 αῦτοῦ

301 3282 467 3362 παρουσίαν
481 3275 677 3358 όναισχόντου
693 3273 798 3357 όρμῆς,
822 3273 863 3350 νίς
879 3277 956 3339 ἐστιν
971 3274 1080 3359 όληθές
1095 3280 1176 3341 ἰδεῖν.
1223 3277 1302 3339 Φασὶ
1319 3273 1375 3359 γὰρ
1389 3273 1462 3348 τοῦς

300 3387 467 3453 λυσσῶντας
488 3377 581 3454 κόνας
603 3377 722 3453 ἐννεοῦς
744 3386 913 3457 καλεῖσθαι,
945 3378 995 3442 διό
1013 3378 1046 3444 τό
1068 3375 1184 3454 νωδοῦς
1202 3375 1408 3443 όποτελεῖσθαι
1427 3378 1461 3441 ἐκ

300 3490 354 3565 τῆς
374 3480 652 3563 καταλιμπανοῦσης
674 3478 783 3556 αότοῦς
804 3484 944 3556 διανοίας.

169 3910 236 3978 Κεφ.
255 3909 286 3967 δ’.
391 3891 477 3957 Οῦτω
492 3888 547 3977 γόρ
564 3898 624 3955 τῶν
639 3899 738 3958 κυνῶν
754 3890 775 3974 ἦ
790 3890 896 3972 φῦσις,
925 3890 1001 3957 ἐπόν
1023 3893 1064 3966 εἰς
1081 3889 1192 3955 λύσσαν
1208 3893 1374 3974 ἐκτραπείη.
1423 3892 1467 3954 Οἵ

301 4021 374 4061 ποτε
390 3993 534 4075 δεσπότην
550 3993 743 4079 γινοίσκοντες
757 3997 808 4059 καλ
821 3992 891 4070 τοῦς
907 3994 1001 4060 αὐτοῦ
1019 3997 1109 4070 υίεῖς,
1132 3996 1261 4068 οἰκείους
1279 3992 1374 4055 τεκαὶ
1389 3991 1464 4067 τοῦς

302 4096 407 4173 ἄλλους
422 4096 536 4172 πόντας
551 4104 604 4161 τοῦ
621 4095 833 4162 οἰκοδεσπότου
849 4101 996 4182 γνησίους,
1020 4095 1091 4161 ὅταν
1105 4095 1182 4183 λα’βη
1198 4091 1309 4169 αῦτοῦς
1324 4091 1345 4175 ἦ
1359 4098 1462 4174 μανία,

303 4200 488 4266 σἰλλοιοῦνται
502 4197 537 4263 τοί
554 4198 699 4285 πρόςωπα
717 4199 845 4264 ἐνοίκων
860 4207 913 4281 τῆς
929 4197 1027 4263 αὐτῶν
1047 4195 1195 4282 όροὶσεως,
1217 4197 1269 4260 καὶ
1287 4194 1329 4260 ἐπ’
1348 4194 1464 4271 αὐτοῦς

303 4304 464 4388 ἐγείρονται
486 4300 557 4377 τοῦς
580 4308 735 4388 γνησίους,
764 4301 819 4378 οῦς
843 4326 914 4366 ποτε
933 4308 1073 4382 τιμῶντες
1090 4309 1126 4390 τῇ
1144 4301 1196 4383 μὲν
1214 4299 1310 4386 κέρκω
1334 4300 1462 4374 ἐσαινον,

336 4475 394 4525 (λιν,
409 4478 492 4526 HL-
520 4479 542 4526 1.
555 4476 784 4557 μελγεσεδεκιαιῶι
795 4478 862 4528 codd.
931 4475 955 4525 2.
975 4478 1129 4526 Scribendum
1141 4481 1197 4538 μυλο
1212 4469 1380 4554 βλασφήμου.
1417 4476 1465 4526 Ρι-

301 4558 356 4595 mu.
389 4544 625 4597 Μελκισεδεκιανων
643 4547 679 4595 ed.
698 4547 779 4597 Ρελσν.
896 4548 960 4597 &avio
975 4546 1099 4596 videbatur
1117 4545 1305 4613 βλασφημοῦσι.
