3096 5070
634 283 757 337 sauc‘n
775 284 946 336 EPIPHANH

268 569 501 628 ΔΝΤΙΓΡΑΦΟΝ
520 570 743 625 ΕΠΙΣΤΟΔΗΣ
761 568 996 633 ΜΛΡΚΕΛΔΟΥ,
1016 572 1065 626 ΟΝ
1083 573 1270 629 ΚΑΘΕΙΔΕΝ
1287 575 1314 631 Η

500 655 671 709 mom
689 655 800 709 XAPIN
817 654 1076 716 ΕΤΕΡΟΔΟΞΙΑΣ.
1097 677 1100 681 ·

73 782 139 852 Κεφ.
158 775 190 851 β’.
297 781 345 863 Τρῦ
370 772 585 861 μακαριωτάτην
612 780 823 861 συλλειτουργιγῖ
847 751 958 863 Ἰουλίῳ
986 774 1162 859 Μάρκελλος
1185 779 1217 842 ἐν
1244 783 1363 866 Χριστῷ

225 881 256 942 αί
275 901 326 943 ειν.

207 904 224 961 χ
256 904 410 1061 ρΈπειδή
433 1002 509 1053 τινες
534 985 592 1042 τῶν
614 978 883 1064 καταγνωσθέντων
909 978 1052 1065 πρότερον
1076 982 1124 1047 ἐπλ
1144 987 1185 1070 τῷ
1201 977 1243 1063 μή
1261 978 1365 1064 σ’ρθῶς

207 1080 372 1160 πιστεύειν,
402 1077 457 1155 οῦς
471 1078 527 1164 ἐγῶ
547 1081 578 1144 ἐν
594 1086 631 1168 τῇ
645 1077 720 1144 κατά
739 1085 869 1145 Νικαίαν
889 1080 1007 1170 συνόδῳ
1029 1080 1181 1167 διήλεγξα,
1210 1080 1274 1148 κατ’
1289 1085 1365 1165 ἐμοῦ

207 1183 323 1272 γράψαι
336 1189 372 1272 τῇ
386 1185 541 1270 θεοσεβείᾳ
557 1203 613 1247 σου
630 1180 807 1264 ἐτόλμησαν,
831 1179 872 1258 ῶς
885 1179 925 1248 ῶν
940 1185 1014 1265 ἐμοῦ
1030 1182 1071 1265 μη
1089 1184 1209 1268 ὀρθῶς,
1231 1181 1302 1268 μήτε
1317 1187 1364 1252 ἐκ·

206 1291 418 1371 κλησιαστικῶς
444 1290 642 1368 φρονοῦντες,
673 1281 707 1349 τῦ
734 1286 847 1350 ἐαυτῶν
873 1287 1002 1369 ἔγκλημα
1027 1288 1069 1363 είς
1090 1287 1140 1368 ἐμέ
1166 1293 1364 1370 μετατεθῆναι

207 1388 435 1467 σπουδάζοντες,
465 1385 574 1452 τούτου
596 1387 694 1451 ἐνεκεν
718 1384 879 1471 άναγιιαῖον
893 1384 1049 1473 ἡγησάμην
1065 1387 1238 1470 ἀπαντήσας
1252 1391 1294 1466 είς
1309 1387 1364 1472 τήν

80 1512 132 1558 Ν·
144 1498 192 1543 ⁸⁸⁵*
205 1489 319 1573 Ῥῶμην
332 1486 502 1573 ύπομνῆσαί
517 1509 565 1566 σε,
595 1491 645 1552 ίνα
659 1486 730 1565 τοῦς
745 1486 809 1553 κατ’
825 1491 898 1571 ἐμοῦ
913 1489 1089 1574 γράψαντας
1106 1496 1272 1581 μεταστείλη
1287 1487 1363 1578 ύπέρ

207 1600 261 1660 τοῦ
282 1590 532 1674 ιἀπαντήσαντας
549 1585 659 1666 αύτούς
683 1587 728 1656 ἐπ’
745 1589 927 1675 ἀμφοτέροις
942 1594 1114 1678 ἐλεγχθῆναι
1127 1589 1178 1657 εἶπ’
1198 1594 1287 1674 ἐμοῦ,
1315 1591 1363 1660 ῦτι

206 1696 302 1762 τεκαὶ
318 1694 338 1760 ἃ
354 1695 517 1780 γεγράφασι
540 1689 602 1756 κατ’
622 1695 712 1775 ἐμοῦ,
741 1697 843 1776 ψευδῆ
862 1691 934 1758 ὄντα
949 1691 1100 1780 τυγχάνει,
1128 1696 1178 1759 καλ
1195 1693 1242 1759 ὅτι
1256 1696 1297 1761 ἐτι
1309 1696 1361 1762 καλ

207 1805 261 1864 νῦν
275 1798 448 1879 ἐπιμένουσι
463 1823 499 1885 τη
515 1797 630 1860 ἑαυτῶν
646 1796 774 1882 προτέργι
790 1793 907 1884 πλάνη,
933 1798 985 1861 καλ
1001 1795 1083 1861 δεινά
1097 1796 1173 1861 κατά
1187 1822 1217 1862 τε
1232 1805 1292 1863 τῶν
1305 1803 1359 1863 τοῦ

206 1908 283 1967 θεοῦ
302 1902 463 1981 ἐκκλησιῶν
477 1899 527 1962 καλ
542 1894 627 1979 ἡμῶν
639 1904 698 1961 τῶν
713 1895 906 1980 προεστῶτοιν
919 1896 1018 1962 αὐτῶν
1032 1897 1248 1981 τετολμήκασιν.
1277 1896 1358 1964 ’aad

205 2009 307 2070 τοίνυν
316 1997 484 2082 άπαντῆσαι
497 1997 552 2064 οῦκ
568 1997 816 2082 ἰ’γβουλήθησαν,
839 1998 1064 2076 άποστείλαντάς
1079 2023 1134 2066 σου
1143 2002 1360 2085 πρεσβντέρους

151 2147 155 2150 -
206 2103 284 2190 πρδς
302 2101 428 2180 αύτούς,
461 2104 511 2166 καί
535 2108 627 2166 ταῦτα
649 2103 722 2183 ἐμοῦ
746 2100 880 2166 ἐνιαυτδυ
899 2104 950 2166 καλ
968 2111 1044 2187 τρεῖς
1059 2100 1147 2179 ὅλους
1166 2110 1261 2185 μῆνας
1278 2106 1361 2194 ἐντῇ

202 2206 300 2296 Ῥῶμη
322 2202 534 2286 πεποιηκότος,
565 2202 728 2287 άναγκαῖου
750 2199 918 2288 ἡγησάμην,
951 2207 1060 2287 μέλλοικ
1081 2207 1220 2270 ἐντεῦθεν
1244 2207 1361 2285 ἐξιέναι,

206 2308 358 2397 ἐγγραφάν
384 2328 431 2372 σοι
454 2303 508 2387 νῦν
528 2308 658 2386 ἐμαυτοῦ
681 2309 780 2369 πίστιν
803 2302 874 2386 μετά
898 2304 996 2388 πάσης
1012 2305 1155 2388 άληθείας
1171 2314 1209 2396 τῇ
1227 2309 1360 2390 ἐμαυτοῦ

205 2414 278 2498 χειρλ
303 2409 423 2498 γράψας
447 2410 615 2486 ἐπιδοῦναι,
646 2406 685 2489 ἣν
707 2409 838 2489 ἐμαθον,
867 2409 901 2473 ἐκ
923 2432 953 2473 τε
970 2414 1030 2473 τῶν
1046 2413 1140 2473 θείων
1162 2416 1286 2494 γραφῶν
1300 2411 1358 2476 ἐάν·

205 2513 338 2598 ῦάχθην,
370 2513 423 2576 καλ
447 2517 507 2574 τῶν
530 2517 631 2585 κακῶς
653 2505 705 2574 ύπ’
726 2509 825 2573 αὐτῶν
844 2511 1008 2594 λεγομένων
1032 2507 1203 2593 ῦπομνῆσαί
1224 2533 1273 2591 σε,
1306 2515 1359 2577 ἐστι

203 2623 282 2705 γνῷς
300 2612 346 2691 οίς
363 2613 509 2697 χρῶμενοι
525 2610 603 2695 πρὸς
624 2607 741 2693 άπάτην
762 2619 820 2677 τῶν
841 2608 1012 2678 άκουόντωυ
1030 2612 1128 2698 λόγοις
1144 2610 1198 2696 τὴν
1215 2611 1360 2695 άλήθιιαυ

202 2717 344 2804 κρύπτειν
358 2713 523 2798 βούλονται.
569 2715 649 2777 Φασλ
664 2710 719 2797 γάρ
737 2711 778 2796 μή
793 2716 870 2778 ἐδιον
884 2716 933 2778 καλ
951 2711 1095 2796 άληθινδν
1109 2713 1199 2799 λόγον
1214 2712 1289 2781 είναι
1302 2721 1360 2781 τοῦ

202 2814 444 2902 παντοκράτορος
459 2822 537 2881 θεοῦ
554 2812 606 2880 τδν
623 2813 690 2879 υίδν
709 2813 761 2879 τδν
776 2813 880 2899 κύριον
899 2813 984 2897 ἡμῶν
997 2814 1112 2898 Ἰησοῦν
1133 2815 1277 2902 Χριστδν,
1299 2813 1363 2882 αλλ’

203 2925 302 3007 ἕτερον
321 2918 415 2984 αῦτοῦ
431 2918 521 3002 λόγον
537 2915 628 2997 εἶναι,
658 2919 709 2982 καί
725 2918 825 3001 ἐτέραν
838 2922 965 2998 σοφίαν,
993 2919 1044 2983 καλ
1063 2917 1196 2999 δύναμιν.
1247 2925 1362 2986 Τοῦτον

203 3022 362 3110 γενόμενον
378 3017 429 3085 ὕπ’
443 3017 537 3085 αῦτοῦ
551 3017 727 3100 ῶνομάσθαι
738 3019 837 3105 λόγον,
861 3021 912 3084 καλ
927 3023 1052 3097 σοφίαν,
1074 3021 1124 3084 καλ
1141 3020 1285 3101 δύναμιν,
1306 3021 1361 3086 καλ

204 3124 255 3191 διά
269 3122 302 3191 τά
319 3121 414 3197 οῦτοος
430 3120 537 3197 αύτούς
552 3131 690 3207 φρονεῖν,
721 3120 809 3204 άλλην
823 3119 986 3186 ῦπόστασιν
1004 3125 1162 3187 διεστῶσαν
1179 3129 1232 3188 τοῦ
1248 3120 1363 3208 πατρῦς

96 3211 98 3214 ⁴
204 3224 281 3293 είναί
298 3246 398 3306 φασιν.
433 3223 500 3288 Ἔτι
523 3225 577 3306 μέν
598 3249 644 3288 τοι
665 3226 716 3289 καλ
739 3226 941 3309 προϋπάρχειν
962 3230 1015 3287 τοῦ
1037 3227 1107 3289 υίοῦ
1122 3223 1175 3289 τδν
1192 3227 1305 3310 πατέρα
1320 3221 1362 3291 δι’

205 3321 248 3394 ῶν
261 3325 428 3414 γράφουσιν
443 3323 673 3406 α’ποφαίνονται,
699 3328 772 3390 ικαί
788 3324 829 3407 μὴ
847 3322 922 3389 εἶναι
934 3322 1026 3390 αῦτδν
1039 3323 1159 3408 άληθῶς
1174 3325 1242 3392 υίδν
1257 3329 1289 3393 ἐκ
1304 3333 1361 3392 τοῦ

203 3437 288 3496 θεοῦ.
330 3425 415 3493 Ἀλλά
431 3427 488 3493 κάν
504 3429 636 3513 λέγουσιν
652 3429 684 3492 ἐκ
700 3434 753 3492 τοῦ
778 3434 868 3506 θεοῦ,
898 3427 993 3502 οῦτοις
1015 3429 1150 3511 λέγουσιν
1169 3426 1210 3504 ῶς
1228 3431 1305 3494 *καλ
1319 3427 1359 3495 τά

204 3533 310 3599 πάντα.
343 3529 412 3595 ”En
431 3529 490 3613 μήν
508 3532 559 3596 καλ
582 3529 628 3597 ὅτι
645 3522 684 3613 ἦν
699 3554 770 3594 ποτε
794 3528 867 3594 ιάτε
891 3528 949 3594 οῦκ
969 3521 1008 3610 ἦν
1022 3530 1116 3615 λέγειν
1136 3537 1277 3613 τολμῶσι,
1304 3533 1360 3596 καί

203 3641 310 3717 κτίσμα
329 3630 420 3697 αῦτδν
441 3634 493 3698 καλ
508 3637 622 3714 ποίημα
641 3629 732 3711 εἶναι,
764 3635 937 3713 διορίζοντες
958 3628 1049 3695 αῦτδν
1072 3630 1133 3697 άπδ
1159 3638 1214 3697 τοῦ
1235 3630 1357 3718 πατρός.

209 3736 288 3813 Τοῦς
304 3727 360 3802 οῦν
372 3743 464 3800 ταῦτα
475 3736 611 3821 λέγοντας
627 3731 795 3818 άλλοτρίους
809 3741 861 3814 τῆς
875 3740 1039 3815 καθολικῆς
1054 3734 1206 3816 ἐκκλησίας
1222 3731 1294 3801 εένειι
1307 3756 1360 3801 πε·

204 3844 367 3922 πίστευμαι.
413 3836 550 3902 Πιστεύω
566 3837 597 3902 δέ
613 3834 756 3918 ἑπόμενος
768 3843 833 3911 ταῖς
846 3840 942 3912 θείαις
958 3844 1089 3922 γραφαῖς
1104 3834 1149 3900 ὅτι
1164 3832 1206 3913 είς
1218 3833 1294 3915 θῶς
1329 3848 1343 3935 ’Ἰ

206 3938 224 4007 ύ
237 3938 345 4006 τούτου
359 3939 522 4026 μονογενὴς
539 3937 605 4014 υίῦς
618 3935 719 4023 λόγος,
746 3933 765 4004 ά
782 3934 827 4002 άελ
842 3937 1035 4024 συνυπάρχον
1049 3944 1090 4025 τῷ
1105 3939 1211 4023 πατρί,
1237 3937 1303 4005 ταδ’
1339 3931 1356 4011 ‘f

205 4041 357 4110 δτπῶπυτε
378 4041 472 4128 ἀρχὴν
494 4049 548 4107 τοῦ
568 4036 643 4105 είναι
665 4038 806 4124 ἐσχηκῶς,
838 4038 958 4123 άληθῶς
979 4043 1012 4106 ἐκ
1034 4047 1088 4106 τοῦ
1109 4047 1185 4106 θεοῦ
1204 4036 1357 4127 ύπάρηοτκ,

239 4252 396 4302 cn.11.-
432 4248 453 4300 1.
471 4251 536 4299 τινα
555 4253 626 4312 vulno
646 4241 761 4312 ἀπαιτή-
828 4245 852 4296 3.
870 4245 915 4298 και
935 4249 1094 4309 ρααιαιιαη,
1120 4261 1181 4310 qum
1200 4251 1271 4312 υοιςο
1292 4251 1359 4302 τινα

205 4335 299 4378 σαντες.
335 4319 403 4379 θυοδ
419 4321 503 4367 vitium
521 4319 647 4367 Goman'm
662 4319 762 4381 (ίιιυιτ-
795 4328 812 4363 ο
827 4316 908 4374 libris,
935 4317 1068 4376 αοιοιφωοι
1088 4317 1179 4377 syllaba
1194 4317 1235 4369 τῖε
1250 4319 1358 4369 vocabu&

201 4391 265 4439 ειοιιι
281 4388 369 4449 latina)
384 4389 406 4434 ιι
423 4387 532 4434 Petamus
547 4387 694 4434 ιυααίττνιιε
791 4383 1259 4443 ρτοιαδιπιῖτ,σιοοιιιόαιατοττνοοονί
1277 4386 1357 4437 Etim

236 4455 260 4506 2
278 4449 455 4520 ηκολούσηοαν
472 4454 522 4504 τοο.
539 4454 636 4514 σίκαις.
