3096 5070
382 302 1044 360 ruuusunm.ru.ron.r.rsaen.uxxru.
1233 287 1293 354 tat

134 427 279 492 alienosu
295 426 412 506 nobis,
432 427 483 491 sed
502 445 661 511 germanos
683 444 750 490 esse
767 442 994 509 cognoscamus.
1037 418 1143 486 Potest
1163 420 1240 486 enim
1264 428 1294 485 et

134 551 186 595 aes
200 549 293 609 suro,
322 539 353 593 et
369 539 493 614 argento
511 538 666 604 succum,
699 536 730 589 et
746 528 826 590 ferro
843 524 989 611 plumbum
1014 523 1118 587 similis
1139 544 1206 588 esse
1223 523 1293 588 snb·

134 631 272 697 stantiae.
319 628 379 696 Sed
402 652 457 695 nos
473 641 574 694 vestra
598 629 647 692 illu
672 648 824 715 perperam
846 626 1015 710 excogitata
1043 646 1078 688 ao
1095 624 1295 689 fraudulenter

136 734 263 799 conficta
291 744 457 798 commenta
483 752 542 796 unu
571 730 684 794 fallent.
736 728 815 794 Num
842 731 889 808 si,
921 739 953 815 ut
975 729 1004 791 in
1026 748 1158 792 errorem
1180 727 1294 813 aliquos

132 836 308 923 impellatis,
332 837 437 900 inanes
453 833 568 919 species
585 827 859 917 commentitiaeque
875 830 1032 916 quaeritis,
1057 840 1088 894 et
1102 829 1295 894 consubstan-

134 939 232 1003 tialem
256 943 412 1023 propterea
431 933 532 999 vocari
555 957 614 1000 non
631 945 770 1020 oportere
787 932 960 1011 defenditis,
991 953 1028 997 ue
1051 931 1142 996 filium
1162 953 1226 996 oum
1244 953 1295 1017 pa·

135 1053 200 1119 tre,
223 1050 254 1104 et
268 1041 400 1125 spiritum
418 1049 550 1103 sanctum
566 1060 631 1102 cum
651 1047 774 1121 utroque
791 1036 1022 1115 confundamus,
1055 1056 1092 1100 ne
1108 1034 1163 1099 buc
1178 1033 1295 1119 quidem

133 1143 164 1207 iu
186 1152 270 1227 parte
292 1151 415 1225 possunt
431 1140 579 1205 mendacia
597 1151 698 1205 restra
719 1140 896 1203 consistere.
940 1136 1011 1203 Non
1030 1138 1106 1202 onim
1122 1126 1210 1200 simul
1228 1139 1296 1200 rub·

133 1247 306 1318 smutrhfem,
332 1244 384 1306 sed
400 1245 664 1306 eomnbetcatrbferr
680 1240 815 1321 dicimus,
840 1262 876 1306 ne
892 1241 999 1326 aliquid
1017 1241 1165 1304 diversum
1182 1250 1296 1326 epatre

135 1347 344 1431 profiteamur,
378 1345 432 1409 sed
456 1346 540 1408 deum
557 1364 598 1410 ex
614 1346 669 1410 deo
687 1365 759 1408 vere
776 1344 924 1428 genitum,
947 1365 1005 1408 nou
1024 1343 1160 1422 aliunde,
1184 1363 1240 1406 nec
1256 1362 1296 1406 ex

136 1448 244 1526 nihilo,
275 1449 326 1512 sed
348 1458 467 1533 epatre
491 1447 558 1511 sine
585 1456 717 1532 tempore
741 1458 771 1510 et
793 1447 877 1511 initio
900 1457 930 1510 et
949 1445 1147 1531 inexplicabili
1171 1446 1295 1528 quadan

136 1551 251 1614 ratione
277 1550 447 1635 productum
472 1569 507 1613 ae
530 1548 681 1634 geuitnm3
712 1550 760 1633 qni
785 1569 903 1635 semper
919 1570 984 1613 cunr
1001 1559 1085 1633 patre
1103 1548 1210 1626 fuerit,
1241 1567 1297 1613 neo

136 1673 203 1719 esse
227 1654 401 1738 quaudoque
424 1651 551 1715 desinat.
598 1649 737 1716 Genitum
757 1672 863 1736 porro,
895 1672 953 1714 non
969 1670 1141 1736 germanum
1162 1652 1295 1728 fratrem,

136 1776 194 1819 nou
216 1777 315 1820 avum.
361 1752 438 1819 Nam
463 1754 536 1818 baec
559 1753 718 1840 particula,
743 1758 818 1827 Con,
844 1753 1019 1839 hypostases
1038 1755 1128 1831 duas,
1153 1773 1208 1816 nec
1224 1753 1297 1818 alie·

135 1877 188 1921 nas
213 1869 318 1921 natura
340 1857 500 1940 significat.
546 1853 631 1922 Unde
655 1856 837 1920 eternitatis
860 1856 939 1919 velut
961 1876 1058 1922 nexus
1081 1877 1115 1919 ao
1133 1855 1295 1934 uinculum,

136 1980 194 2022 non
211 1960 276 2022 sine
293 1960 388 2023 sancti
409 1959 530 2043 spiritns
544 1959 658 2037 afflatu,
690 1978 743 2043 per
765 1959 879 2022 illorum
903 1978 955 2021 ora
983 1959 1031 2042 qni
1049 1958 1134 2044 primi
1157 1968 1296 2022 auctores

137 2063 257 2125 fuerunt
270 2070 317 2125 est
331 2061 360 2123 in
377 2081 412 2124 ea
427 2080 500 2124 noce
517 2061 719 2125 coristitntunr.
764 2058 858 2125 Vides
875 2060 963 2143 igitur
978 2062 1088 2125 nullum
1104 2062 1161 2124 ianr
1178 2059 1229 2124 tibi
1245 2081 1296 2124 co·

136 2165 229 2227 loreru
245 2172 296 2226 ant
310 2163 440 2248 speeiem
457 2182 524 2226 esse
540 2162 698 2246 reliquam,
723 2183 818 2248 neque
837 2164 980 2227 adversus
992 2161 1192 2227 orthodoxam
1209 2162 1296 2227 fidem

136 2266 242 2330 merito
267 2285 354 2349 posse
370 2266 570 2342 contendere,
599 2265 648 2329 rel
673 2286 725 2329 eos
742 2265 914 2351 perturbare
940 2264 988 2348 qui
1006 2265 1110 2328 falsum
1129 2265 1197 2329 illud
1215 2276 1295 2330 tunm

136 2388 153 2431 a
181 2377 209 2429 te
240 2368 391 2432 decretum
414 2388 449 2431 ac
478 2387 645 2430 sermonem
675 2368 860 2453 acceperint,
895 2368 920 2431 si
950 2368 1016 2452 quis
1045 2367 1297 2433 consubstantiale

136 2489 278 2554 usurpare
296 2469 378 2549 velit,
403 2469 607 2533 confusionem
622 2471 765 2553 quandam
782 2470 812 2533 iu
831 2469 983 2534 diuinitate
1003 2469 1152 2534 contineri.
1189 2468 1296 2556 Neque

135 2571 213 2636 euim
231 2571 356 2657 amplius
373 2570 448 2634 istud
470 2570 599 2635 obiicere
619 2581 714 2658 potes.
760 2568 875 2658 Quippe
894 2575 1149 2636 Consubstuutrhb'r
1171 2572 1219 2636 illa
1235 2594 1298 2638 vox

137 2676 210 2738 duos
233 2675 376 2758 quosdam
400 2674 568 2757 siguificat,
599 2674 759 2758 eademque
786 2676 861 2739 baud
884 2674 1008 2739 alienam
1027 2697 1044 2739 a
1063 2686 1144 2760 patre
1165 2674 1297 2738 sobolem
1321 2682 1323 2688 “

137 2796 205 2838 esse
222 2777 415 2840 demonstrat.
460 2774 509 2840 Tu
529 2796 602 2839 vero
624 2780 839 2853 homoeonchu,
872 2778 928 2842 hoc
949 2789 996 2842 est
1017 2781 1175 2842 redamatus
1192 2781 1295 2852 semele,

137 2889 339 2956 commentus,
369 2879 494 2964 primum
512 2879 574 2964 ipso
596 2883 693 2954 θεῖαι,
726 2879 781 2943 boc
799 2891 846 2944 est
860 2882 1052 2956 sndstcutrite,
1085 2879 1228 2945 vocabulo
1251 2900 1298 2944 re·

138 2979 266 3059 felleris,
296 2981 402 3045 deiude
426 2991 476 3045 tua
493 2992 522 3044 te
538 2981 587 3044 illa
603 2982 792 3066 discrepans,
825 3003 880 3045 nec
902 2993 1120 3061 consentanea,
1152 2983 1298 3069 professio

137 3082 330 3160 condemnat,
363 3104 429 3147 cnut
446 3104 506 3147 non
530 3105 566 3149 ea
586 3085 666 3147 dicus
684 3104 758 3169 qnae
774 3085 904 3163 sentias,
937 3087 990 3150 sed
1006 3106 1082 3170 quae
1099 3086 1193 3151 sentis
1210 3087 1297 3167 falso,

137 3206 173 3250 sc
187 3184 369 3249 mendaciter
386 3186 505 3250 doceas.
551 3183 670 3250 Etenim
694 3186 720 3251 si
744 3186 780 3249 ab
802 3187 866 3273 ipso
882 3198 966 3272 patre
984 3210 1042 3253 non
1063 3199 1110 3255 est
1127 3189 1247 3261 omnino
1262 3190 1298 3253 li-

136 3287 210 3363 lius,
246 3287 298 3349 sed
326 3286 514 3352 nibilominus
543 3288 648 3354 similis
679 3299 745 3368 est,
781 3292 947 3355 averitate
978 3291 1132 3377 plurimum
1160 3293 1295 3358 aberras.

136 3387 214 3452 Nam
241 3410 422 3474 quacumque
439 3392 554 3454 denium
569 3412 610 3456 ex
630 3391 752 3456 materia
771 3393 892 3477 quilibet
916 3414 1090 3479 expressum
1114 3394 1238 3459 alicuius
1257 3397 1297 3460 si·

136 3491 298 3555 mulacrum
319 3513 428 3556 ornare
443 3493 588 3573 voluerit,
620 3516 767 3578 nunqnam
784 3495 855 3559 illud
868 3517 934 3559 cum
950 3497 1113 3582 exemplari
1131 3499 1196 3584 ipso
1211 3498 1298 3563 adae-

137 3613 227 3675 quare
260 3594 378 3676 poterit.
432 3592 488 3657 Est
508 3595 586 3659 euius
614 3607 780 3661 structurae
805 3609 893 3683 atquc
921 3599 1087 3667 effectionis
1108 3622 1183 3686 opus
1214 3601 1297 3664 illud.

138 3693 224 3777 Quod
248 3705 344 3758 antem
370 3695 407 3758 ab
426 3696 522 3779 aliquo
543 3696 693 3781 gignitur,
723 3699 846 3785 idipsum
870 3700 906 3764 atl
933 3701 961 3764 id
992 3703 1069 3766 nude
1083 3705 1213 3789 gignitur
1230 3725 1298 3789 get·-

137 3795 286 3860 manitatis
311 3817 383 3861 snae
406 3798 530 3861 similem
549 3808 579 3861 et
601 3801 752 3883 aequalem
780 3805 901 3866 formam
925 3804 1044 3868 retinet.
1098 3803 1297 3888 Quamobrem

135 3900 160 3964 si
184 3900 301 3984 abipso
329 3909 412 3984 patre
429 3920 489 3963 nou
506 3910 551 3963 est
566 3901 702 3984 genitus,
736 3914 766 3965 et
780 3915 865 3967 extra
883 3906 975 3990 ipsum
994 3918 1056 3987 est,
1079 3907 1149 3970 licet
1164 3908 1299 3972 similitu·

137 4004 234 4067 dinem
258 4003 401 4086 quandam
423 4002 625 4080 substantiae,
657 4003 738 4066 velut
756 4007 966 4089 gratificando,
1002 4008 1130 4086 tribuas,
1155 4010 1225 4074 nihil
1244 4012 1298 4097 ipsi

136 4105 265 4190 largiris,
294 4106 346 4168 sed
365 4104 401 4169 ab
423 4105 487 4168 eins
510 4104 648 4169 excidisti
673 4107 780 4189 gretia
828 4111 885 4186 (fni
901 4115 973 4171 curin
995 4133 1050 4172 non
1069 4114 1299 4195 bonorntfifr'nnr
1312 4126 1453 4184 tersum

135 4212 211 4269 mbnt
225 4211 350 4270 honorat
361 4220 488 4289 pubem,
520 4213 565 4271 tia
580 4212 629 4271 def
641 4221 736 4271 manet
747 4214 777 4272 in
794 4214 900 4291 sponsu,
932 4211 971 4275 eit
989 4222 1109 4275 sauctus
1128 4217 1298 4299 aposlolus:

136 4307 223 4388 item,
247 4314 339 4373 Erebi
355 4323 485 4392 cpctre,
508 4323 537 4374 et
551 4316 640 4387 nodo,
671 4312 719 4376 ille
742 4313 805 4395 ipsc
827 4312 962 4377 nimirum
987 4315 1035 4399 qni
1059 4314 1153 4396 dixit,
1183 4323 1248 4399 Ego
1269 4325 1299 4384 air
1338 4307 1417 4403 ’,Ἥ

132 4423 217 4492 putre
236 4425 266 4474 et
280 4426 367 4495 puter
393 4419 422 4476 in
444 4437 504 4489 me,·
538 4424 596 4479 tun
622 4415 708 4482 illud:
738 4419 881 4498 Philipps,
914 4422 967 4499 an'
984 4422 1059 4481 orifet
1079 4441 1138 4496 me,
1171 4425 1245 4483 nudet
1265 4434 1295 4484 et
1334 4391 1415 4517 {3:⁸2

131 4524 253 4594 pam·
1334 4511 1412 4558 lesan.

1332 4562 1367 4619 1⁴·
1380 4563 1414 4619 ΙΙ,
