3096 5070
275 262 338 329 m
696 279 821 332 ιιιισει
838 281 1008 332 εειειιιιιιι
1064 290 1066 295 2

275 394 386 471 δόσεως
410 392 547 460 Ηαότόν
567 399 675 485 νομίση
701 395 897 482 δημιουργόν,
927 398 979 461 ιιαί
996 399 1107 487 ἐκπίση
1123 405 1176 481 τῆς
1194 398 1345 480 ἀληθείας.
1390 401 1437 464 m

275 494 332 583 γόρ
347 499 396 562 ιιαί
412 496 554 577 ἐφύτευσε
572 504 643 562 Nae
661 497 801 580 ἄμπελον,
823 497 862 563 οὔ
878 500 1036 583 γίγραπται
1054 498 1102 564 δἐι
1117 492 1156 582 ἦν
1172 497 1352 584 φυτουργός,
1373 497 1435 567 ἀλλ’

138 623 191 672 εει·
203 613 249 659 ⁸¹²·
276 601 389 684 ἐγίνετο
404 596 481 684 α’νήρ
495 598 631 685 γεωργός.
652 599 777 685 Ἕτερος
792 600 848 685 γόρ
863 604 941 666 ἐστιν
957 598 975 666 ό
989 599 1025 666 τό
1042 598 1206 667 αόθεντιιιό
1223 605 1358 686 παρέγων
1370 613 1436 682 τοῖς

275 703 441 783 δεομένοις,
472 704 570 786 ἐτερος
587 706 620 768 δέ
638 706 716 768 ἐστιν
733 701 751 769 ό
770 703 804 769 τό
824 701 899 769 εἶναι
921 701 989 788 παρ’
1006 702 1100 769 αὐτοῦ
1124 702 1255 785 εἰληφός
1271 701 1437 790 ἅνθρωπος

274 806 325 869 ιεαλ
341 803 396 887 τήν
415 807 528 871 ἐκείνου
544 811 688 891 γεωργίαν
703 807 950 888 πεπιστευμένος,
963 860 970 881 ,
981 810 1031 872 ἵνα
1048 804 1133 888 όμέν
1147 813 1263 896 γεωργῇ
1281 804 1318 870 τό
1334 808 1436 874 ἐπιδό·

275 928 349 982 σεως
363 909 405 984 είς
417 912 561 973 τελείωσιν
577 907 761 991 ἐπιδεόμενα,
784 905 802 974 ό
815 910 848 974 δέ
864 907 918 990 τήν
934 909 1097 991 τελειότητα
1112 910 1235 992 παρέχοι
1248 907 1300 974 διό
1312 916 1365 991 τῆς
1378 906 1449 975 αό-’

276 1017 330 1074 τοῦ
350 1009 511 1085 ἐπιδόσεως
526 1018 586 1076 τόν
605 1007 656 1075 ὑπ’
672 1011 767 1077 αὐτοῦ
787 1014 961 1093 ἐτεισμένων
983 1014 1035 1077 ιιαλ
1055 1011 1259 1086 Ηέπιδόσεως
1275 1013 1316 1087 είς
1329 1011 1436 1079 τείειό·

275 1137 347 1194 τητα
360 1112 576 1195 αὐξανομένων.
610 1113 699 1179 Οὕτω
712 1116 762 1179 ιιαί
777 1117 825 1179 ἐπὶ
840 1121 900 1179 τοῖν
914 1113 997 1192 ζόαν
1011 1117 1062 1179 ιιαλ
1075 1116 1125 1180 ἐπί
1138 1121 1197 1178 τοῖν
1210 1120 1367 1179 πετεινῶν·
1382 1113 1435 1180 οὔ·

275 1238 316 1281 τι
333 1217 385 1280 ιιαί
400 1217 450 1282 ἐπί
467 1222 526 1280 τῶν
543 1222 659 1296 πτηνῶν
675 1218 726 1281 καί
737 1217 865 1300 ἑρπετῶν
881 1218 930 1280 καί
949 1218 1080 1282 ἐναλίων.
1127 1213 1232 1281 Πόντα
1250 1218 1282 1282 ἐν
1297 1214 1372 1304 όρχῇ
1389 1217 1433 1282 τό·

275 1325 338 1383 λεια
355 1319 455 1402 γέγονε
471 1315 522 1383 διό
535 1325 591 1384 τοῦ
606 1316 831 1401 προςτόξαυεος.
876 1317 1021 1399 Βουλήσει
1034 1319 1066 1383 δέ
1081 1323 1190 1398 σοφίας
1205 1316 1436 1396 νῦυέπιδόσιως

276 1423 383 1500 δεῖται,
405 1419 454 1486 διό
468 1418 523 1503 τήν
539 1426 594 1485 τοῦ
611 1422 661 1486 ἐπί
678 1428 733 1506 γῆς
748 1419 940 1499 δεσπόζοντος
954 1419 1122 1506 αἰνθρόπου
1141 1417 1204 1486 κατ’
1220 1422 1338 1487 ἐννοιαν
1354 1418 1435 1502 όφό·

275 1530 370 1603 λειαν,
402 1525 444 1600 είς
457 1521 491 1589 τό
502 1522 705 1609 ἐπιγινόσιιειν
720 1520 773 1588 τόν
787 1520 887 1588 ίπόνω
903 1520 1024 1589 πόντων
1038 1521 1128 1602 θεόν,
1158 1521 1212 1588 τόν
1226 1522 1353 1609 χορηγόν
1373 1530 1435 1590 τείν

276 1633 482 1707 σπερματικῶν
496 1628 545 1690 καί
562 1632 615 1706 τῆς
631 1624 792 1701 ἐπιδόσεως
815 1631 874 1690 τῶν
886 1622 1040 1708 αὖξήσεων
1066 1623 1138 1690 όυεα
1152 1622 1227 1691 θεόν
1248 1628 1300 1691 καί
1320 1624 1434 1707 νόριον.

277 1727 392 1814 Διόπερ
410 1727 446 1793 τό
463 1729 516 1810 μίν
531 1725 594 1793 κατ’
611 1725 743 1812 οὐρανόν
755 1729 807 1793 ιιαλ
823 1725 861 1792 οό
877 1726 927 1792 διό
951 1735 1056 1812 χειρῶν
1071 1725 1241 1812 όνθροίπου
1255 1728 1434 1813 σπειρόμενα

274 1827 362 1910 όνεα,
392 1833 440 1896 καί
458 1831 495 1897 οό
514 1830 747 1917 γεννῶνεαούδέ
765 1830 949 1916 γεννσίμενα,
983 1827 1109 1896 ελασενό
1126 1828 1200 1906 θεός
1214 1832 1248 1896 ἐν
1268 1831 1433 1914 τελειότητι

278 1930 325 1998 Οό
338 1933 394 2020 γόρ
410 1936 586 2017 ἐνίσιιηπτον
599 1939 636 2022 τῇ
648 1935 836 2020 διανοίςᾳοῦ
851 1932 1021 2016 αἰνθροόπου
1036 1936 1077 2009 είς
1093 1930 1255 2015 ἐπιβουλήν
1267 1936 1319 1999 ειαί
1333 1940 1431 2015 τῦφον

276 2040 455 2115 κενοδοξίας,
477 2033 519 2113 σός
532 2033 602 2102 olov-
614 2037 664 2100 ἐπί
679 2031 766 2117 ήλίου
779 2037 881 2115 εἰπεῖν,
903 2037 955 2100 ιιαλ
970 2034 1101 2118 σελήνης,
1123 2037 1174 2100 καὶ
1187 2032 1311 2120 όσερων.
1357 2034 1433 2103 Οὔτε

276 2136 332 2225 γόρ
349 2136 400 2204 διδ
413 2136 447 2204 τό
464 2145 624 2224 γεννᾶσθαι
640 2135 696 2221 τήν
712 2136 850 2220 σελήνην,
879 2136 1054 2220 ήφθίυειν,
1077 2137 1097 2220 ἢ
1117 2136 1233 2216 αὔξειν,
1265 2136 1431 2205 όλλοισῦεαι

276 2239 329 2307 τόν
346 2239 472 2323 τρόπον,
499 2240 616 2306 1ἐιίλλό
631 2238 680 2305 διό
695 2238 729 2305 τό
746 2247 859 2325 ιιαιρῶν
873 2237 947 2306 εἶναι
965 2241 1104 2306 σόστασιν
1118 2242 1168 2305 ιεαλ
1184 2244 1371 2327 ίειιχυρηγίον
1384 2232 1428 2304 όν

275 2341 349 2420 θεός
362 2352 426 2420 τοῖς
446 2350 599 2427 φωστῆρσι
617 2340 779 2420 διετάξατο.
825 2349 899 2418 Πῶς
918 2335 973 2408 οὖν
988 2342 1025 2407 τό
1042 2342 1195 2425 σωματιιιό
1209 2341 1297 2422 θεός,
1323 2343 1375 2407 ιιαλ
1390 2338 1426 2404 τό

275 2451 425 2527 φθίνοντα
446 2448 496 2512 καί
517 2444 555 2509 τό
574 2443 743 2526 φθινόμενα
765 2444 897 2528 θελήσας
918 2444 1014 2521 εόθός
1033 2447 1126 2511 τέλεια
1146 2445 1312 2532 είργόσαεσ,
1342 2441 1379 2508 δν
1396 2442 1429 2508 δέ

275 2550 306 2628 ἐξ
323 2547 459 2614 naahas,
476 2550 648 2634 ἐγέννησεν,
678 2549 731 2612 ἵνα
745 2549 775 2625 ἐξ
794 2545 859 2623 ἐνός
873 2547 926 2613 τόν
940 2546 1013 2613 όντα
1029 2546 1075 2612 dei
1089 2554 1266 2634 γεννητετὸς
1285 2541 1368 2630 πυρόε
1389 2551 1431 2633 ερῖ

274 2648 339 2718 όνει
351 2650 511 2727 ἐπιδόσεως
536 2652 638 2735 ἐγέννα
654 2648 860 2730 ἐπιδεόμενους
905 2651 1050 2715 Πέπαυσο
1068 2643 1137 2729 οὖν,
1170 2644 1312 2728 duim,
1343 2645 1433 2722 ιιενός

275 2751 348 2838 ήμῖν
366 2756 418 2819 παλ
437 2749 665 2837 Ἀριστοτελιιιός
686 2754 777 2830 λίξεις
800 2754 915 2837 φίρων,
944 2749 1074 2836 όρειετῶς
1101 2752 1228 2836 ἐχόντων
1250 2748 1353 2835 ήμοῖν,
1380 2751 1434 2816 παλ

274 2854 316 2940 μή
331 2855 534 2936 ἆποτωμίνων
554 2852 651 2937 Ητήν
673 2862 728 2920 τοῦ
743 2860 851 2938 πυρίου
869 2851 955 2937 ήμῶν
971 2852 1120 2937 ἀληθινήν
1139 2857 1344 2933 διδασκαλίαν,
1377 2848 1435 2934 τήν

273 2960 417 3043 ίίγουσαν
431 2955 480 3036 τό,
500 2955 551 3022 Ἐκ
567 2963 621 3022 τοῦ
637 2955 750 3041 πατρός
758 2955 819 3042 ἐγοό
835 2960 976 3039 ἐξῆλθον,
998 2961 1050 3022 καί
1064 2957 1146 3040 ήκω,
1167 2959 1219 3023 οιαὶ
1236 2953 1275 3022 οό
1291 2980 1435 3038 παταγρη·

274 3067 381 3135 σειιιιδς
400 3058 523 3141 ἐγοόσης
540 3067 593 3142 τῆς
612 3061 716 3137 λέξεως
734 3057 789 3140 τήν
810 3058 953 3142 δόναμφ,
983 3058 1056 3124 όλλό
1080 3058 1255 3142 τελειότητος
1277 3060 1331 3124 ιιαί
1347 3053 1436 3135 όξίας

276 3168 354 3228 θεοῦ
376 3161 577 3246 σημαινούσης
598 3161 654 3244 τήν
674 3159 786 3229 σόσίαν.

360 3622 474 3689 Ἀετίου
494 3620 599 3704 πεφόλ.
618 3623 644 3688 ι’.
673 3623 717 3687 Εἰ
729 3623 838 3686 τίλειον
857 3613 896 3704 ἦν
920 3619 975 3686 1τό
995 3623 1135 3706 γέυνημα,
1158 3623 1189 3686 ἐν
1206 3616 1355 3708 όγεννήτρο
1372 3618 1435 3705 γέν-
1514 3610 1522 3625 ’

276 3726 358 3812 νημό
377 3729 451 3805 ἐστι,
474 3728 524 3790 εισιί
542 3723 598 3791 σόει
617 3728 647 3802 ἐξ
664 3716 707 3789 οἷν
723 3721 741 3789 ό
756 3723 914 3809 όγὲνυητος
929 3721 1002 3788 αὐτό
1022 3725 1162 3808 ἐγέννησε.
1210 3719 1358 3804 Γεννητήν
1381 3717 1436 3808 γόρ

277 3830 371 3913 φύσιν
393 3831 425 3894 ἐν
445 3825 592 3918 όγεννήτρε
613 3825 699 3915 οόσίμ
717 3825 773 3891 οόκ
790 3828 930 3910 ἐνδέχεται
947 3822 1031 3890 εἶναι.
1081 3825 1120 3892 Τό
1144 3823 1200 3912 γόρ
1220 3822 1292 3890 αόεό
1316 3819 1392 3888 είναί
1406 3823 1437 3886 τί

277 3938 335 4000 ἐστι
357 3934 408 3998 ιιαλ
424 3928 465 4013 μή
483 3925 566 3995 εἶναι.
610 3931 748 4012 Γένυημα
769 3925 824 4014 γόρ
849 3925 1011 4014 α’γέννητον
1032 3925 1086 3994 οόιε
1103 3931 1178 4008 ἐστι,
1207 3930 1259 3994 καὶ
1279 3924 1437 4013 όγέννητον

154 4063 207 4110 ρας.
219 4051 265 4098 εει.
279 4034 314 4102 δν
330 4037 459 4123 γέννημα
474 4029 530 4098 σόει
547 4024 602 4116 ήν,
624 4038 679 4098 τοῦ
692 4030 837 4113 ἀνομοίου
854 4031 962 4115 μέρους
978 4033 1027 4096 ἐπί
1043 4037 1120 4096 θεοῦ
1137 4035 1328 4115 βλασφημίας
1342 4027 1438 4094 τόπον

278 4139 328 4204 ειαί
350 4137 438 4221 ὕβριν
460 4136 621 4218 ἐπέχοντος.

316 4259 354 4311 12.
372 4253 448 4311 αότδι
465 4260 533 4309 codd.
550 4274 605 4309 εειιι.
624 4263 644 4307 ιε
662 4259 715 4307 εδει.
731 4257 806 4317 prino.
912 4249 950 4304 14.
967 4254 1012 4303 sed
1029 4272 1060 4305 eo
1077 4255 1144 4324 quod
1161 4265 1301 4322 temporum
1318 4265 1357 4305 ειε
1375 4273 1439 4306 con-

316 4328 353 4378 13.
372 4323 521 4390 ἐπιδόσεως,
535 4329 656 4390 quodum
668 4327 782 4377 είιεείειεε
800 4337 844 4372 ειει-
876 4320 974 4371 ιείειιεὶο
992 4334 1018 4372 et
1032 4324 1217 4390 ειιρμεδὶίοιίο,
1241 4335 1305 4391 quae
1325 4334 1440 4388 tempora

278 4399 338 4449 οίιιίι
350 4399 439 4446 εεοίσυίλ
447 4399 568 4454 Patavina,
582 4400 624 4444 ειιί
637 4394 760 4444 delendum
774 4393 845 4451 μίιειεε
877 4388 938 4437 deus
953 4390 1112 4441 luminaribus
1122 4391 1264 4450 adornavit,
1286 4394 1343 4444 λοσε
1358 4395 1440 4457 mu,

279 4470 320 4512 οιιι
331 4458 461 4518 ἐπιδόσισι
475 4459 655 4528 (νείίπιδόσει)
670 4460 845 4512 τεεσείίεειιδυειε
877 4472 938 4520 ηυοε
960 4461 1052 4511 Ρειουίί
1077 4463 1151 4511 versio
1172 4463 1243 4521 μίοιεε
1260 4464 1377 4524 ιεεςίιαιί,
1402 4463 1440 4511 ίιε-

279 4537 320 4585 ειί.
876 4531 1012 4592 λιηεεείοίυι
1029 4533 1063 4577 est
1081 4532 1216 4580 θυειεοειιιε.
