3096 5070
421 288 558 342 rausum
576 286 640 340 cru.
654 287 697 340 nu.
715 288 798 341 rom.
810 289 842 338 n.
860 286 960 338 naun.
971 287 1104 340 uxxvrr.
1283 274 1346 341 det

191 407 336 472 buuruuae
354 417 477 473 naturae
496 407 695 472 conditionem
712 410 913 490 extingueret.
958 402 1043 471 Unde
1060 417 1090 468 et
1105 407 1141 470 ad
1157 407 1241 471 ficum
1259 408 1345 472 arbo·
1380 435 1466 481 Man

188 526 251 574 ram
274 510 395 590 esuriit,
427 523 457 575 et
479 532 581 575 verum
608 511 698 574 lutum
725 511 805 573 iecit.
851 509 898 572 Ad
924 510 1046 572 eandem
1072 529 1144 572 raro
1165 510 1243 573 illam
1262 490 1498 595 licumssssssh

190 630 255 677 eam
272 615 411 678 uouucllu
430 614 572 692 dixisset,
597 632 649 690 ea,
675 611 866 688 addixerat,
898 610 1079 674 acciderunt.
1128 609 1200 674 ltcm
1216 612 1245 674 in
1263 613 1346 675 naui·
1358 626 1485 682 boemat-

188 717 238 802 gio
263 736 329 780 cum
352 727 472 780 ventum
497 716 698 798 increpasset,
731 713 776 775 bic
801 713 898 776 subito
924 712 1021 775 desiit.
1069 711 1147 776 Tum
1167 734 1240 777 veru
1259 724 1346 799 sputo
1364 726 1474 771 imma.

189 838 244 884 sun
258 841 293 883 ac
316 821 396 894 luto,
431 828 542 881 etcum
559 816 721 879 divinitatis
741 834 813 880 suae
833 833 989 892 sermone,
1014 824 1073 877 tum
1094 814 1237 895 bominis,
1262 839 1346 901 quem

189 931 407 1007 assumpserat,
440 929 543 1004 sputu,
578 918 658 996 luto,
689 918 825 1002 inquam,
856 917 933 980 sieut
963 917 1077 980 Adamo
1107 920 1272 1001 quondam,
1307 919 1345 982 itu

189 1040 280 1087 caeco
304 1021 345 1085 illi
362 1021 438 1105 quod
462 1022 499 1083 ad
515 1020 712 1104 integritatem
737 1022 838 1082 deerat
860 1018 1020 1083 membrum
1048 1020 1132 1084 linxit
1155 1042 1189 1085 ac
1209 1020 1344 1086 reddidit.

191 1123 225 1190 Si
242 1125 358 1208 quidem
376 1123 406 1185 in
423 1143 458 1184 eo
477 1132 563 1186 eraut
579 1121 676 1186 omnia
693 1123 841 1207 perlecta,
865 1121 941 1184 adeo
958 1131 991 1185 ut
1006 1121 1035 1184 in
1055 1143 1145 1186 carue
1163 1133 1346 1207 paterentur,

189 1225 387 1292 indivinitate
403 1245 475 1288 uero
493 1224 552 1310 pati
570 1224 640 1288 nibil
656 1234 793 1308 possent,
826 1225 920 1287 donec
940 1245 957 1286 a
976 1224 1100 1289 mortuis
1118 1226 1265 1290 excitatus
1287 1236 1344 1307 est,
1360 1241 1486 1299 noman

191 1327 261 1392 nibil
284 1328 407 1413 amplius
429 1329 548 1391 omniuo
571 1329 703 1413 patiens,
728 1347 823 1411 nequo
846 1327 975 1390 moriens
998 1327 1128 1392 omuino.

276 1426 407 1513 Quodsi
430 1431 578 1508 nonnulli,
611 1451 665 1514 pro
689 1450 725 1492 eo
744 1431 820 1514 quod
838 1450 854 1493 e
871 1431 948 1495 virili
971 1442 1036 1495 sato
1059 1451 1165 1516 corpus
1185 1452 1243 1494 nou
1260 1451 1342 1496 acce·
1395 1452 1456 1522 cap.

190 1531 283 1618 perit,
308 1531 417 1597 diversi
434 1532 584 1597 cuiusdam
601 1552 669 1596 esse
683 1533 804 1616 generis
820 1533 1017 1613 arbitrentur,
1042 1545 1163 1597 nonest
1182 1536 1257 1620 quod
1278 1557 1346 1620 pro·
1385 1520 1460 1572 ΧῙΧ·

189 1645 291 1721 pterea
307 1637 399 1699 nostri
414 1636 547 1722 corporis
562 1655 629 1698 esse
643 1634 785 1699 dissimile
798 1646 912 1719 putent.
957 1634 1117 1720 Postquam
1130 1636 1208 1700 euim
1221 1659 1237 1702 e
1248 1635 1347 1703 Maria

190 1748 290 1802 uatum
314 1759 381 1803 csse
400 1750 486 1802 extra
505 1738 716 1802 dubitationem
733 1758 849 1800 omnem
865 1747 926 1817 est,
961 1749 1093 1802 nostrum
1114 1739 1206 1803 luisse
1224 1762 1347 1806 necesse

190 1851 254 1919 est,
285 1837 383 1904 Maria
403 1840 506 1926 quippe
526 1861 583 1903 nou
602 1838 723 1903 alterius
737 1861 822 1923 quam
838 1841 922 1903 cuius
937 1861 1061 1926 corpora
1078 1853 1179 1906 nostra
1194 1854 1262 1907 scut
1277 1865 1347 1908 cou-

191 1941 310 2005 ditiunis
324 1944 433 2006 extitit.
478 1940 555 2005 Naur
569 1952 599 2004 et
616 1942 746 2006 Adamas
760 1960 778 2005 a
793 1940 858 2005 viro
872 1943 988 2027 genitus
1006 1964 1065 2006 uon
1081 1943 1145 2022 tuit,
1165 1945 1216 2007 scd
1232 1967 1248 2009 c
1265 1956 1345 2010 terra
1373 1946 1466 1994 (Μ

192 2045 353 2124 formatus,
385 2064 440 2108 nec
466 2044 532 2108 ideo
557 2044 689 2127 sequitur
712 2045 788 2129 quod
812 2065 870 2106 non
890 2065 906 2108 e
924 2045 1002 2108 virili
1018 2055 1104 2124 satu,
1136 2045 1187 2110 sed
1207 2049 1242 2110 de
1269 2058 1349 2114 terra

190 2148 345 2233 prodierit,
369 2149 515 2210 diversam
534 2148 677 2231 quandum
694 2166 712 2210 a
727 2147 837 2211 nostris
855 2149 1027 2233 corporibus
1043 2161 1177 2212 naturam
1196 2170 1263 2214 esse
1282 2173 1347 2215 sor·

191 2249 286 2313 titum.
333 2246 452 2312 Etenim
479 2269 534 2312 uos
557 2249 661 2312 abillo
684 2248 776 2334 geniti
796 2249 832 2313 ab
857 2237 988 2314 eiusdem
1009 2272 1133 2338 corpore
1157 2253 1267 2317 diversi
1289 2275 1346 2318 non

190 2372 308 2433 sumus,
338 2351 454 2415 tametsi
477 2350 587 2416 cvirili
603 2362 669 2416 satu
683 2351 846 2429 fuerimus,
877 2374 912 2417 ac
931 2353 1061 2417 mulieris
1080 2365 1165 2417 utero
1181 2357 1345 2441 propagati.

191 2452 251 2521 Sed
268 2455 340 2519 baec
365 2454 498 2518 nonnulli
520 2454 656 2517 subtilius
674 2453 831 2517 identidem
862 2464 1040 2537 tractantes,
1070 2468 1101 2520 et
1119 2455 1262 2520 inanimo
1279 2478 1346 2522 ver-

190 2568 309 2637 santes,
343 2578 467 2643 ascopo
483 2558 599 2642 penitus
614 2555 801 2619 aberrarunt.
846 2557 907 2621 Alii
924 2577 1012 2642 porro
1029 2578 1069 2622 ex
1086 2559 1142 2637 iis,
1175 2559 1222 2642 qui
1240 2560 1346 2624 aduos

190 2658 390 2739 ventitabant,
422 2660 534 2722 inlicita
553 2659 696 2743 quaedam
725 2657 790 2722 aliis
804 2659 1037 2740 deblaterantes,
1069 2661 1162 2725 virum
1180 2661 1347 2726 laudatissi-

192 2780 269 2824 mum
292 2761 354 2824 suis
378 2760 629 2826 criminationibus
653 2761 861 2840 traducebant,
893 2782 928 2824 ac
945 2762 1193 2827 vehementiorem
1217 2765 1344 2849 quidem,

193 2881 277 2945 mam
296 2854 447 2947 parerat,
482 2865 634 2928 tumultum
649 2862 853 2943 concitarunt,
885 2863 1005 2929 sireex
1022 2866 1156 2945 inscitia,
1188 2866 1252 2932 sive
1270 2870 1345 2952 quod

191 2963 229 3026 ab
244 2983 280 3027 eo
297 2964 404 3028 dietum
422 2976 486 3028 erat
501 2967 620 3029 minime
637 2966 851 3051 percepissent,
865 2978 897 3044 ⁴et
909 2967 945 3031 ab
963 2987 1000 3030 eo
1017 2968 1143 3053 digressi
1155 2990 1230 3054 quae
1246 2971 1346 3034 audie-

191 3076 259 3130 rant
284 3066 419 3152 dogmata
444 3070 658 3152 praedicarent.
706 3066 817 3132 Verum
845 3068 881 3132 dc
904 3071 1134 3154 supervacaneis
1153 3072 1234 3137 bisce
1256 3095 1347 3158 quae·

191 3170 336 3234 stiouibus
354 3169 508 3234 bacteuua.
540 3168 613 3235 lllud
631 3192 704 3237 vero
721 3172 849 3235 lectores
866 3191 968 3237 omues
985 3173 1187 3239 intellecturos
1206 3175 1345 3257 arbitror,

191 3272 271 3337 uulla
288 3293 341 3336 uos
365 3283 416 3338 aut
432 3271 542 3336 invidia
566 3286 616 3337 aut
639 3274 706 3339 odio
729 3275 759 3337 iu
783 3274 930 3337 bominem
951 3295 1019 3339 esse
1045 3288 1218 3343 commotos.
1265 3278 1347 3344 lstcd

192 3376 269 3440 enim
286 3375 418 3461 inprimis
436 3385 568 3460 optamus
586 3398 621 3439 ac
637 3377 772 3461 petimus,
789 3386 822 3440 ut
837 3397 874 3440 uc
890 3377 927 3440 ab
943 3378 1067 3441 ecclesia
1080 3375 1191 3444 Cbristi
1208 3392 1295 3466 atque
1310 3382 1345 3446 ab

192 3477 367 3541 suavissima
392 3478 514 3542 fratrum
541 3476 683 3542 societate
700 3479 870 3558 divellatur,
904 3481 957 3544 sed
984 3491 1016 3543 ct
1040 3482 1182 3548 eiusmodi
1204 3484 1346 3568 dogmatis

192 3579 311 3642 nimium
335 3580 460 3643 studium
485 3580 759 3663 contentionemque
777 3582 921 3667 deponat,
946 3603 980 3646 ac
996 3604 1063 3648 sese
1082 3586 1118 3649 ad
1140 3585 1260 3650 meliora
1277 3609 1347 3651 cou-

192 3691 301 3762 vertut,
325 3680 402 3746 sicut
416 3681 555 3768 scriptum
572 3693 633 3760 est,
651 3686 808 3758 liecertere,
828 3697 978 3760 revertere,
999 3691 1166 3762 Sannmr'tri,
1191 3702 1341 3765 revertare,
1354 3704 1491 3762 cucata

191 3795 221 3847 et
243 3787 394 3847 uriiedriaus
417 3790 446 3846 in
470 3797 507 3846 te.
553 3782 658 3848 Redeo
682 3784 738 3846 iam
761 3785 841 3848 adid
859 3788 934 3871 quod
956 3786 1040 3852 initio
1057 3811 1284 3876 proposueram,
1316 3803 1346 3857 et

192 3887 269 3974 quod
294 3906 480 3968 consequens
503 3897 549 3951 est
570 3896 712 3950 attexam.

274 3989 415 4076 Negata
440 3985 561 4054 Cbristo
584 3990 744 4075 perlectam
770 3987 896 4052 bominis
918 4003 1052 4057 naturam
1078 4015 1147 4060 esse
1169 4007 1342 4081 susceptam.
1390 4017 1451 4082 cap.

191 4089 255 4158 laio
271 4107 302 4159 et
319 4092 476 4158 nonnullos
496 4093 533 4157 ab
550 4093 627 4157 omui
642 4112 694 4176 spe
710 4090 816 4155 salutis
834 4092 943 4174 delicit,
967 4096 1158 4162 vebemeuter
1175 4098 1242 4164 illos
1257 4099 1344 4165 terri·
1390 4085 1454 4141 xx·

225 4330 359 4384 aaaron
373 4327 431 4399 παρ’
448 4329 554 4392 ἑαυτοὺς
569 4327 686 4398 είυιπαρ’
703 4327 749 4386 ud·
817 4333 842 4386 3.
859 4335 962 4385 Alterum
983 4336 1026 4386 buc
1044 4332 1179 4406 ἐπίστρεφε
1199 4341 1346 4392 &aidmctru

192 4395 258 4459 τοὺς.
295 4405 422 4454 Carnarius
435 4405 502 4452 venit
513 4410 556 4450 aut
569 4418 583 4451 a
598 4418 624 4451 se
639 4401 698 4468 ipsis
710 4419 748 4452 re·
784 4405 809 4453 in
826 4404 881 4453 edit.
897 4406 980 4454 Petuc.

193 4469 631 4538 cementaracproferenteatnrbam
641 4485 750 4521 commo·
818 4467 842 4521 4.
872 4477 1016 4538 σουμανῖτις
1038 4474 1088 4525 rud
1113 4477 1161 4528 len.
1203 4475 1346 4545 σουμανῑτις

191 4546 290 4589 rerunt.
324 4540 437 4592 Petosiris
452 4542 544 4592 acutat
559 4533 617 4607 παρ’
634 4533 719 4592 αὐτοῦ.
785 4540 839 4591 acts
855 4543 931 4604 princ.
