3096 5070
639 298 749 351 trintx
767 297 894 351 Annuit.
1258 249 1265 305 Ι·
1282 280 1343 346 74⁵

222 420 303 473 laetas
327 417 359 471 ab
376 416 509 470 Enstathio
526 426 552 470 et
570 428 670 471 carator
688 428 750 486 pto-
818 416 937 469 seccessit
947 414 1063 479 Achillae,
1076 414 1114 466 eni
1124 412 1346 466 Meletiani'lbeo·

223 505 363 575 diotrephii
372 506 396 556 in
406 506 488 555 Ponto
497 502 558 553 ibid.
568 533 599 544 -
616 503 648 555 ab
659 505 748 555 Eusta-
820 520 876 554 nam
894 510 1063 570 opposuerant
1078 503 1135 551 799.

221 592 275 644 thio
292 590 417 650 discedit,
441 599 468 641 et
493 606 549 641 eum
566 589 692 642 hostiliter
708 589 750 640 in·
787 587 967 640 Alexandrinae
994 585 1114 638 ecclesiae
1140 582 1295 636 consuetodo
1319 583 1347 637 in

221 676 333 746 sequitur
349 675 411 728 ibid.
819 673 939 742 episcopo
956 670 1130 724 constituendo
1146 672 1204 721 799.

187 764 256 817 Aerii
280 761 398 829 dogmata
415 764 472 812 909.
491 789 524 801 -
558 777 609 829 qno
632 770 708 828 pacto
725 770 751 811 et
787 757 949 811 Alexandrini
972 756 1084 826 episcopi
1101 752 1222 808 dioecesis
1246 753 1347 823 simque

222 848 264 899 nbi
279 864 335 899 cnm
350 846 400 897 suis
413 845 522 913 degebat
537 845 599 898 ibid.
616 873 651 887 ··-
677 861 749 913 pres·
819 844 964 914 provinciae
984 847 1041 894 717.

222 933 324 1001 byteros
348 932 470 1000 aequabat
493 930 617 1000 episcopis
639 930 700 982 ibid.
717 958 751 970 -
788 930 859 1000 Alogi
875 926 1012 992 haeretici,
1036 945 1079 979 cnr
1096 926 1131 978 ita
1148 923 1243 977 luerint
1257 922 1348 994 appel·

222 1017 255 1068 de
285 1017 403 1085 paschate
432 1017 495 1068 male
528 1016 606 1067 sensit
633 1018 690 1066 909.
720 1043 749 1055 -
819 1015 865 1068 lati
881 1019 939 1067 490.

192 1146 194 1151 .
222 1112 379 1155 mortuorum
404 1102 550 1154 memoriam
571 1112 597 1152 et
614 1102 680 1154 bona
704 1117 752 1170 pro
787 1103 859 1170 Alogi
887 1099 1014 1170 quomodo
1049 1096 1223 1167 Apocalypsin
1258 1111 1348 1165 repre-

223 1189 273 1240 illis
290 1198 405 1256 suscepta
423 1205 499 1257 opera
519 1187 623 1239 damnat
639 1186 699 1238 ibid.
719 1216 749 1225 -
819 1186 930 1241 hendant
944 1189 1002 1236 494.

223 1274 313 1325 ieiunia
327 1284 392 1325 stata
410 1273 543 1325 damnabat
560 1272 620 1324 ibid.
639 1302 670 1312 -
706 1271 751 1322 anb
789 1273 923 1341 Alogorurn
952 1270 1062 1323 haeresis
1091 1272 1133 1320 91.
1173 1277 1233 1336 post
1262 1276 1349 1319 natnm

222 1360 317 1412 Pascha
329 1359 420 1411 ieiunia
435 1359 467 1411 ab
482 1357 587 1410 eccleeia
600 1357 663 1408 obiri
677 1357 751 1409 solita

222 1445 248 1496 in
272 1444 418 1497 ebrietatem
442 1455 469 1497 et
494 1444 557 1495 risus
591 1441 753 1495 corivertebnt

222 1529 282 1582 ibid.
302 1559 332 1570 -
368 1540 449 1581 cetera
475 1529 501 1580 in
527 1529 577 1579 vitn
602 1527 752 1590 vinolentus,

223 1627 249 1667 et
272 1615 345 1683 gulae
368 1614 498 1683 ventrique
525 1612 752 1680 indulgentissimos

221 1700 282 1752 ibid.
299 1728 333 1740 -
355 1700 407 1751 eius
421 1699 542 1752 assentatio
561 1702 618 1750 909.
635 1725 670 1738 -
703 1696 752 1749 ob-

222 1786 300 1839 iectio
318 1785 427 1836 eiusdem
446 1785 510 1837 circa
528 1784 703 1851 episcoporum
727 1792 752 1832 et

822 1356 1033 1409 Christianismum
1059 1355 1147 1407 ordine
1172 1358 1213 1405 91.
1238 1357 1297 1404 tta.
1314 1381 1347 1393 -

821 1443 886 1494 ande
902 1442 938 1493 sic
951 1442 1013 1495 dicti
1030 1445 1089 1492 479.
1109 1469 1139 1479 -
1170 1437 1349 1508 Apocalypsin

820 1540 847 1581 et
864 1526 1018 1595 evangelium
1037 1525 1135 1578 loannis
1150 1523 1283 1593 repudiant
1297 1523 1349 1574 ibi-

820 1614 885 1664 dem.
910 1642 936 1652 -
973 1612 1092 1664 Cerintho
1117 1610 1230 1662 tribuunt
1255 1609 1349 1678 scripta

821 1699 918 1750 loannis
933 1703 992 1749 494.
1011 1728 1043 1738 -
1075 1700 1194 1749 loannem
1207 1694 1289 1764 ipsum
1304 1709 1348 1745 re·

821 1784 979 1852 prehendunt
994 1782 1056 1834 ibid.

223 1872 424 1942 presbyterorum
439 1869 613 1938 aequalitatem
625 1866 764 1933 etaolntio
789 1869 872 1921 Altare
897 1868 992 1920 domini
1016 1884 1140 1938 nunqnam
1164 1865 1240 1917 debet
1265 1863 1350 1917 feriari

222 1957 281 2009 ibid.
821 1959 878 2007 704.

188 2048 265 2096 Aetas
276 2040 363 2092 mundi
375 2040 454 2110 prima
466 2049 527 2109 quot
538 2055 659 2091 annornm
671 2037 751 2088 suits.
789 2047 865 2093 Amen
893 2040 934 2091 dei
959 2056 1008 2107 quo
1027 2037 1137 2089 Christus
1162 2037 1277 2089 dominns
1294 2046 1349 2089 rata
1401 2080 1405 2085 .

189 2128 256 2180 Aetii
272 2126 391 2179 Anomoei
405 2126 550 2195 opusculum
567 2127 752 2176 994-991.-
822 2126 883 2178 fecit
898 2124 980 2177 omnia
995 2124 1036 2176 dei
1051 2123 1181 2192 promissa,
1198 2132 1225 2174 et
1240 2140 1269 2174 ea
1285 2139 1349 2174 con-

223 2224 338 2265 trecenta
364 2212 473 2280 capitula
495 2210 527 2262 ab
552 2229 583 2262 eo
610 2213 752 2281 conscripta
821 2211 928 2263 firmavit
943 2214 1001 2261 Aoo.

223 2303 280 2350 991.
298 2327 331 2338 -
355 2297 407 2348 eius
424 2298 547 2348 refutatio
561 2301 751 2348 931-999.-
787 2297 874 2365 Angeli
898 2295 1024 2364 praesides
1048 2293 1176 2362 gentiam,
1200 2309 1244 2344 cnr
1259 2290 1350 2343 loricas

223 2403 267 2437 cur
283 2383 368 2434 Aetius
387 2383 524 2434 catholicos
550 2392 625 2434 vocat
648 2393 751 2452 tempo-
819 2383 913 2435 habere
937 2381 1053 2432 dicuntur
1077 2379 1223 2448 sulphureas
1241 2390 1268 2431 et
1283 2379 1350 2449 hya·

223 2470 299 2521 rarios
317 2472 375 2520 999.
820 2466 943 2520 cinthinus
960 2470 1018 2517 491.

189 2557 255 2607 Aetii
279 2554 418 2607 absurditas
444 2553 470 2604 in
497 2564 582 2606 creato
600 2552 650 2604 deo
667 2563 693 2603 et
708 2554 751 2605 in·
788 2553 961 2622 Angelicornm
978 2550 1087 2603 haeresis
1102 2550 1163 2603 ibid.

225 2651 310 2693 creato
328 2644 384 2690 991.
789 2638 876 2707 Angeli
885 2656 941 2689 cum
953 2637 1025 2689 coelo
1037 2647 1152 2705 terraque
1166 2634 1283 2704 producti
1292 2638 1349 2686 911.

189 2727 350 2778 Aetianornm
364 2724 490 2775 cavillatio
506 2724 625 2776 adserens
642 2723 751 2775 catboli-
789 2724 911 2793 Angelius
919 2722 988 2774 locus
997 2723 1063 2773 intra
1071 2719 1351 2791 Mesopotamiamnnde

223 2828 265 2862 cos
280 2813 337 2860 990.
358 2838 388 2850 -
423 2809 460 2860 illi
483 2809 613 2876 apostolos
637 2817 665 2861 et
689 2827 751 2877 pro·
820 2807 932 2878 Angelici
948 2808 1069 2860 haeretici
1087 2811 1145 2859 909.

221 2895 311 2963 phetas
327 2905 447 2963 reapnnnt
466 2898 522 2944 991.
788 2893 874 2961 Angeli
890 2911 934 2944 cnr
950 2910 964 2943 a
981 2893 1029 2944 deo
1044 2892 1167 2944 innumeri
1179 2902 1237 2943 snnt
1254 2890 1351 2943 conditi

189 2980 253 3033 Aetii
270 2996 399 3031 successor
416 2979 550 3030 Ennomins
565 2978 625 3030 ibid.
820 2983 878 3031 999.

190 3065 286 3118 Aetiani
304 3064 451 3133 rebaptizati
469 3064 528 3115 ibid.
786 3066 900 3117 Animam
917 3081 972 3115 esse
987 3064 1153 3116 immortalem
1169 3063 1291 3133 probatur
1308 3079 1349 3114 ea·

189 3152 275 3203 Aetius
292 3151 324 3202 ab
339 3149 415 3202 exilio
432 3159 565 3201 revocatas
579 3160 605 3201 et
620 3149 752 3217 episcopua
821 3150 912 3221 pressis
929 3149 1067 3219 scripturae
1084 3150 1165 3201 rethia
1184 3153 1240 3200 999.

223 3248 320 3288 creatas
334 3236 394 3287 ibid.
788 3237 875 3288 Anima
890 3245 959 3287 extra
974 3253 1064 3304 corpus
1080 3253 1186 3305 peccare
1200 3252 1251 3286 non
1266 3242 1351 3304 poteat

189 3322 274 3374 Aetius
299 3321 398 3372 sodales
416 3339 474 3372 snos
492 3321 600 3373 athletae
625 3331 651 3372 et
668 3320 752 3372 athle-
822 3326 878 3372 969.
898 3349 932 3360 -
965 3320 1010 3372 aed
1027 3321 1090 3372 illnd
1107 3322 1232 3374 refutatur
1249 3324 1307 3372 999.

221 3408 493 3458 reinvocarent-
528 3407 580 3457 eins
592 3405 709 3456 salutatio
726 3404 752 3454 in
789 3407 876 3458 Anima
900 3405 925 3456 in
951 3422 1056 3473 corpore
1078 3407 1172 3459 inclusa
1189 3405 1350 3476 tanquamin

221 3493 271 3544 fine
282 3508 342 3543 snae
359 3491 489 3543 doctrinae
506 3492 588 3559 posite
599 3509 615 3542 a
628 3488 752 3558 principio
820 3492 877 3543 loco
895 3490 1010 3560 supplicii
1027 3496 1085 3542 994.

221 3577 337 3629 dissentit
350 3577 412 3628 ibid.
429 3604 463 3617 —
492 3576 584 3644 partim
607 3573 751 3626 Sadducae·
788 3583 859 3629 Anna
875 3586 901 3628 et
916 3576 1008 3628 loacim
1021 3575 1110 3628 beatae
1124 3577 1219 3630 Mariae
1234 3586 1351 3646 parentes

223 3681 307 3723 oram,
329 3662 420 3730 partim
438 3661 575 3713 Gentilium
595 3678 691 3711 errores
709 3676 752 3710 sa·
822 3666 896 3713 1049.

222 3749 259 3817 pit
282 3752 341 3798 999.
359 3775 393 3788 -
421 3747 487 3798 Aetii
503 3746 579 3814 impia
596 3745 752 3815 superbaque
790 3753 974 3799 Anemoeorum
999 3746 1108 3798 haeresis
1133 3751 1192 3798 919.
1211 3775 1242 3788 -·
1277 3746 1350 3816 prin-

222 3833 309 3901 opinio
336 3837 394 3887 989.
419 3862 450 3872 -
494 3831 655 3884 Aetianotum
679 3848 752 3883 arro·
822 3852 880 3902 ceps
899 3833 984 3885 Aetius
998 3851 1013 3884 a
1029 3832 1139 3901 Georgia
1153 3831 1281 3884 ordinatus
1298 3831 1351 3883 ibi·

222 3918 307 3986 gantia
324 3918 385 3969 ibid.
820 3918 885 3972 dem.
904 3946 936 3958 -
961 3917 1046 3970 adulta
1062 3929 1145 3970 aetate
1160 3928 1257 3969 exteras
1272 3915 1349 3969 disci-

189 4005 267 4074 Agabi
283 4004 384 4072 spiritns
402 4003 564 4072 propheticus
581 4002 646 4053 circa
663 4018 752 4052 zonam
820 4003 900 4071 plinus
915 4003 1005 4055 didicit
1020 4008 1077 4054 919.
1098 4032 1128 4043 -
1163 4003 1214 4053 einr
1228 4000 1350 4069 relegatio

223 4091 293 4141 Pauli
309 4093 368 4139 409.
821 4093 879 4142 914.
899 4116 928 4128 -·
954 4089 1005 4141 eina
1023 4089 1113 4157 dogma
1130 4088 1191 4140 ibid.
1207 4117 1238 4128 -
1266 4087 1350 4139 Attius

190 4175 253 4244 Agni
270 4173 410 4226 immolatio
431 4173 463 4224 ab
482 4172 610 4242 Aegyptiis
628 4172 752 4224 celebrata

224 4265 265 4312 99.
820 4261 982 4312 Aetianorom
999 4260 1114 4328 snperbia
1138 4260 1198 4311 ibid.
1219 4289 1249 4300 -—
1285 4260 1349 4311 Aetii

189 4345 323 4398 Alexandri
340 4344 505 4398 Alexandriae
521 4345 632 4413 episcopi
645 4359 711 4395 mors
726 4354 752 4394 et
820 4345 924 4413 perfidia
934 4345 1096 4397 similitudine
1105 4346 1290 4398 demonstratur
1298 4345 1350 4397 ibi·

222 4431 338 4482 substitui
351 4431 400 4482 sibi
413 4431 572 4482 Athanasium
583 4429 685 4481 mandat
695 4433 750 4480 777.
821 4430 886 4482 darn.
904 4458 939 4471 -
974 4432 1071 4484 Aeliani
1087 4432 1128 4482 dei
1144 4442 1278 4502 praecepta
1300 4449 1348 4483 ne·

189 4515 333 4569 Alexandro
347 4526 445 4571 mortuo
458 4516 576 4587 episcopo
588 4514 751 4569 Alexandriae
819 4518 916 4586 glignnt
933 4516 993 4566 ibid.

819 4174 852 4225 ab
877 4175 973 4226 Arionis
997 4174 1223 4227 excommunicatus
1240 4177 1299 4224 919.
1317 4202 1349 4213 -
1441 4190 1444 4202 ·
