<?xml version="1.0" encoding="UTF-8"?>
<!DOCTYPE html PUBLIC "-//W3C//DTD XHTML 1.0 Transitional//EN"
    "http://www.w3.org/TR/xhtml1/DTD/xhtml1-transitional.dtd">
<html xmlns="http://www.w3.org/1999/xhtml" xml:lang="en" lang="en">
 <head>
  <title>
</title>
<meta http-equiv="Content-Type" content="text/html;charset=utf-8" />
  <meta name='ocr-system' content='tesseract 3.04.00' />
  <meta name='ocr-capabilities' content='ocr_page ocr_carea ocr_par ocr_line ocrx_word'/>
</head>
<body>
  <div class='ocr_page' id='page_1' title='image "./corporishaerese00unkngoog/corporishaerese00unkngoog_0564.png"; bbox 0 0 3096 5070; ppageno 0'>
   <div class='ocr_carea' id='block_1_1' title="bbox 604 304 1346 368">
    <p class='ocr_par' dir='ltr' id='par_1_1' title="bbox 604 304 1346 368">
     <span class='ocr_line' id='line_1_1' title="bbox 604 304 1346 368; baseline -0.003 0"><span class='ocrx_word' id='word_1_1' title='bbox 604 316 928 368; x_wconf 80' lang='lat' dir='ltr'>sunnnannnusosre.</span> <span class='ocrx_word' id='word_1_2' title='bbox 954 351 958 358; x_wconf 91' lang='lat'>.</span> <span class='ocrx_word' id='word_1_3' title='bbox 1284 304 1346 366; x_wconf 73' lang='lat' dir='ltr'>ott</span> 
     </span>
    </p>
   </div>
   <div class='ocr_carea' id='block_1_2' title="bbox 181 434 1466 4306">
    <p class='ocr_par' dir='ltr' id='par_1_2' title="bbox 189 434 1347 521">
     <span class='ocr_line' id='line_1_2' title="bbox 189 434 1347 521; baseline -0.003 -19"><span class='ocrx_word' id='word_1_4' title='bbox 189 447 248 517; x_wconf 83' lang='lat' dir='ltr'>est,</span> <span class='ocrx_word' id='word_1_5' title='bbox 272 458 376 502; x_wconf 88' lang='lat' dir='ltr'>manus</span> <span class='ocrx_word' id='word_1_6' title='bbox 393 459 428 501; x_wconf 90' lang='lat' dir='ltr'>ac</span> <span class='ocrx_word' id='word_1_7' title='bbox 446 437 536 521; x_wconf 87' lang='lat' dir='ltr'>pedes</span> <span class='ocrx_word' id='word_1_8' title='bbox 552 447 583 499; x_wconf 87' lang='lat' dir='ltr'>et</span> <span class='ocrx_word' id='word_1_9' title='bbox 598 438 764 500; x_wconf 91' lang='lat' dir='ltr'>eonlossum</span> <span class='ocrx_word' id='word_1_10' title='bbox 778 435 855 500; x_wconf 90' lang='lat' dir='ltr'>latus</span> <span class='ocrx_word' id='word_1_11' title='bbox 867 457 932 499; x_wconf 90' lang='lat' dir='ltr'>cum</span> <span class='ocrx_word' id='word_1_12' title='bbox 950 434 1066 498; x_wconf 89' lang='lat' dir='ltr'>ossibus</span> <span class='ocrx_word' id='word_1_13' title='bbox 1081 457 1116 499; x_wconf 84' lang='lat' dir='ltr'>ae</span> <span class='ocrx_word' id='word_1_14' title='bbox 1131 434 1347 498; x_wconf 84' lang='lat' dir='ltr'>nerrisosteu·</span> 
     </span>
    </p>

    <p class='ocr_par' dir='ltr' id='par_1_3' title="bbox 190 537 1346 624">
     <span class='ocr_line' id='line_1_3' title="bbox 190 537 1346 624; baseline -0.002 -21"><span class='ocrx_word' id='word_1_15' title='bbox 190 540 246 618; x_wconf 92' lang='lat' dir='ltr'>dit,</span> <span class='ocrx_word' id='word_1_16' title='bbox 274 541 347 603; x_wconf 92' lang='lat' dir='ltr'>adeo</span> <span class='ocrx_word' id='word_1_17' title='bbox 366 550 516 624; x_wconf 86' lang='lat' dir='ltr'>quactum</span> <span class='ocrx_word' id='word_1_18' title='bbox 535 539 710 602; x_wconf 85' lang='lat' dir='ltr'>videbantur</span> <span class='ocrx_word' id='word_1_19' title='bbox 725 537 819 602; x_wconf 88' lang='lat' dir='ltr'>solida</span> <span class='ocrx_word' id='word_1_20' title='bbox 838 549 941 616; x_wconf 87' lang='lat' dir='ltr'>erant,</span> <span class='ocrx_word' id='word_1_21' title='bbox 973 559 1028 601; x_wconf 90' lang='lat' dir='ltr'>nec</span> <span class='ocrx_word' id='word_1_22' title='bbox 1043 538 1141 621; x_wconf 89' lang='lat' dir='ltr'>specie</span> <span class='ocrx_word' id='word_1_23' title='bbox 1157 548 1244 601; x_wconf 88' lang='lat' dir='ltr'>tenus</span> <span class='ocrx_word' id='word_1_24' title='bbox 1261 546 1346 601; x_wconf 80' lang='lat' dir='ltr'>exta-</span> 
     </span>
    </p>

    <p class='ocr_par' dir='ltr' id='par_1_4' title="bbox 189 639 1347 1030">
     <span class='ocr_line' id='line_1_4' title="bbox 189 639 1346 725; baseline -0.003 -19"><span class='ocrx_word' id='word_1_25' title='bbox 189 641 271 707; x_wconf 88' lang='lat' dir='ltr'>baut.</span> <span class='ocrx_word' id='word_1_26' title='bbox 318 639 432 725; x_wconf 80' lang='lat' dir='ltr'><strong>Quibus</strong></span> <span class='ocrx_word' id='word_1_27' title='bbox 455 642 543 705; x_wconf 90' lang='lat' dir='ltr'>rebus</span> <span class='ocrx_word' id='word_1_28' title='bbox 562 661 662 704; x_wconf 89' lang='lat' dir='ltr'>eorum</span> <span class='ocrx_word' id='word_1_29' title='bbox 683 641 811 704; x_wconf 90' lang='lat' dir='ltr'>omnium</span> <span class='ocrx_word' id='word_1_30' title='bbox 829 661 904 724; x_wconf 88' lang='lat' dir='ltr'>quae</span> <span class='ocrx_word' id='word_1_31' title='bbox 920 641 985 703; x_wconf 87' lang='lat' dir='ltr'>fidei</span> <span class='ocrx_word' id='word_1_32' title='bbox 1001 639 1122 724; x_wconf 88' lang='lat' dir='ltr'>speique</span> <span class='ocrx_word' id='word_1_33' title='bbox 1145 651 1263 703; x_wconf 90' lang='lat' dir='ltr'>nostrae</span> <span class='ocrx_word' id='word_1_34' title='bbox 1279 661 1346 724; x_wconf 91' lang='lat' dir='ltr'>pro-</span> 
     </span>
     <span class='ocr_line' id='line_1_5' title="bbox 189 740 1347 831; baseline -0.002 -23"><span class='ocrx_word' id='word_1_35' title='bbox 189 745 284 831; x_wconf 86' lang='lat' dir='ltr'>posita</span> <span class='ocrx_word' id='word_1_36' title='bbox 307 755 376 808; x_wconf 89' lang='lat' dir='ltr'>sunt</span> <span class='ocrx_word' id='word_1_37' title='bbox 400 744 610 828; x_wconf 90' lang='lat' dir='ltr'>promissorum</span> <span class='ocrx_word' id='word_1_38' title='bbox 634 764 688 827; x_wconf 84' lang='lat' dir='ltr'>per</span> <span class='ocrx_word' id='word_1_39' title='bbox 713 763 781 805; x_wconf 89' lang='lat' dir='ltr'>sese</span> <span class='ocrx_word' id='word_1_40' title='bbox 804 743 959 806; x_wconf 86' lang='lat' dir='ltr'>veritatem</span> <span class='ocrx_word' id='word_1_41' title='bbox 985 743 1172 807; x_wconf 77' lang='lat' dir='ltr'>confirmavit</span> <span class='ocrx_word' id='word_1_42' title='bbox 1193 740 1347 827; x_wconf 83' lang='lat' dir='ltr'>perficiens</span> 
     </span>
     <span class='ocr_line' id='line_1_6' title="bbox 190 843 1347 929; baseline -0.004 -17"><span class='ocrx_word' id='word_1_43' title='bbox 190 850 306 925; x_wconf 87' lang='lat' dir='ltr'>omnia,</span> <span class='ocrx_word' id='word_1_44' title='bbox 338 866 433 929; x_wconf 90' lang='lat' dir='ltr'>neque</span> <span class='ocrx_word' id='word_1_45' title='bbox 457 846 524 908; x_wconf 88' lang='lat' dir='ltr'>ficta</span> <span class='ocrx_word' id='word_1_46' title='bbox 547 846 690 909; x_wconf 85' lang='lat' dir='ltr'>duntaxat</span> <span class='ocrx_word' id='word_1_47' title='bbox 715 844 862 928; x_wconf 76' lang='lat' dir='ltr'>imagine,</span> <span class='ocrx_word' id='word_1_48' title='bbox 897 845 948 908; x_wconf 93' lang='lat' dir='ltr'>sed</span> <span class='ocrx_word' id='word_1_49' title='bbox 976 843 1073 929; x_wconf 90' lang='lat' dir='ltr'>reipsa</span> <span class='ocrx_word' id='word_1_50' title='bbox 1098 866 1162 908; x_wconf 89' lang='lat' dir='ltr'>cum</span> <span class='ocrx_word' id='word_1_51' title='bbox 1190 844 1254 907; x_wconf 88' lang='lat' dir='ltr'>suis</span> <span class='ocrx_word' id='word_1_52' title='bbox 1277 865 1347 907; x_wconf 89' lang='lat' dir='ltr'>cou-</span> 
     </span>
     <span class='ocr_line' id='line_1_7' title="bbox 190 945 1346 1030; baseline -0.004 -16"><span class='ocrx_word' id='word_1_53' title='bbox 190 970 316 1014; x_wconf 85' lang='lat' dir='ltr'>vescens</span> <span class='ocrx_word' id='word_1_54' title='bbox 341 959 371 1011; x_wconf 88' lang='lat' dir='ltr'>et</span> <span class='ocrx_word' id='word_1_55' title='bbox 395 948 539 1011; x_wconf 86' lang='lat' dir='ltr'>babitans.</span> <span class='ocrx_word' id='word_1_56' title='bbox 586 945 666 1029; x_wconf 82' lang='lat' dir='ltr'>Quin</span> <span class='ocrx_word' id='word_1_57' title='bbox 692 947 810 1010; x_wconf 89' lang='lat' dir='ltr'>eosdem</span> <span class='ocrx_word' id='word_1_58' title='bbox 835 945 977 1024; x_wconf 76' lang='lat' dir='ltr'>instituit,</span> <span class='ocrx_word' id='word_1_59' title='bbox 1010 969 1045 1010; x_wconf 89' lang='lat' dir='ltr'>ac</span> <span class='ocrx_word' id='word_1_60' title='bbox 1070 948 1200 1010; x_wconf 88' lang='lat' dir='ltr'>eoeleste</span> <span class='ocrx_word' id='word_1_61' title='bbox 1222 967 1346 1030; x_wconf 83' lang='lat' dir='ltr'>regnum</span> 
     </span>
    </p>

    <p class='ocr_par' dir='ltr' id='par_1_5' title="bbox 191 1048 1466 1438">
     <span class='ocr_line' id='line_1_8' title="bbox 191 1048 1347 1133; baseline -0.003 -17"><span class='ocrx_word' id='word_1_62' title='bbox 191 1073 255 1116; x_wconf 92' lang='lat' dir='ltr'>cum</span> <span class='ocrx_word' id='word_1_63' title='bbox 283 1052 408 1114; x_wconf 85' lang='lat' dir='ltr'>veritate</span> <span class='ocrx_word' id='word_1_64' title='bbox 433 1049 569 1114; x_wconf 90' lang='lat' dir='ltr'>nuntiare</span> <span class='ocrx_word' id='word_1_65' title='bbox 597 1048 711 1127; x_wconf 88' lang='lat' dir='ltr'>docuit,</span> <span class='ocrx_word' id='word_1_66' title='bbox 748 1059 806 1112; x_wconf 92' lang='lat' dir='ltr'>tum</span> <span class='ocrx_word' id='word_1_67' title='bbox 834 1071 899 1113; x_wconf 87' lang='lat' dir='ltr'>eum</span> <span class='ocrx_word' id='word_1_68' title='bbox 927 1049 1086 1113; x_wconf 81' lang='lat' dir='ltr'>maximum</span> <span class='ocrx_word' id='word_1_69' title='bbox 1111 1048 1180 1112; x_wconf 91' lang='lat' dir='ltr'>illud</span> <span class='ocrx_word' id='word_1_70' title='bbox 1204 1049 1347 1133; x_wconf 77' lang='lat' dir='ltr'><strong>longeque</strong></span> 
     </span>
     <span class='ocr_line' id='line_1_9' title="bbox 191 1150 1466 1263; baseline -0.003 -46"><span class='ocrx_word' id='word_1_71' title='bbox 191 1154 377 1239; x_wconf 87' lang='lat' dir='ltr'>praecipuum</span> <span class='ocrx_word' id='word_1_72' title='bbox 397 1172 536 1215; x_wconf 84' lang='lat' dir='ltr'>arcanum</span> <span class='ocrx_word' id='word_1_73' title='bbox 553 1150 703 1237; x_wconf 89' lang='lat' dir='ltr'>discipulis</span> <span class='ocrx_word' id='word_1_74' title='bbox 721 1152 851 1237; x_wconf 86' lang='lat' dir='ltr'>aperuit:</span> <span class='ocrx_word' id='word_1_75' title='bbox 883 1158 1003 1227; x_wconf 82' lang='lat' dir='ltr'>Doceta,</span> <span class='ocrx_word' id='word_1_76' title='bbox 1028 1152 1137 1236; x_wconf 90' lang='lat' dir='ltr'>inquit,</span> <span class='ocrx_word' id='word_1_77' title='bbox 1171 1173 1265 1213; x_wconf 83' lang='lat' dir='ltr'>omnes</span> <span class='ocrx_word' id='word_1_78' title='bbox 1274 1174 1346 1232; x_wconf 83' lang='lat' dir='ltr'>gea·</span> <span class='ocrx_word' id='word_1_79' title='bbox 1380 1157 1466 1263; x_wconf 45' lang='lat'>{⁸⁸¹¹}</span> 
     </span>
     <span class='ocr_line' id='line_1_10' title="bbox 191 1241 1458 1336; baseline -0.001 -19"><span class='ocrx_word' id='word_1_80' title='bbox 191 1268 242 1317; x_wconf 80' lang='lat' dir='ltr'>ter.</span> <span class='ocrx_word' id='word_1_81' title='bbox 289 1253 434 1333; x_wconf 87' lang='lat' dir='ltr'>Hocest,</span> <span class='ocrx_word' id='word_1_82' title='bbox 469 1253 717 1336; x_wconf 77' lang='lat' dir='ltr'>Abimprubitate</span> <span class='ocrx_word' id='word_1_83' title='bbox 735 1255 800 1317; x_wconf 87' lang='lat' dir='ltr'>illas</span> <span class='ocrx_word' id='word_1_84' title='bbox 825 1254 860 1316; x_wconf 88' lang='lat' dir='ltr'>ad</span> <span class='ocrx_word' id='word_1_85' title='bbox 884 1255 1058 1332; x_wconf 89' lang='lat' dir='ltr'>veritatem,</span> <span class='ocrx_word' id='word_1_86' title='bbox 1091 1254 1126 1317; x_wconf 86' lang='lat' dir='ltr'>ab</span> <span class='ocrx_word' id='word_1_87' title='bbox 1146 1254 1236 1316; x_wconf 90' lang='lat' dir='ltr'>sectis</span> <span class='ocrx_word' id='word_1_88' title='bbox 1254 1254 1345 1317; x_wconf 86' lang='lat' dir='ltr'>variis</span> <span class='ocrx_word' id='word_1_89' title='bbox 1453 1241 1458 1254; x_wconf 62' lang='lat'>⁸</span> 
     </span>
     <span class='ocr_line' id='line_1_11' title="bbox 191 1356 1347 1438; baseline -0.004 -16"><span class='ocrx_word' id='word_1_90' title='bbox 191 1359 228 1422; x_wconf 86' lang='lat' dir='ltr'>ad</span> <span class='ocrx_word' id='word_1_91' title='bbox 251 1358 373 1421; x_wconf 89' lang='lat' dir='ltr'>eandem</span> <span class='ocrx_word' id='word_1_92' title='bbox 395 1357 576 1420; x_wconf 86' lang='lat' dir='ltr'>divinitatem</span> <span class='ocrx_word' id='word_1_93' title='bbox 604 1356 765 1419; x_wconf 79' lang='lat' dir='ltr'>traducite:</span> <span class='ocrx_word' id='word_1_94' title='bbox 797 1362 947 1438; x_wconf 74' lang='lat' dir='ltr'>Baptizato</span> <span class='ocrx_word' id='word_1_95' title='bbox 966 1379 1014 1419; x_wconf 78' lang='lat' dir='ltr'>eos</span> <span class='ocrx_word' id='word_1_96' title='bbox 1037 1361 1067 1419; x_wconf 83' lang='lat' dir='ltr'>in</span> <span class='ocrx_word' id='word_1_97' title='bbox 1086 1361 1197 1418; x_wconf 74' lang='lat' dir='ltr'>nomene</span> <span class='ocrx_word' id='word_1_98' title='bbox 1211 1361 1305 1437; x_wconf 69' lang='lat' dir='ltr'>putrui</span> <span class='ocrx_word' id='word_1_99' title='bbox 1320 1367 1347 1417; x_wconf 84' lang='lat' dir='ltr'>et</span> 
     </span>
    </p>

    <p class='ocr_par' dir='ltr' id='par_1_6' title="bbox 181 1458 1344 1543">
     <span class='ocr_line' id='line_1_12' title="bbox 181 1458 1344 1543; baseline 0 -22"><span class='ocrx_word' id='word_1_100' title='bbox 181 1462 248 1541; x_wconf 76' lang='lat' dir='ltr'>filii</span> <span class='ocrx_word' id='word_1_101' title='bbox 266 1472 296 1521; x_wconf 85' lang='lat' dir='ltr'>et</span> <span class='ocrx_word' id='word_1_102' title='bbox 309 1465 427 1540; x_wconf 72' lang='lat' dir='ltr'>epibatus</span> <span class='ocrx_word' id='word_1_103' title='bbox 448 1463 557 1532; x_wconf 82' lang='lat' dir='ltr'>suncti,</span> <span class='ocrx_word' id='word_1_104' title='bbox 594 1458 728 1522; x_wconf 91' lang='lat' dir='ltr'>nimirum</span> <span class='ocrx_word' id='word_1_105' title='bbox 754 1460 783 1523; x_wconf 93' lang='lat' dir='ltr'>in</span> <span class='ocrx_word' id='word_1_106' title='bbox 809 1460 954 1523; x_wconf 87' lang='lat' dir='ltr'>dominica</span> <span class='ocrx_word' id='word_1_107' title='bbox 975 1459 1113 1522; x_wconf 75' lang='lat' dir='ltr'>trinitatis</span> <span class='ocrx_word' id='word_1_108' title='bbox 1139 1459 1344 1543; x_wconf 86' lang='lat' dir='ltr'>appellatione,</span> 
     </span>
    </p>

    <p class='ocr_par' dir='ltr' id='par_1_7' title="bbox 191 1561 1348 1648">
     <span class='ocr_line' id='line_1_13' title="bbox 191 1561 1348 1648; baseline -0.003 -22"><span class='ocrx_word' id='word_1_109' title='bbox 191 1563 268 1648; x_wconf 92' lang='lat' dir='ltr'>qnod</span> <span class='ocrx_word' id='word_1_110' title='bbox 290 1562 384 1647; x_wconf 88' lang='lat' dir='ltr'>ipsum</span> <span class='ocrx_word' id='word_1_111' title='bbox 407 1569 626 1625; x_wconf 86' lang='lat' dir='ltr'>sacrosanctum</span> <span class='ocrx_word' id='word_1_112' title='bbox 647 1574 693 1625; x_wconf 87' lang='lat' dir='ltr'>est</span> <span class='ocrx_word' id='word_1_113' title='bbox 709 1583 743 1625; x_wconf 91' lang='lat' dir='ltr'>ac</span> <span class='ocrx_word' id='word_1_114' title='bbox 760 1562 871 1645; x_wconf 83' lang='lat' dir='ltr'>regium</span> <span class='ocrx_word' id='word_1_115' title='bbox 895 1562 1030 1647; x_wconf 84' lang='lat' dir='ltr'>siguum,</span> <span class='ocrx_word' id='word_1_116' title='bbox 1061 1583 1118 1645; x_wconf 92' lang='lat' dir='ltr'>quo</span> <span class='ocrx_word' id='word_1_117' title='bbox 1142 1563 1190 1626; x_wconf 87' lang='lat' dir='ltr'>vel</span> <span class='ocrx_word' id='word_1_118' title='bbox 1207 1561 1271 1646; x_wconf 91' lang='lat' dir='ltr'>ipso</span> <span class='ocrx_word' id='word_1_119' title='bbox 1294 1581 1348 1623; x_wconf 91' lang='lat' dir='ltr'>no-</span> 
     </span>
    </p>

    <p class='ocr_par' dir='ltr' id='par_1_8' title="bbox 191 1659 1442 1955">
     <span class='ocr_line' id='line_1_14' title="bbox 193 1659 1442 1748; baseline -0.003 -18"><span class='ocrx_word' id='word_1_120' title='bbox 193 1665 272 1730; x_wconf 89' lang='lat' dir='ltr'>mine</span> <span class='ocrx_word' id='word_1_121' title='bbox 290 1665 485 1748; x_wconf 76' lang='lat' dir='ltr'>significaret,</span> <span class='ocrx_word' id='word_1_122' title='bbox 519 1661 591 1725; x_wconf 90' lang='lat' dir='ltr'>nibil</span> <span class='ocrx_word' id='word_1_123' title='bbox 611 1682 677 1726; x_wconf 86' lang='lat' dir='ltr'>esse</span> <span class='ocrx_word' id='word_1_124' title='bbox 700 1663 736 1726; x_wconf 88' lang='lat' dir='ltr'>ab</span> <span class='ocrx_word' id='word_1_125' title='bbox 754 1663 866 1727; x_wconf 90' lang='lat' dir='ltr'>unitate</span> <span class='ocrx_word' id='word_1_126' title='bbox 885 1664 1046 1729; x_wconf 86' lang='lat' dir='ltr'>diversum.</span> <span class='ocrx_word' id='word_1_127' title='bbox 1092 1659 1167 1728; x_wconf 85' lang='lat' dir='ltr'>Cum</span> <span class='ocrx_word' id='word_1_128' title='bbox 1194 1667 1271 1728; x_wconf 90' lang='lat' dir='ltr'>euim</span> <span class='ocrx_word' id='word_1_129' title='bbox 1298 1662 1348 1727; x_wconf 83' lang='lat' dir='ltr'>ba·</span> <span class='ocrx_word' id='word_1_130' title='bbox 1436 1712 1442 1719; x_wconf 84' lang='lat'>.</span> 
     </span>
     <span class='ocr_line' id='line_1_15' title="bbox 191 1765 1347 1853; baseline -0.002 -23"><span class='ocrx_word' id='word_1_131' title='bbox 191 1766 295 1853; x_wconf 87' lang='lat' dir='ltr'>ptizari</span> <span class='ocrx_word' id='word_1_132' title='bbox 312 1765 445 1830; x_wconf 89' lang='lat' dir='ltr'>bomiues</span> <span class='ocrx_word' id='word_1_133' title='bbox 464 1765 543 1829; x_wconf 94' lang='lat' dir='ltr'>iubet</span> <span class='ocrx_word' id='word_1_134' title='bbox 562 1769 591 1827; x_wconf 79' lang='lat' dir='ltr'>in</span> <span class='ocrx_word' id='word_1_135' title='bbox 607 1769 718 1826; x_wconf 71' lang='lat' dir='ltr'>nomine</span> <span class='ocrx_word' id='word_1_136' title='bbox 732 1770 845 1845; x_wconf 79' lang='lat' dir='ltr'>putm’r,</span> <span class='ocrx_word' id='word_1_137' title='bbox 880 1767 965 1829; x_wconf 86' lang='lat' dir='ltr'>lirma</span> <span class='ocrx_word' id='word_1_138' title='bbox 984 1788 1018 1830; x_wconf 86' lang='lat' dir='ltr'>ae</span> <span class='ocrx_word' id='word_1_139' title='bbox 1038 1766 1151 1830; x_wconf 89' lang='lat' dir='ltr'>stabilis</span> <span class='ocrx_word' id='word_1_140' title='bbox 1167 1777 1214 1829; x_wconf 88' lang='lat' dir='ltr'>est</span> <span class='ocrx_word' id='word_1_141' title='bbox 1234 1766 1347 1850; x_wconf 78' lang='lat' dir='ltr'>gloriae</span> 
     </span>
     <span class='ocr_line' id='line_1_16' title="bbox 192 1866 1347 1955; baseline -0.002 -22"><span class='ocrx_word' id='word_1_142' title='bbox 192 1870 382 1955; x_wconf 86' lang='lat' dir='ltr'>praedicatio.</span> <span class='ocrx_word' id='word_1_143' title='bbox 429 1867 516 1951; x_wconf 83' lang='lat' dir='ltr'>Quod</span> <span class='ocrx_word' id='word_1_144' title='bbox 536 1888 608 1930; x_wconf 83' lang='lat' dir='ltr'>reru</span> <span class='ocrx_word' id='word_1_145' title='bbox 624 1866 740 1931; x_wconf 84' lang='lat' dir='ltr'>additur</span> <span class='ocrx_word' id='word_1_146' title='bbox 756 1872 785 1929; x_wconf 80' lang='lat' dir='ltr'>in</span> <span class='ocrx_word' id='word_1_147' title='bbox 801 1873 911 1930; x_wconf 75' lang='lat' dir='ltr'>nomme</span> <span class='ocrx_word' id='word_1_148' title='bbox 920 1870 1000 1949; x_wconf 76' lang='lat' dir='ltr'>filii,</span> <span class='ocrx_word' id='word_1_149' title='bbox 1025 1868 1102 1932; x_wconf 87' lang='lat' dir='ltr'>nulla</span> <span class='ocrx_word' id='word_1_150' title='bbox 1121 1888 1154 1931; x_wconf 90' lang='lat' dir='ltr'>re</span> <span class='ocrx_word' id='word_1_151' title='bbox 1173 1868 1248 1931; x_wconf 88' lang='lat' dir='ltr'>buno</span> <span class='ocrx_word' id='word_1_152' title='bbox 1264 1889 1281 1931; x_wconf 87' lang='lat' dir='ltr'>a</span> <span class='ocrx_word' id='word_1_153' title='bbox 1297 1888 1347 1952; x_wconf 89' lang='lat' dir='ltr'>pa·</span> 
     </span>
    </p>

    <p class='ocr_par' dir='ltr' id='par_1_9' title="bbox 191 1967 1346 2257">
     <span class='ocr_line' id='line_1_17' title="bbox 191 1967 1346 2054; baseline -0.001 -21"><span class='ocrx_word' id='word_1_154' title='bbox 191 1981 276 2034; x_wconf 89' lang='lat' dir='ltr'>terna</span> <span class='ocrx_word' id='word_1_155' title='bbox 301 1971 444 2054; x_wconf 79' lang='lat' dir='ltr'>dignitate</span> <span class='ocrx_word' id='word_1_156' title='bbox 470 1970 599 2033; x_wconf 89' lang='lat' dir='ltr'>delicere</span> <span class='ocrx_word' id='word_1_157' title='bbox 623 1970 779 2054; x_wconf 79' lang='lat' dir='ltr'>appellatio</span> <span class='ocrx_word' id='word_1_158' title='bbox 804 1968 866 2054; x_wconf 86' lang='lat' dir='ltr'>ipsa</span> <span class='ocrx_word' id='word_1_159' title='bbox 894 1970 1035 2033; x_wconf 88' lang='lat' dir='ltr'>declarat.</span> <span class='ocrx_word' id='word_1_160' title='bbox 1082 1967 1239 2033; x_wconf 90' lang='lat' dir='ltr'>Postremo</span> <span class='ocrx_word' id='word_1_161' title='bbox 1258 1969 1294 2032; x_wconf 90' lang='lat' dir='ltr'>iis</span> <span class='ocrx_word' id='word_1_162' title='bbox 1316 1970 1346 2032; x_wconf 93' lang='lat' dir='ltr'>iu</span> 
     </span>
     <span class='ocr_line' id='line_1_18' title="bbox 191 2071 1343 2152; baseline -0.001 -17"><span class='ocrx_word' id='word_1_163' title='bbox 191 2072 311 2151; x_wconf 78' lang='lat' dir='ltr'>verbis,</span> <span class='ocrx_word' id='word_1_164' title='bbox 340 2077 375 2134; x_wconf 88' lang='lat' dir='ltr'>In</span> <span class='ocrx_word' id='word_1_165' title='bbox 399 2077 508 2134; x_wconf 67' lang='lat' dir='ltr'>nomine</span> <span class='ocrx_word' id='word_1_166' title='bbox 529 2076 648 2152; x_wconf 64' lang='lat' dir='ltr'>spiritus</span> <span class='ocrx_word' id='word_1_167' title='bbox 672 2077 782 2146; x_wconf 78' lang='lat' dir='ltr'>suncti,</span> <span class='ocrx_word' id='word_1_168' title='bbox 817 2073 896 2135; x_wconf 86' lang='lat' dir='ltr'>nulle</span> <span class='ocrx_word' id='word_1_169' title='bbox 922 2083 967 2135; x_wconf 90' lang='lat' dir='ltr'>est</span> <span class='ocrx_word' id='word_1_170' title='bbox 987 2071 1201 2136; x_wconf 88' lang='lat' dir='ltr'>coniunctionis</span> <span class='ocrx_word' id='word_1_171' title='bbox 1227 2072 1343 2150; x_wconf 87' lang='lat' dir='ltr'>divisio,</span> 
     </span>
     <span class='ocr_line' id='line_1_19' title="bbox 191 2174 1065 2257; baseline -0.003 -17"><span class='ocrx_word' id='word_1_172' title='bbox 191 2175 322 2240; x_wconf 83' lang='lat' dir='ltr'>varietas</span> <span class='ocrx_word' id='word_1_173' title='bbox 346 2174 442 2252; x_wconf 89' lang='lat' dir='ltr'>nulla,</span> <span class='ocrx_word' id='word_1_174' title='bbox 466 2194 561 2257; x_wconf 84' lang='lat' dir='ltr'>neque</span> <span class='ocrx_word' id='word_1_175' title='bbox 584 2175 620 2237; x_wconf 91' lang='lat' dir='ltr'>ab</span> <span class='ocrx_word' id='word_1_176' title='bbox 644 2196 700 2237; x_wconf 90' lang='lat' dir='ltr'>uua</span> <span class='ocrx_word' id='word_1_177' title='bbox 723 2174 874 2237; x_wconf 87' lang='lat' dir='ltr'>divinitate</span> <span class='ocrx_word' id='word_1_178' title='bbox 898 2175 1065 2239; x_wconf 89' lang='lat' dir='ltr'>diversitas.</span> 
     </span>
    </p>

    <p class='ocr_par' dir='ltr' id='par_1_10' title="bbox 190 2275 1347 4204">
     <span class='ocr_line' id='line_1_20' title="bbox 276 2275 1345 2362; baseline 0.002 -22"><span class='ocrx_word' id='word_1_179' title='bbox 276 2275 412 2360; x_wconf 89' lang='lat' dir='ltr'>Denique</span> <span class='ocrx_word' id='word_1_180' title='bbox 436 2277 538 2339; x_wconf 92' lang='lat' dir='ltr'>eodem</span> <span class='ocrx_word' id='word_1_181' title='bbox 562 2298 627 2340; x_wconf 89' lang='lat' dir='ltr'>eum</span> <span class='ocrx_word' id='word_1_182' title='bbox 656 2297 781 2362; x_wconf 91' lang='lat' dir='ltr'>corpore</span> <span class='ocrx_word' id='word_1_183' title='bbox 805 2287 835 2339; x_wconf 91' lang='lat' dir='ltr'>et</span> <span class='ocrx_word' id='word_1_184' title='bbox 859 2277 956 2340; x_wconf 90' lang='lat' dir='ltr'>anima</span> <span class='ocrx_word' id='word_1_185' title='bbox 980 2288 1135 2361; x_wconf 86' lang='lat' dir='ltr'>menteque</span> <span class='ocrx_word' id='word_1_186' title='bbox 1163 2277 1198 2340; x_wconf 88' lang='lat' dir='ltr'>ad</span> <span class='ocrx_word' id='word_1_187' title='bbox 1221 2297 1345 2362; x_wconf 86' lang='lat' dir='ltr'>superos</span> 
     </span>
     <span class='ocr_line' id='line_1_21' title="bbox 192 2378 1345 2464; baseline -0.002 -20"><span class='ocrx_word' id='word_1_188' title='bbox 192 2390 314 2444; x_wconf 85' lang='lat' dir='ltr'>evectus</span> <span class='ocrx_word' id='word_1_189' title='bbox 331 2390 395 2458; x_wconf 89' lang='lat' dir='ltr'>est,</span> <span class='ocrx_word' id='word_1_190' title='bbox 428 2379 562 2443; x_wconf 88' lang='lat' dir='ltr'>omnibus</span> <span class='ocrx_word' id='word_1_191' title='bbox 579 2378 636 2443; x_wconf 90' lang='lat' dir='ltr'>illis</span> <span class='ocrx_word' id='word_1_192' title='bbox 653 2379 683 2443; x_wconf 92' lang='lat' dir='ltr'>iu</span> <span class='ocrx_word' id='word_1_193' title='bbox 700 2401 788 2443; x_wconf 90' lang='lat' dir='ltr'>uuum</span> <span class='ocrx_word' id='word_1_194' title='bbox 807 2381 959 2458; x_wconf 84' lang='lat' dir='ltr'>conflatis,</span> <span class='ocrx_word' id='word_1_195' title='bbox 994 2392 1082 2464; x_wconf 91' lang='lat' dir='ltr'>atque</span> <span class='ocrx_word' id='word_1_196' title='bbox 1098 2381 1129 2444; x_wconf 92' lang='lat' dir='ltr'>in</span> <span class='ocrx_word' id='word_1_197' title='bbox 1147 2380 1268 2443; x_wconf 87' lang='lat' dir='ltr'>eandem</span> <span class='ocrx_word' id='word_1_198' title='bbox 1287 2381 1345 2464; x_wconf 90' lang='lat' dir='ltr'>spi·</span> 
     </span>
     <span class='ocr_line' id='line_1_22' title="bbox 191 2479 1347 2566; baseline -0.001 -20"><span class='ocrx_word' id='word_1_199' title='bbox 191 2481 305 2547; x_wconf 81' lang='lat' dir='ltr'>sitalem</span> <span class='ocrx_word' id='word_1_200' title='bbox 326 2502 481 2565; x_wconf 87' lang='lat' dir='ltr'>personam</span> <span class='ocrx_word' id='word_1_201' title='bbox 504 2481 747 2545; x_wconf 83' lang='lat' dir='ltr'>concurrentibus</span> <span class='ocrx_word' id='word_1_202' title='bbox 771 2482 936 2566; x_wconf 87' lang='lat' dir='ltr'>divinisque</span> <span class='ocrx_word' id='word_1_203' title='bbox 958 2481 1091 2546; x_wconf 86' lang='lat' dir='ltr'>redditis.</span> <span class='ocrx_word' id='word_1_204' title='bbox 1138 2479 1210 2545; x_wconf 90' lang='lat' dir='ltr'>lude</span> <span class='ocrx_word' id='word_1_205' title='bbox 1227 2502 1298 2545; x_wconf 83' lang='lat' dir='ltr'>mox</span> <span class='ocrx_word' id='word_1_206' title='bbox 1316 2493 1347 2545; x_wconf 91' lang='lat' dir='ltr'>ut</span> 
     </span>
     <span class='ocr_line' id='line_1_23' title="bbox 192 2583 1345 2669; baseline 0.001 -22"><span class='ocrx_word' id='word_1_207' title='bbox 192 2586 228 2647; x_wconf 85' lang='lat' dir='ltr'>ad</span> <span class='ocrx_word' id='word_1_208' title='bbox 244 2584 335 2669; x_wconf 87' lang='lat' dir='ltr'>patris</span> <span class='ocrx_word' id='word_1_209' title='bbox 351 2584 485 2647; x_wconf 85' lang='lat' dir='ltr'>dextram</span> <span class='ocrx_word' id='word_1_210' title='bbox 502 2583 652 2661; x_wconf 89' lang='lat' dir='ltr'>consedit,</span> <span class='ocrx_word' id='word_1_211' title='bbox 686 2604 847 2668; x_wconf 85' lang='lat' dir='ltr'>praecones</span> <span class='ocrx_word' id='word_1_212' title='bbox 865 2585 894 2647; x_wconf 94' lang='lat' dir='ltr'>in</span> <span class='ocrx_word' id='word_1_213' title='bbox 915 2584 1086 2649; x_wconf 88' lang='lat' dir='ltr'>uuiversum</span> <span class='ocrx_word' id='word_1_214' title='bbox 1106 2583 1206 2649; x_wconf 91' lang='lat' dir='ltr'>orbem</span> <span class='ocrx_word' id='word_1_215' title='bbox 1225 2584 1345 2662; x_wconf 86' lang='lat' dir='ltr'>dimisit,</span> 
     </span>
     <span class='ocr_line' id='line_1_24' title="bbox 191 2682 1345 2766; baseline 0.001 -16"><span class='ocrx_word' id='word_1_216' title='bbox 191 2682 342 2750; x_wconf 87' lang='lat' dir='ltr'>Simonem</span> <span class='ocrx_word' id='word_1_217' title='bbox 357 2684 497 2765; x_wconf 89' lang='lat' dir='ltr'>Petrum,</span> <span class='ocrx_word' id='word_1_218' title='bbox 522 2698 553 2750; x_wconf 91' lang='lat' dir='ltr'>et</span> <span class='ocrx_word' id='word_1_219' title='bbox 568 2687 719 2750; x_wconf 82' lang='lat' dir='ltr'>Andream</span> <span class='ocrx_word' id='word_1_220' title='bbox 737 2687 801 2752; x_wconf 89' lang='lat' dir='ltr'>eins</span> <span class='ocrx_word' id='word_1_221' title='bbox 817 2689 955 2765; x_wconf 80' lang='lat' dir='ltr'>tratrem,</span> <span class='ocrx_word' id='word_1_222' title='bbox 981 2685 1136 2766; x_wconf 88' lang='lat' dir='ltr'>lacobnm,</span> <span class='ocrx_word' id='word_1_223' title='bbox 1155 2697 1191 2750; x_wconf 90' lang='lat' dir='ltr'>et</span> <span class='ocrx_word' id='word_1_224' title='bbox 1206 2683 1345 2751; x_wconf 89' lang='lat' dir='ltr'>loannem</span> 
     </span>
     <span class='ocr_line' id='line_1_25' title="bbox 193 2784 1345 2875; baseline 0.002 -25"><span class='ocrx_word' id='word_1_225' title='bbox 193 2784 343 2851; x_wconf 85' lang='lat' dir='ltr'>Zebedaei</span> <span class='ocrx_word' id='word_1_226' title='bbox 362 2788 457 2865; x_wconf 83' lang='lat' dir='ltr'>blios,</span> <span class='ocrx_word' id='word_1_227' title='bbox 479 2810 553 2873; x_wconf 90' lang='lat' dir='ltr'>quos</span> <span class='ocrx_word' id='word_1_228' title='bbox 569 2788 636 2852; x_wconf 90' lang='lat' dir='ltr'>olim</span> <span class='ocrx_word' id='word_1_229' title='bbox 657 2790 823 2873; x_wconf 83' lang='lat' dir='ltr'>delegerat,</span> <span class='ocrx_word' id='word_1_230' title='bbox 847 2787 1009 2875; x_wconf 80' lang='lat' dir='ltr'>Philippum</span> <span class='ocrx_word' id='word_1_231' title='bbox 1027 2801 1058 2854; x_wconf 92' lang='lat' dir='ltr'>et</span> <span class='ocrx_word' id='word_1_232' title='bbox 1075 2789 1345 2869; x_wconf 79' lang='lat' dir='ltr'>bartholomaeum,</span> 
     </span>
     <span class='ocr_line' id='line_1_26' title="bbox 191 2885 1346 2970; baseline 0.003 -18"><span class='ocrx_word' id='word_1_233' title='bbox 191 2885 394 2962; x_wconf 83' lang='lat' dir='ltr'>Mattbaeum‚</span> <span class='ocrx_word' id='word_1_234' title='bbox 421 2889 579 2968; x_wconf 87' lang='lat' dir='ltr'>Tbomam‚</span> <span class='ocrx_word' id='word_1_235' title='bbox 604 2902 634 2954; x_wconf 92' lang='lat' dir='ltr'>et</span> <span class='ocrx_word' id='word_1_236' title='bbox 650 2889 762 2970; x_wconf 91' lang='lat' dir='ltr'>ludam,</span> <span class='ocrx_word' id='word_1_237' title='bbox 786 2914 820 2955; x_wconf 90' lang='lat' dir='ltr'>ac</span> <span class='ocrx_word' id='word_1_238' title='bbox 838 2891 1045 2969; x_wconf 81' lang='lat' dir='ltr'>Thaddaeuun,</span> <span class='ocrx_word' id='word_1_239' title='bbox 1070 2904 1101 2957; x_wconf 93' lang='lat' dir='ltr'>et</span> <span class='ocrx_word' id='word_1_240' title='bbox 1116 2890 1269 2957; x_wconf 83' lang='lat' dir='ltr'>Simonem</span> <span class='ocrx_word' id='word_1_241' title='bbox 1286 2889 1346 2955; x_wconf 87' lang='lat' dir='ltr'>Ze·</span> 
     </span>
     <span class='ocr_line' id='line_1_27' title="bbox 191 2989 1345 3083; baseline 0.004 -29"><span class='ocrx_word' id='word_1_242' title='bbox 191 2990 289 3068; x_wconf 89' lang='lat' dir='ltr'>loten,</span> <span class='ocrx_word' id='word_1_243' title='bbox 325 3003 354 3055; x_wconf 86' lang='lat' dir='ltr'>et</span> <span class='ocrx_word' id='word_1_244' title='bbox 378 2990 479 3056; x_wconf 91' lang='lat' dir='ltr'>ludam</span> <span class='ocrx_word' id='word_1_245' title='bbox 506 2989 694 3070; x_wconf 86' lang='lat' dir='ltr'>iscariotem,</span> <span class='ocrx_word' id='word_1_246' title='bbox 727 3015 824 3078; x_wconf 90' lang='lat' dir='ltr'>aquo</span> <span class='ocrx_word' id='word_1_247' title='bbox 848 2995 897 3057; x_wconf 92' lang='lat' dir='ltr'>ille</span> <span class='ocrx_word' id='word_1_248' title='bbox 923 2996 1046 3059; x_wconf 87' lang='lat' dir='ltr'>traditus</span> <span class='ocrx_word' id='word_1_249' title='bbox 1068 3005 1125 3083; x_wconf 81' lang='lat' dir='ltr'>est.</span> <span class='ocrx_word' id='word_1_250' title='bbox 1171 2992 1245 3059; x_wconf 91' lang='lat' dir='ltr'>ltem</span> <span class='ocrx_word' id='word_1_251' title='bbox 1272 2994 1345 3059; x_wconf 88' lang='lat' dir='ltr'>alios</span> 
     </span>
     <span class='ocr_line' id='line_1_28' title="bbox 191 3090 1344 3181; baseline 0.003 -25"><span class='ocrx_word' id='word_1_252' title='bbox 191 3090 334 3172; x_wconf 80' lang='lat' dir='ltr'>Lxxtt,</span> <span class='ocrx_word' id='word_1_253' title='bbox 365 3095 503 3180; x_wconf 88' lang='lat' dir='ltr'>equibus</span> <span class='ocrx_word' id='word_1_254' title='bbox 519 3092 579 3158; x_wconf 92' lang='lat' dir='ltr'>Vll</span> <span class='ocrx_word' id='word_1_255' title='bbox 597 3095 637 3159; x_wconf 93' lang='lat' dir='ltr'>illi</span> <span class='ocrx_word' id='word_1_256' title='bbox 661 3097 743 3160; x_wconf 88' lang='lat' dir='ltr'>luere</span> <span class='ocrx_word' id='word_1_257' title='bbox 763 3095 813 3180; x_wconf 93' lang='lat' dir='ltr'>qui</span> <span class='ocrx_word' id='word_1_258' title='bbox 828 3096 864 3159; x_wconf 89' lang='lat' dir='ltr'>ad</span> <span class='ocrx_word' id='word_1_259' title='bbox 883 3096 1034 3160; x_wconf 86' lang='lat' dir='ltr'>viduarum</span> <span class='ocrx_word' id='word_1_260' title='bbox 1052 3097 1223 3181; x_wconf 87' lang='lat' dir='ltr'>obsequium</span> <span class='ocrx_word' id='word_1_261' title='bbox 1240 3096 1344 3161; x_wconf 87' lang='lat' dir='ltr'>delecti</span> 
     </span>
     <span class='ocr_line' id='line_1_29' title="bbox 191 3193 1344 3283; baseline 0.002 -23"><span class='ocrx_word' id='word_1_262' title='bbox 191 3206 279 3275; x_wconf 83' lang='lat' dir='ltr'>suut,</span> <span class='ocrx_word' id='word_1_263' title='bbox 304 3193 490 3280; x_wconf 86' lang='lat' dir='ltr'>Stephanus,</span> <span class='ocrx_word' id='word_1_264' title='bbox 523 3196 692 3283; x_wconf 90' lang='lat' dir='ltr'>Pbilippns,</span> <span class='ocrx_word' id='word_1_265' title='bbox 721 3195 910 3277; x_wconf 85' lang='lat' dir='ltr'>Proeborus,</span> <span class='ocrx_word' id='word_1_266' title='bbox 942 3197 1094 3276; x_wconf 89' lang='lat' dir='ltr'>Nicanor,</span> <span class='ocrx_word' id='word_1_267' title='bbox 1119 3198 1247 3278; x_wconf 84' lang='lat' dir='ltr'>Timon,</span> <span class='ocrx_word' id='word_1_268' title='bbox 1268 3197 1344 3263; x_wconf 82' lang='lat' dir='ltr'>Par·</span> 
     </span>
     <span class='ocr_line' id='line_1_30' title="bbox 191 3295 1345 3385; baseline 0.003 -25"><span class='ocrx_word' id='word_1_269' title='bbox 191 3319 311 3375; x_wconf 89' lang='lat' dir='ltr'>menas,</span> <span class='ocrx_word' id='word_1_270' title='bbox 337 3308 366 3360; x_wconf 89' lang='lat' dir='ltr'>et</span> <span class='ocrx_word' id='word_1_271' title='bbox 382 3295 546 3378; x_wconf 86' lang='lat' dir='ltr'>Nicolaus,</span> <span class='ocrx_word' id='word_1_272' title='bbox 570 3311 599 3364; x_wconf 90' lang='lat' dir='ltr'>et</span> <span class='ocrx_word' id='word_1_273' title='bbox 614 3312 732 3385; x_wconf 90' lang='lat' dir='ltr'>praeter</span> <span class='ocrx_word' id='word_1_274' title='bbox 750 3301 802 3365; x_wconf 90' lang='lat' dir='ltr'>bos</span> <span class='ocrx_word' id='word_1_275' title='bbox 818 3298 979 3380; x_wconf 87' lang='lat' dir='ltr'>Mattbias,</span> <span class='ocrx_word' id='word_1_276' title='bbox 1014 3301 1062 3385; x_wconf 91' lang='lat' dir='ltr'>qui</span> <span class='ocrx_word' id='word_1_277' title='bbox 1078 3302 1144 3365; x_wconf 90' lang='lat' dir='ltr'>loco</span> <span class='ocrx_word' id='word_1_278' title='bbox 1162 3297 1250 3366; x_wconf 89' lang='lat' dir='ltr'>ludae</span> <span class='ocrx_word' id='word_1_279' title='bbox 1267 3302 1345 3366; x_wconf 91' lang='lat' dir='ltr'>iuter</span> 
     </span>
     <span class='ocr_line' id='line_1_31' title="bbox 191 3399 1343 3485; baseline 0.006 -22"><span class='ocrx_word' id='word_1_280' title='bbox 191 3399 341 3485; x_wconf 89' lang='lat' dir='ltr'>apostolos</span> <span class='ocrx_word' id='word_1_281' title='bbox 359 3411 512 3484; x_wconf 85' lang='lat' dir='ltr'>cooptatus</span> <span class='ocrx_word' id='word_1_282' title='bbox 531 3412 587 3465; x_wconf 88' lang='lat' dir='ltr'>est.</span> <span class='ocrx_word' id='word_1_283' title='bbox 632 3403 835 3467; x_wconf 72' lang='lat' dir='ltr'>decesserunt</span> <span class='ocrx_word' id='word_1_284' title='bbox 850 3404 885 3466; x_wconf 90' lang='lat' dir='ltr'>ad</span> <span class='ocrx_word' id='word_1_285' title='bbox 903 3404 969 3468; x_wconf 90' lang='lat' dir='ltr'>illos</span> <span class='ocrx_word' id='word_1_286' title='bbox 989 3402 1129 3484; x_wconf 85' lang='lat' dir='ltr'>Marcus,</span> <span class='ocrx_word' id='word_1_287' title='bbox 1153 3403 1269 3484; x_wconf 88' lang='lat' dir='ltr'>Lucas,</span> <span class='ocrx_word' id='word_1_288' title='bbox 1295 3402 1343 3470; x_wconf 91' lang='lat' dir='ltr'>lu·</span> 
     </span>
     <span class='ocr_line' id='line_1_32' title="bbox 191 3500 1341 3590; baseline 0.004 -24"><span class='ocrx_word' id='word_1_289' title='bbox 191 3513 272 3580; x_wconf 87' lang='lat' dir='ltr'>stus,</span> <span class='ocrx_word' id='word_1_290' title='bbox 307 3500 478 3582; x_wconf 79' lang='lat' dir='ltr'>barnabas,</span> <span class='ocrx_word' id='word_1_291' title='bbox 515 3503 671 3588; x_wconf 77' lang='lat' dir='ltr'>Appelles,</span> <span class='ocrx_word' id='word_1_292' title='bbox 706 3502 819 3583; x_wconf 76' lang='lat' dir='ltr'>liuius,</span> <span class='ocrx_word' id='word_1_293' title='bbox 856 3504 971 3590; x_wconf 83' lang='lat' dir='ltr'>Niger,</span> <span class='ocrx_word' id='word_1_294' title='bbox 1007 3528 1040 3569; x_wconf 88' lang='lat' dir='ltr'>ac</span> <span class='ocrx_word' id='word_1_295' title='bbox 1070 3507 1173 3590; x_wconf 85' lang='lat' dir='ltr'>reliqui</span> <span class='ocrx_word' id='word_1_296' title='bbox 1204 3505 1341 3571; x_wconf 83' lang='lat' dir='ltr'>LXXll.</span> 
     </span>
     <span class='ocr_line' id='line_1_33' title="bbox 192 3600 1343 3695; baseline 0.005 -28"><span class='ocrx_word' id='word_1_297' title='bbox 192 3600 372 3686; x_wconf 80' lang='lat' dir='ltr'>Quibuscum</span> <span class='ocrx_word' id='word_1_298' title='bbox 398 3604 484 3668; x_wconf 89' lang='lat' dir='ltr'>etiam</span> <span class='ocrx_word' id='word_1_299' title='bbox 509 3615 641 3669; x_wconf 88' lang='lat' dir='ltr'>sanctum</span> <span class='ocrx_word' id='word_1_300' title='bbox 660 3603 781 3670; x_wconf 85' lang='lat' dir='ltr'>Paulum</span> <span class='ocrx_word' id='word_1_301' title='bbox 799 3619 903 3691; x_wconf 89' lang='lat' dir='ltr'>suapte</span> <span class='ocrx_word' id='word_1_302' title='bbox 923 3609 958 3672; x_wconf 94' lang='lat' dir='ltr'>de</span> <span class='ocrx_word' id='word_1_303' title='bbox 975 3610 1059 3673; x_wconf 88' lang='lat' dir='ltr'>coelo</span> <span class='ocrx_word' id='word_1_304' title='bbox 1074 3632 1149 3675; x_wconf 88' lang='lat' dir='ltr'>voce</span> <span class='ocrx_word' id='word_1_305' title='bbox 1163 3610 1253 3674; x_wconf 87' lang='lat' dir='ltr'>missa</span> <span class='ocrx_word' id='word_1_306' title='bbox 1273 3631 1343 3695; x_wconf 87' lang='lat' dir='ltr'>apo-</span> 
     </span>
     <span class='ocr_line' id='line_1_34' title="bbox 191 3707 1345 3793; baseline 0.007 -24"><span class='ocrx_word' id='word_1_307' title='bbox 191 3707 296 3771; x_wconf 79' lang='lat' dir='ltr'>stolum</span> <span class='ocrx_word' id='word_1_308' title='bbox 314 3707 445 3791; x_wconf 82' lang='lat' dir='ltr'>gentium</span> <span class='ocrx_word' id='word_1_309' title='bbox 465 3729 500 3771; x_wconf 88' lang='lat' dir='ltr'>aa</span> <span class='ocrx_word' id='word_1_310' title='bbox 519 3727 692 3792; x_wconf 88' lang='lat' dir='ltr'>praeconem</span> <span class='ocrx_word' id='word_1_311' title='bbox 709 3720 739 3773; x_wconf 95' lang='lat' dir='ltr'>et</span> <span class='ocrx_word' id='word_1_312' title='bbox 754 3710 932 3793; x_wconf 86' lang='lat' dir='ltr'>apostolieae</span> <span class='ocrx_word' id='word_1_313' title='bbox 956 3712 1105 3776; x_wconf 90' lang='lat' dir='ltr'>doetrinae</span> <span class='ocrx_word' id='word_1_314' title='bbox 1128 3726 1345 3777; x_wconf 89' lang='lat' dir='ltr'>eonsummato-</span> 
     </span>
     <span class='ocr_line' id='line_1_35' title="bbox 190 3807 1342 3893; baseline 0.004 -19"><span class='ocrx_word' id='word_1_315' title='bbox 190 3811 407 3874; x_wconf 87' lang='lat' dir='ltr'>reminstituit.</span> <span class='ocrx_word' id='word_1_316' title='bbox 455 3807 514 3893; x_wconf 80' lang='lat' dir='ltr'>Qui</span> <span class='ocrx_word' id='word_1_317' title='bbox 538 3808 652 3893; x_wconf 92' lang='lat' dir='ltr'>quidem</span> <span class='ocrx_word' id='word_1_318' title='bbox 676 3820 807 3873; x_wconf 86' lang='lat' dir='ltr'>sanctum</span> <span class='ocrx_word' id='word_1_319' title='bbox 830 3809 961 3892; x_wconf 88' lang='lat' dir='ltr'>Lucam,</span> <span class='ocrx_word' id='word_1_320' title='bbox 995 3826 1223 3891; x_wconf 86' lang='lat' dir='ltr'>utmemoraut,</span> <span class='ocrx_word' id='word_1_321' title='bbox 1254 3838 1342 3879; x_wconf 92' lang='lat' dir='ltr'>unum</span> 
     </span>
     <span class='ocr_line' id='line_1_36' title="bbox 191 3909 1343 4002; baseline 0.003 -26"><span class='ocrx_word' id='word_1_322' title='bbox 191 3909 349 3976; x_wconf 84' lang='lat' dir='ltr'>oLXXll</span> <span class='ocrx_word' id='word_1_323' title='bbox 368 3913 534 3996; x_wconf 88' lang='lat' dir='ltr'>discipulis,</span> <span class='ocrx_word' id='word_1_324' title='bbox 560 3911 607 3995; x_wconf 91' lang='lat' dir='ltr'>qui</span> <span class='ocrx_word' id='word_1_325' title='bbox 627 3910 757 3995; x_wconf 86' lang='lat' dir='ltr'>dissipati</span> <span class='ocrx_word' id='word_1_326' title='bbox 779 3914 914 3990; x_wconf 85' lang='lat' dir='ltr'>inerant,</span> <span class='ocrx_word' id='word_1_327' title='bbox 945 3917 1080 3995; x_wconf 83' lang='lat' dir='ltr'>reduxit,</span> <span class='ocrx_word' id='word_1_328' title='bbox 1112 3938 1235 4002; x_wconf 92' lang='lat' dir='ltr'>eumque</span> <span class='ocrx_word' id='word_1_329' title='bbox 1252 3919 1343 3982; x_wconf 90' lang='lat' dir='ltr'>comi·</span> 
     </span>
     <span class='ocr_line' id='line_1_37' title="bbox 191 4011 1341 4099; baseline 0.008 -23"><span class='ocrx_word' id='word_1_330' title='bbox 191 4023 250 4078; x_wconf 90' lang='lat' dir='ltr'>tem</span> <span class='ocrx_word' id='word_1_331' title='bbox 267 4025 299 4077; x_wconf 89' lang='lat' dir='ltr'>et</span> <span class='ocrx_word' id='word_1_332' title='bbox 315 4015 477 4077; x_wconf 90' lang='lat' dir='ltr'>adiutorem</span> <span class='ocrx_word' id='word_1_333' title='bbox 495 4011 641 4096; x_wconf 85' lang='lat' dir='ltr'>evangelii</span> <span class='ocrx_word' id='word_1_334' title='bbox 657 4013 741 4077; x_wconf 72' lang='lat' dir='ltr'>siaul</span> <span class='ocrx_word' id='word_1_335' title='bbox 762 4025 791 4077; x_wconf 96' lang='lat' dir='ltr'>et</span> <span class='ocrx_word' id='word_1_336' title='bbox 807 4017 970 4099; x_wconf 88' lang='lat' dir='ltr'>apostolum</span> <span class='ocrx_word' id='word_1_337' title='bbox 987 4017 1129 4081; x_wconf 88' lang='lat' dir='ltr'>adbibuit.</span> <span class='ocrx_word' id='word_1_338' title='bbox 1175 4018 1240 4084; x_wconf 86' lang='lat' dir='ltr'>ldoc</span> <span class='ocrx_word' id='word_1_339' title='bbox 1256 4021 1341 4084; x_wconf 80' lang='lat' dir='ltr'>niodo</span> 
     </span>
     <span class='ocr_line' id='line_1_38' title="bbox 191 4116 1276 4204; baseline 0.008 -26"><span class='ocrx_word' id='word_1_340' title='bbox 191 4125 283 4181; x_wconf 90' lang='lat' dir='ltr'>totum</span> <span class='ocrx_word' id='word_1_341' title='bbox 307 4116 453 4198; x_wconf 82' lang='lat' dir='ltr'>euangelii</span> <span class='ocrx_word' id='word_1_342' title='bbox 475 4116 622 4200; x_wconf 84' lang='lat' dir='ltr'>negotium</span> <span class='ocrx_word' id='word_1_343' title='bbox 646 4117 680 4180; x_wconf 82' lang='lat' dir='ltr'>ad</span> <span class='ocrx_word' id='word_1_344' title='bbox 704 4117 731 4178; x_wconf 91' lang='lat' dir='ltr'>id</span> <span class='ocrx_word' id='word_1_345' title='bbox 754 4137 848 4201; x_wconf 92' lang='lat' dir='ltr'>usque</span> <span class='ocrx_word' id='word_1_346' title='bbox 871 4120 1010 4204; x_wconf 89' lang='lat' dir='ltr'>temporis</span> <span class='ocrx_word' id='word_1_347' title='bbox 1032 4122 1195 4185; x_wconf 82' lang='lat' dir='ltr'>conlectum</span> <span class='ocrx_word' id='word_1_348' title='bbox 1219 4135 1276 4187; x_wconf 88' lang='lat' dir='ltr'>est.</span> 
     </span>
    </p>

    <p class='ocr_par' dir='ltr' id='par_1_11' title="bbox 276 4215 1341 4306">
     <span class='ocr_line' id='line_1_39' title="bbox 276 4215 1341 4306; baseline 0.007 -24"><span class='ocrx_word' id='word_1_349' title='bbox 276 4218 374 4303; x_wconf 77' lang='lat' dir='ltr'>Atque</span> <span class='ocrx_word' id='word_1_350' title='bbox 393 4219 535 4282; x_wconf 87' lang='lat' dir='ltr'>haetenus</span> <span class='ocrx_word' id='word_1_351' title='bbox 550 4219 586 4283; x_wconf 92' lang='lat' dir='ltr'>de</span> <span class='ocrx_word' id='word_1_352' title='bbox 603 4215 646 4281; x_wconf 82' lang='lat' dir='ltr'>xl</span> <span class='ocrx_word' id='word_1_353' title='bbox 665 4218 774 4298; x_wconf 89' lang='lat' dir='ltr'>sectis,</span> <span class='ocrx_word' id='word_1_354' title='bbox 808 4221 900 4306; x_wconf 90' lang='lat' dir='ltr'>deque</span> <span class='ocrx_word' id='word_1_355' title='bbox 924 4243 960 4284; x_wconf 92' lang='lat' dir='ltr'>eo</span> <span class='ocrx_word' id='word_1_356' title='bbox 978 4224 1054 4306; x_wconf 89' lang='lat' dir='ltr'>quod</span> <span class='ocrx_word' id='word_1_357' title='bbox 1075 4225 1178 4288; x_wconf 89' lang='lat' dir='ltr'>ordine</span> <span class='ocrx_word' id='word_1_358' title='bbox 1200 4246 1341 4291; x_wconf 87' lang='lat' dir='ltr'>consecu-</span> 
     </span>
    </p>
   </div>
   <div class='ocr_carea' id='block_1_3' title="bbox 190 4402 1317 4611">
    <p class='ocr_par' dir='ltr' id='par_1_12' title="bbox 190 4402 1317 4611">
     <span class='ocr_line' id='line_1_40' title="bbox 192 4402 1317 4495; baseline 0.009 -25"><span class='ocrx_word' id='word_1_359' title='bbox 192 4422 248 4471; x_wconf 78' lang='lat' dir='ltr'>ltem</span> <span class='ocrx_word' id='word_1_360' title='bbox 273 4424 362 4472; x_wconf 74' lang='lat' dir='ltr'>Pence.</span> <span class='ocrx_word' id='word_1_361' title='bbox 387 4425 516 4473; x_wconf 64' lang='lat' dir='ltr'>ennomus</span> <span class='ocrx_word' id='word_1_362' title='bbox 539 4427 607 4474; x_wconf 81' lang='lat' dir='ltr'>oerttt</span> <span class='ocrx_word' id='word_1_363' title='bbox 632 4433 698 4474; x_wconf 77' lang='lat' dir='ltr'>certa</span> <span class='ocrx_word' id='word_1_364' title='bbox 723 4423 753 4473; x_wconf 81' lang='lat' dir='ltr'>fit</span> <span class='ocrx_word' id='word_1_365' title='bbox 819 4424 860 4478; x_wconf 88' lang='grc'>96.</span> <span class='ocrx_word' id='word_1_366' title='bbox 879 4422 961 4495; x_wconf 69' lang='grc' dir='ltr'>ἑαυτῷ</span> <span class='ocrx_word' id='word_1_367' title='bbox 977 4429 1046 4477; x_wconf 83' lang='lat' dir='ltr'>codd.</span> <span class='ocrx_word' id='word_1_368' title='bbox 1063 4443 1118 4479; x_wconf 78' lang='lat' dir='ltr'>mer.</span> <span class='ocrx_word' id='word_1_369' title='bbox 1136 4402 1157 4479; x_wconf 84' lang='lat' dir='ltr'>et</span> <span class='ocrx_word' id='word_1_370' title='bbox 1173 4432 1228 4480; x_wconf 81' lang='lat' dir='ltr'>edtt.</span> <span class='ocrx_word' id='word_1_371' title='bbox 1243 4434 1317 4494; x_wconf 83' lang='lat' dir='ltr'>prtne.</span> 
     </span>
     <span class='ocr_line' id='line_1_41' title="bbox 190 4487 1214 4562; baseline 0.011 -25"><span class='ocrx_word' id='word_1_372' title='bbox 190 4487 354 4555; x_wconf 77' lang='lat' dir='ltr'>glorificatio:</span> <span class='ocrx_word' id='word_1_373' title='bbox 379 4489 405 4539; x_wconf 91' lang='lat' dir='ltr'>in</span> <span class='ocrx_word' id='word_1_374' title='bbox 428 4506 517 4540; x_wconf 86' lang='lat' dir='ltr'>nomen</span> <span class='ocrx_word' id='word_1_375' title='bbox 537 4490 595 4552; x_wconf 87' lang='lat' dir='ltr'>filii,</span> <span class='ocrx_word' id='word_1_376' title='bbox 621 4509 672 4543; x_wconf 90' lang='lat' dir='ltr'>non</span> <span class='ocrx_word' id='word_1_377' title='bbox 685 4491 750 4542; x_wconf 85' lang='lat' dir='ltr'>dcli-</span> <span class='ocrx_word' id='word_1_378' title='bbox 817 4492 858 4546; x_wconf 84' lang='lat'>97.</span> <span class='ocrx_word' id='word_1_379' title='bbox 875 4492 938 4548; x_wconf 77' lang='grc' dir='ltr'>ὄδὺο</span> <span class='ocrx_word' id='word_1_380' title='bbox 952 4497 1021 4546; x_wconf 72' lang='lat' dir='ltr'>codd</span> <span class='ocrx_word' id='word_1_381' title='bbox 1041 4503 1214 4562; x_wconf 66' lang='lat' dir='ltr'>moneturque.</span> 
     </span>
     <span class='ocr_line' id='line_1_42' title="bbox 191 4556 603 4611; baseline 0.01 -4"><span class='ocrx_word' id='word_1_382' title='bbox 191 4556 278 4608; x_wconf 76' lang='lat' dir='ltr'>dentis</span> <span class='ocrx_word' id='word_1_383' title='bbox 296 4567 334 4608; x_wconf 86' lang='lat' dir='ltr'>est</span> <span class='ocrx_word' id='word_1_384' title='bbox 352 4558 538 4610; x_wconf 85' lang='lat' dir='ltr'>nomenclatura</span> <span class='ocrx_word' id='word_1_385' title='bbox 554 4564 603 4611; x_wconf 80' lang='lat' dir='ltr'>cett</span> 
     </span>
    </p>
   </div>
   <div class='ocr_carea' id='block_1_4' title="bbox 0 0 1555 5070">
    <p class='ocr_par' dir='ltr' id='par_1_13' title="bbox 0 0 1555 5070">
     <span class='ocr_line' id='line_1_43' title="bbox 0 0 1555 5070; baseline 0 0"><span class='ocrx_word' id='word_1_386' title='bbox 0 0 1555 5070; x_wconf 95' lang='lat' dir='ltr'> </span> 
     </span>
    </p>
   </div>
  </div>
 </body>
</html>
