<?xml version="1.0" encoding="UTF-8"?>
<!DOCTYPE html PUBLIC "-//W3C//DTD XHTML 1.0 Transitional//EN"
    "http://www.w3.org/TR/xhtml1/DTD/xhtml1-transitional.dtd">
<html xmlns="http://www.w3.org/1999/xhtml" xml:lang="en" lang="en">
 <head>
  <title>
</title>
<meta http-equiv="Content-Type" content="text/html;charset=utf-8" />
  <meta name='ocr-system' content='tesseract 3.04.00' />
  <meta name='ocr-capabilities' content='ocr_page ocr_carea ocr_par ocr_line ocrx_word'/>
</head>
<body>
  <div class='ocr_page' id='page_1' title='image "./corporishaerese00unkngoog/corporishaerese00unkngoog_0424.png"; bbox 0 0 3096 5070; ppageno 0'>
   <div class='ocr_carea' id='block_1_1' title="bbox 421 268 1344 385">
    <p class='ocr_par' dir='ltr' id='par_1_1' title="bbox 421 268 1344 385">
     <span class='ocr_line' id='line_1_1' title="bbox 421 268 1344 385; baseline -0.003 -33"><span class='ocrx_word' id='word_1_1' title='bbox 421 296 558 352; x_wconf 76' lang='lat' dir='ltr'><strong>cannen</strong></span> <span class='ocrx_word' id='word_1_2' title='bbox 576 299 637 349; x_wconf 82' lang='lat' dir='ltr'><strong>cra.</strong></span> <span class='ocrx_word' id='word_1_3' title='bbox 653 300 696 350; x_wconf 83' lang='lat' dir='ltr'><strong>ur.</strong></span> <span class='ocrx_word' id='word_1_4' title='bbox 712 298 795 350; x_wconf 86' lang='lat' dir='ltr'><strong>ron.</strong></span> <span class='ocrx_word' id='word_1_5' title='bbox 807 300 839 349; x_wconf 94' lang='lat' dir='ltr'><strong>n.</strong></span> <span class='ocrx_word' id='word_1_6' title='bbox 858 286 956 352; x_wconf 79' lang='lat' dir='ltr'><strong>unce.</strong></span> <span class='ocrx_word' id='word_1_7' title='bbox 970 298 1113 350; x_wconf 81' lang='lat' dir='ltr'><strong>cxxvrn.</strong></span> <span class='ocrx_word' id='word_1_8' title='bbox 1247 374 1251 385; x_wconf 30' lang='grc' dir='ltr'>Ι</span> <span class='ocrx_word' id='word_1_9' title='bbox 1282 268 1344 349; x_wconf 76' lang='lat' dir='ltr'><strong>nr</strong></span> 
     </span>
    </p>
   </div>
   <div class='ocr_carea' id='block_1_2' title="bbox 188 414 1501 4499">
    <p class='ocr_par' dir='ltr' id='par_1_2' title="bbox 188 414 1501 1937">
     <span class='ocr_line' id='line_1_2' title="bbox 188 414 1345 504; baseline -0.003 -20"><span class='ocrx_word' id='word_1_10' title='bbox 188 419 276 484; x_wconf 90' lang='lat' dir='ltr'><strong>homo</strong></span> <span class='ocrx_word' id='word_1_11' title='bbox 300 437 395 482; x_wconf 85' lang='lat' dir='ltr'><strong>senex</strong></span> <span class='ocrx_word' id='word_1_12' title='bbox 415 436 504 504; x_wconf 85' lang='lat' dir='ltr'><strong>supra</strong></span> <span class='ocrx_word' id='word_1_13' title='bbox 521 414 648 481; x_wconf 84' lang='lat' dir='ltr'>LXXX</span> <span class='ocrx_word' id='word_1_14' title='bbox 673 439 767 481; x_wconf 91' lang='lat' dir='ltr'><strong>annos</strong></span> <span class='ocrx_word' id='word_1_15' title='bbox 792 428 876 482; x_wconf 89' lang='lat' dir='ltr'><strong>uatus</strong></span> <span class='ocrx_word' id='word_1_16' title='bbox 898 417 1041 501; x_wconf 78' lang='lat' dir='ltr'><strong>virginem</strong></span> <span class='ocrx_word' id='word_1_17' title='bbox 1057 417 1093 480; x_wconf 87' lang='lat' dir='ltr'><strong>ad</strong></span> <span class='ocrx_word' id='word_1_18' title='bbox 1110 438 1193 481; x_wconf 92' lang='lat' dir='ltr'><strong>usum</strong></span> <span class='ocrx_word' id='word_1_19' title='bbox 1212 418 1345 503; x_wconf 88' lang='lat' dir='ltr'><strong>corporis</strong></span> 
     </span>
     <span class='ocr_line' id='line_1_3' title="bbox 189 519 1345 606; baseline -0.003 -19"><span class='ocrx_word' id='word_1_20' title='bbox 189 544 247 588; x_wconf 91' lang='lat' dir='ltr'><strong>uon</strong></span> <span class='ocrx_word' id='word_1_21' title='bbox 272 520 437 606; x_wconf 86' lang='lat' dir='ltr'><strong>acceperit,</strong></span> <span class='ocrx_word' id='word_1_22' title='bbox 469 521 520 584; x_wconf 90' lang='lat' dir='ltr'><strong>sed</strong></span> <span class='ocrx_word' id='word_1_23' title='bbox 541 520 639 584; x_wconf 91' lang='lat' dir='ltr'><strong>divina</strong></span> <span class='ocrx_word' id='word_1_24' title='bbox 655 521 752 605; x_wconf 89' lang='lat' dir='ltr'><strong>potins</strong></span> <span class='ocrx_word' id='word_1_25' title='bbox 770 521 953 606; x_wconf 89' lang='lat' dir='ltr'><strong>providentia</strong></span> <span class='ocrx_word' id='word_1_26' title='bbox 973 522 1008 584; x_wconf 93' lang='lat' dir='ltr'><strong>ad</strong></span> <span class='ocrx_word' id='word_1_27' title='bbox 1030 520 1108 583; x_wconf 90' lang='lat' dir='ltr'><strong>illam</strong></span> <span class='ocrx_word' id='word_1_28' title='bbox 1127 519 1345 583; x_wconf 74' lang='lat' dir='ltr'><strong>custodiendam</strong></span> 
     </span>
     <span class='ocr_line' id='line_1_4' title="bbox 189 620 1345 710; baseline -0.004 -21"><span class='ocrx_word' id='word_1_29' title='bbox 189 637 235 689; x_wconf 86' lang='lat' dir='ltr'><strong>est</strong></span> <span class='ocrx_word' id='word_1_30' title='bbox 251 625 414 710; x_wconf 91' lang='lat' dir='ltr'><strong>appositus.</strong></span> <span class='ocrx_word' id='word_1_31' title='bbox 460 621 575 686; x_wconf 82' lang='lat' dir='ltr'>Deinde</span> <span class='ocrx_word' id='word_1_32' title='bbox 600 622 685 685; x_wconf 90' lang='lat' dir='ltr'><strong>ambo</strong></span> <span class='ocrx_word' id='word_1_33' title='bbox 702 634 787 686; x_wconf 91' lang='lat' dir='ltr'><strong>erant</strong></span> <span class='ocrx_word' id='word_1_34' title='bbox 809 624 907 707; x_wconf 89' lang='lat' dir='ltr'><strong>utique</strong></span> <span class='ocrx_word' id='word_1_35' title='bbox 927 622 1013 702; x_wconf 69' lang='lat' dir='ltr'><strong>iusti,</strong></span> <span class='ocrx_word' id='word_1_36' title='bbox 1045 643 1140 705; x_wconf 90' lang='lat' dir='ltr'><strong>neque</strong></span> <span class='ocrx_word' id='word_1_37' title='bbox 1158 620 1206 706; x_wconf 86' lang='lat' dir='ltr'><strong>qui</strong></span> <span class='ocrx_word' id='word_1_38' title='bbox 1224 621 1279 684; x_wconf 90' lang='lat' dir='ltr'><strong>hoc</strong></span> <span class='ocrx_word' id='word_1_39' title='bbox 1298 641 1345 684; x_wconf 89' lang='lat' dir='ltr'><strong>se-</strong></span> 
     </span>
     <span class='ocr_line' id='line_1_5' title="bbox 190 724 1346 809; baseline -0.004 -17"><span class='ocrx_word' id='word_1_40' title='bbox 190 728 245 792; x_wconf 91' lang='lat' dir='ltr'><strong>mel</strong></span> <span class='ocrx_word' id='word_1_41' title='bbox 262 728 405 790; x_wconf 91' lang='lat' dir='ltr'><strong>audiisset</strong></span> <span class='ocrx_word' id='word_1_42' title='bbox 424 727 533 789; x_wconf 88' lang='lat' dir='ltr'><strong>loetum</strong></span> <span class='ocrx_word' id='word_1_43' title='bbox 552 725 649 802; x_wconf 83' lang='lat' dir='ltr'><strong>illum,</strong></span> <span class='ocrx_word' id='word_1_44' title='bbox 682 746 767 808; x_wconf 89' lang='lat' dir='ltr'><strong>quem</strong></span> <span class='ocrx_word' id='word_1_45' title='bbox 787 725 816 787; x_wconf 92' lang='lat' dir='ltr'><strong>in</strong></span> <span class='ocrx_word' id='word_1_46' title='bbox 838 736 922 788; x_wconf 90' lang='lat' dir='ltr'><strong>utero</strong></span> <span class='ocrx_word' id='word_1_47' title='bbox 939 726 1001 809; x_wconf 88' lang='lat' dir='ltr'><strong>ipsa</strong></span> <span class='ocrx_word' id='word_1_48' title='bbox 1026 725 1178 808; x_wconf 86' lang='lat' dir='ltr'><strong>gestabat,</strong></span> <span class='ocrx_word' id='word_1_49' title='bbox 1211 724 1346 809; x_wconf 90' lang='lat' dir='ltr'><strong>espiritu</strong></span> 
     </span>
     <span class='ocr_line' id='line_1_6' title="bbox 189 826 1345 912; baseline -0.005 -18"><span class='ocrx_word' id='word_1_50' title='bbox 189 851 257 896; x_wconf 86' lang='lat' dir='ltr'><strong>esse</strong></span> <span class='ocrx_word' id='word_1_51' title='bbox 275 841 397 906; x_wconf 91' lang='lat' dir='ltr'><strong>sancto,</strong></span> <span class='ocrx_word' id='word_1_52' title='bbox 424 839 488 912; x_wconf 91' lang='lat' dir='ltr'><strong>post</strong></span> <span class='ocrx_word' id='word_1_53' title='bbox 508 837 616 890; x_wconf 87' lang='lat' dir='ltr'><strong>tantam</strong></span> <span class='ocrx_word' id='word_1_54' title='bbox 638 827 683 890; x_wconf 91' lang='lat' dir='ltr'><strong>dei</strong></span> <span class='ocrx_word' id='word_1_55' title='bbox 700 827 982 890; x_wconf 88' lang='lat' dir='ltr'><strong>administrationem</strong></span> <span class='ocrx_word' id='word_1_56' title='bbox 1000 847 1071 891; x_wconf 88' lang='lat' dir='ltr'><strong>vase</strong></span> <span class='ocrx_word' id='word_1_57' title='bbox 1087 826 1137 889; x_wconf 90' lang='lat' dir='ltr'><strong>illo</strong></span> <span class='ocrx_word' id='word_1_58' title='bbox 1151 828 1274 890; x_wconf 77' lang='lat' dir='ltr'>auderet</span> <span class='ocrx_word' id='word_1_59' title='bbox 1293 827 1345 904; x_wconf 90' lang='lat' dir='ltr'><strong>uti,</strong></span> 
     </span>
     <span class='ocr_line' id='line_1_7' title="bbox 189 928 1347 1017; baseline -0.006 -20"><span class='ocrx_word' id='word_1_60' title='bbox 189 933 264 1017; x_wconf 90' lang='lat' dir='ltr'><strong>quod</strong></span> <span class='ocrx_word' id='word_1_61' title='bbox 283 953 350 996; x_wconf 91' lang='lat' dir='ltr'><strong>eum</strong></span> <span class='ocrx_word' id='word_1_62' title='bbox 365 950 471 1014; x_wconf 91' lang='lat' dir='ltr'><strong>capere</strong></span> <span class='ocrx_word' id='word_1_63' title='bbox 493 940 641 993; x_wconf 89' lang='lat' dir='ltr'><strong>meruerat</strong></span> <span class='ocrx_word' id='word_1_64' title='bbox 660 949 745 1012; x_wconf 90' lang='lat' dir='ltr'><strong>quem</strong></span> <span class='ocrx_word' id='word_1_65' title='bbox 765 929 802 992; x_wconf 92' lang='lat' dir='ltr'><strong>ob</strong></span> <span class='ocrx_word' id='word_1_66' title='bbox 820 929 1015 993; x_wconf 74' lang='lat' dir='ltr'>excellentem</span> <span class='ocrx_word' id='word_1_67' title='bbox 1040 928 1163 1012; x_wconf 80' lang='lat' dir='ltr'>gloriam</span> <span class='ocrx_word' id='word_1_68' title='bbox 1183 929 1296 991; x_wconf 89' lang='lat' dir='ltr'><strong>coelom</strong></span> <span class='ocrx_word' id='word_1_69' title='bbox 1313 948 1347 990; x_wconf 89' lang='lat' dir='ltr'><strong>ao</strong></span> 
     </span>
     <span class='ocr_line' id='line_1_8' title="bbox 190 1024 1347 1117; baseline -0.006 -18"><span class='ocrx_word' id='word_1_70' title='bbox 190 1047 269 1099; x_wconf 91' lang='lat' dir='ltr'><strong>terra</strong></span> <span class='ocrx_word' id='word_1_71' title='bbox 286 1033 440 1096; x_wconf 91' lang='lat' dir='ltr'><strong>continere</strong></span> <span class='ocrx_word' id='word_1_72' title='bbox 458 1053 515 1095; x_wconf 90' lang='lat' dir='ltr'><strong>nou</strong></span> <span class='ocrx_word' id='word_1_73' title='bbox 534 1042 667 1116; x_wconf 78' lang='lat' dir='ltr'><strong>possunt.</strong></span> <span class='ocrx_word' id='word_1_74' title='bbox 714 1024 792 1094; x_wconf 73' lang='lat' dir='ltr'><strong>Na&#39;m</strong></span> <span class='ocrx_word' id='word_1_75' title='bbox 811 1031 836 1095; x_wconf 90' lang='lat' dir='ltr'><strong>si</strong></span> <span class='ocrx_word' id='word_1_76' title='bbox 857 1031 912 1094; x_wconf 93' lang='lat' dir='ltr'><strong>hoc</strong></span> <span class='ocrx_word' id='word_1_77' title='bbox 930 1031 993 1117; x_wconf 93' lang='lat' dir='ltr'><strong>ipso</strong></span> <span class='ocrx_word' id='word_1_78' title='bbox 1011 1043 1144 1115; x_wconf 90' lang='lat' dir='ltr'><strong>ternpore</strong></span> <span class='ocrx_word' id='word_1_79' title='bbox 1167 1031 1298 1114; x_wconf 80' lang='lat' dir='ltr'><strong>virgines</strong></span> <span class='ocrx_word' id='word_1_80' title='bbox 1318 1030 1347 1093; x_wconf 94' lang='lat' dir='ltr'><strong>iu</strong></span> 
     </span>
     <span class='ocr_line' id='line_1_9' title="bbox 191 1132 1349 1233; baseline -0.006 -33"><span class='ocrx_word' id='word_1_81' title='bbox 191 1135 255 1200; x_wconf 87' lang='lat' dir='ltr'><strong>eius</strong></span> <span class='ocrx_word' id='word_1_82' title='bbox 274 1134 391 1198; x_wconf 90' lang='lat' dir='ltr'><strong>nominc</strong></span> <span class='ocrx_word' id='word_1_83' title='bbox 415 1155 607 1219; x_wconf 89' lang='lat' dir='ltr'><strong>perseverare</strong></span> <span class='ocrx_word' id='word_1_84' title='bbox 625 1134 654 1196; x_wconf 92' lang='lat' dir='ltr'><strong>in</strong></span> <span class='ocrx_word' id='word_1_85' title='bbox 673 1133 722 1197; x_wconf 93' lang='lat' dir='ltr'><strong>illo</strong></span> <span class='ocrx_word' id='word_1_86' title='bbox 742 1144 820 1233; x_wconf 65' lang='lat' dir='ltr'><strong>stapn</strong></span> <span class='ocrx_word' id='word_1_87' title='bbox 838 1155 872 1197; x_wconf 92' lang='lat' dir='ltr'><strong>ac</strong></span> <span class='ocrx_word' id='word_1_88' title='bbox 890 1134 1112 1214; x_wconf 68' lang='lat' dir='ltr'><strong>castimoniam,</strong></span> <span class='ocrx_word' id='word_1_89' title='bbox 1149 1146 1178 1197; x_wconf 91' lang='lat' dir='ltr'><strong>et</strong></span> <span class='ocrx_word' id='word_1_90' title='bbox 1195 1132 1349 1196; x_wconf 89' lang='lat' dir='ltr'><strong>continen-</strong></span> 
     </span>
     <span class='ocr_line' id='line_1_10' title="bbox 190 1232 1349 1322; baseline -0.003 -22"><span class='ocrx_word' id='word_1_91' title='bbox 190 1238 261 1301; x_wconf 89' lang='lat' dir='ltr'><strong>tiam</strong></span> <span class='ocrx_word' id='word_1_92' title='bbox 279 1257 401 1301; x_wconf 88' lang='lat' dir='ltr'><strong>servare</strong></span> <span class='ocrx_word' id='word_1_93' title='bbox 420 1238 618 1315; x_wconf 87' lang='lat' dir='ltr'><strong>contendunt,</strong></span> <span class='ocrx_word' id='word_1_94' title='bbox 650 1247 760 1321; x_wconf 84' lang='lat' dir='ltr'><strong>quanto</strong></span> <span class='ocrx_word' id='word_1_95' title='bbox 780 1237 874 1300; x_wconf 89' lang='lat' dir='ltr'><strong>maior</strong></span> <span class='ocrx_word' id='word_1_96' title='bbox 888 1234 1005 1322; x_wconf 88' lang='lat' dir='ltr'><strong>losephi</strong></span> <span class='ocrx_word' id='word_1_97' title='bbox 1025 1237 1131 1320; x_wconf 84' lang='lat' dir='ltr'><strong>religio</strong></span> <span class='ocrx_word' id='word_1_98' title='bbox 1149 1248 1213 1300; x_wconf 90' lang='lat' dir='ltr'><strong>erat</strong></span> <span class='ocrx_word' id='word_1_99' title='bbox 1231 1257 1265 1299; x_wconf 94' lang='lat' dir='ltr'><strong>ac</strong></span> <span class='ocrx_word' id='word_1_100' title='bbox 1282 1232 1349 1297; x_wconf 87' lang='lat' dir='ltr'><strong>Mn·</strong></span> 
     </span>
     <span class='ocr_line' id='line_1_11' title="bbox 191 1333 1501 1425; baseline -0.004 -22"><span class='ocrx_word' id='word_1_101' title='bbox 191 1339 271 1418; x_wconf 91' lang='lat' dir='ltr'><strong>riae,</strong></span> <span class='ocrx_word' id='word_1_102' title='bbox 295 1361 369 1423; x_wconf 86' lang='lat' dir='ltr'><strong>qnae</strong></span> <span class='ocrx_word' id='word_1_103' title='bbox 386 1352 417 1403; x_wconf 93' lang='lat' dir='ltr'><strong>ut</strong></span> <span class='ocrx_word' id='word_1_104' title='bbox 433 1342 571 1425; x_wconf 91' lang='lat' dir='ltr'><strong>scriptum</strong></span> <span class='ocrx_word' id='word_1_105' title='bbox 592 1350 654 1417; x_wconf 90' lang='lat' dir='ltr'><strong>est,</strong></span> <span class='ocrx_word' id='word_1_106' title='bbox 679 1344 771 1401; x_wconf 83' lang='lat' dir='ltr'><strong>omtn&#39;a</strong></span> <span class='ocrx_word' id='word_1_107' title='bbox 790 1345 819 1401; x_wconf 81' lang='lat' dir='ltr'><strong>in</strong></span> <span class='ocrx_word' id='word_1_108' title='bbox 839 1344 991 1401; x_wconf 75' lang='lat' dir='ltr'><strong>sordesco</strong></span> <span class='ocrx_word' id='word_1_109' title='bbox 1010 1342 1194 1421; x_wconf 65' lang='lat' dir='ltr'><strong>condecebat?</strong></span> <span class='ocrx_word' id='word_1_110' title='bbox 1238 1333 1347 1402; x_wconf 88' lang='lat' dir='ltr'><strong>Cuius·</strong></span> <span class='ocrx_word' id='word_1_111' title='bbox 1365 1342 1420 1386; x_wconf 74' lang='lat' dir='ltr'><strong>cca</strong></span> <span class='ocrx_word' id='word_1_112' title='bbox 1434 1343 1455 1397; x_wconf 67' lang='lat'><strong>²,</strong></span> <span class='ocrx_word' id='word_1_113' title='bbox 1470 1343 1501 1388; x_wconf 70' lang='lat'><strong>¹⁵-</strong></span> 
     </span>
     <span class='ocr_line' id='line_1_12' title="bbox 192 1441 1350 1528; baseline -0.002 -23"><span class='ocrx_word' id='word_1_114' title='bbox 192 1441 269 1505; x_wconf 91' lang='lat' dir='ltr'><strong>modi</strong></span> <span class='ocrx_word' id='word_1_115' title='bbox 287 1463 358 1505; x_wconf 90' lang='lat' dir='ltr'><strong>vcro</strong></span> <span class='ocrx_word' id='word_1_116' title='bbox 374 1446 437 1505; x_wconf 82' lang='lat' dir='ltr'><strong>crat</strong></span> <span class='ocrx_word' id='word_1_117' title='bbox 456 1442 541 1521; x_wconf 90' lang='lat' dir='ltr'><strong>illud,</strong></span> <span class='ocrx_word' id='word_1_118' title='bbox 573 1453 638 1526; x_wconf 92' lang='lat' dir='ltr'><strong>post</strong></span> <span class='ocrx_word' id='word_1_119' title='bbox 662 1442 719 1505; x_wconf 91' lang='lat' dir='ltr'><strong>tale</strong></span> <span class='ocrx_word' id='word_1_120' title='bbox 737 1453 906 1526; x_wconf 89' lang='lat' dir='ltr'><strong>tantumque</strong></span> <span class='ocrx_word' id='word_1_121' title='bbox 929 1442 1046 1506; x_wconf 89' lang='lat' dir='ltr'><strong>divinae</strong></span> <span class='ocrx_word' id='word_1_122' title='bbox 1065 1442 1269 1528; x_wconf 89' lang='lat' dir='ltr'><strong>providentiae</strong></span> <span class='ocrx_word' id='word_1_123' title='bbox 1286 1462 1350 1526; x_wconf 83' lang='lat' dir='ltr'><strong>my·</strong></span> 
     </span>
     <span class='ocr_line' id='line_1_13' title="bbox 191 1542 1348 1630; baseline -0.004 -22"><span class='ocrx_word' id='word_1_124' title='bbox 191 1544 313 1609; x_wconf 90' lang='lat' dir='ltr'><strong>sterium</strong></span> <span class='ocrx_word' id='word_1_125' title='bbox 331 1546 509 1630; x_wconf 89' lang='lat' dir='ltr'><strong>decrepitum</strong></span> <span class='ocrx_word' id='word_1_126' title='bbox 531 1566 632 1609; x_wconf 90' lang='lat' dir='ltr'><strong>senem</strong></span> <span class='ocrx_word' id='word_1_127' title='bbox 657 1566 722 1608; x_wconf 90' lang='lat' dir='ltr'><strong>cum</strong></span> <span class='ocrx_word' id='word_1_128' title='bbox 747 1543 861 1629; x_wconf 78' lang='lat' dir='ltr'><strong>virgine</strong></span> <span class='ocrx_word' id='word_1_129' title='bbox 889 1544 1053 1608; x_wconf 88' lang='lat' dir='ltr'><strong>castissima</strong></span> <span class='ocrx_word' id='word_1_130' title='bbox 1071 1557 1100 1608; x_wconf 94' lang='lat' dir='ltr'><strong>et</strong></span> <span class='ocrx_word' id='word_1_131' title='bbox 1119 1542 1348 1608; x_wconf 67' lang='lat' dir='ltr'><strong>honoratissime</strong></span> 
     </span>
     <span class='ocr_line' id='line_1_14' title="bbox 192 1647 1351 1733; baseline -0.004 -21"><span class='ocrx_word' id='word_1_132' title='bbox 192 1667 407 1728; x_wconf 81' lang='lat' dir='ltr'><strong>consuescere,</strong></span> <span class='ocrx_word' id='word_1_133' title='bbox 442 1668 507 1710; x_wconf 92' lang='lat' dir='ltr'><strong>cum</strong></span> <span class='ocrx_word' id='word_1_134' title='bbox 531 1667 567 1710; x_wconf 89' lang='lat' dir='ltr'><strong>eo</strong></span> <span class='ocrx_word' id='word_1_135' title='bbox 589 1647 707 1732; x_wconf 89' lang='lat' dir='ltr'><strong>inquam</strong></span> <span class='ocrx_word' id='word_1_136' title='bbox 733 1667 804 1710; x_wconf 91' lang='lat' dir='ltr'><strong>vase</strong></span> <span class='ocrx_word' id='word_1_137' title='bbox 829 1647 904 1730; x_wconf 89' lang='lat' dir='ltr'><strong>qood</strong></span> <span class='ocrx_word' id='word_1_138' title='bbox 931 1668 996 1710; x_wconf 91' lang='lat' dir='ltr'><strong>curn</strong></span> <span class='ocrx_word' id='word_1_139' title='bbox 1020 1648 1068 1732; x_wconf 90' lang='lat' dir='ltr'><strong>qui</strong></span> <span class='ocrx_word' id='word_1_140' title='bbox 1090 1648 1153 1733; x_wconf 91' lang='lat' dir='ltr'><strong>capi</strong></span> <span class='ocrx_word' id='word_1_141' title='bbox 1175 1668 1233 1710; x_wconf 90' lang='lat' dir='ltr'><strong>non</strong></span> <span class='ocrx_word' id='word_1_142' title='bbox 1254 1656 1351 1730; x_wconf 90' lang='lat' dir='ltr'><strong>potest</strong></span> 
     </span>
     <span class='ocr_line' id='line_1_15' title="bbox 192 1748 1350 1835; baseline -0.004 -21"><span class='ocrx_word' id='word_1_143' title='bbox 192 1761 310 1835; x_wconf 81' lang='lat' dir='ltr'><strong>ceperat</strong></span> <span class='ocrx_word' id='word_1_144' title='bbox 326 1771 359 1813; x_wconf 91' lang='lat' dir='ltr'><strong>ac</strong></span> <span class='ocrx_word' id='word_1_145' title='bbox 376 1760 432 1813; x_wconf 92' lang='lat' dir='ltr'><strong>tam</strong></span> <span class='ocrx_word' id='word_1_146' title='bbox 450 1749 624 1833; x_wconf 87' lang='lat' dir='ltr'><strong>stupendum</strong></span> <span class='ocrx_word' id='word_1_147' title='bbox 652 1748 774 1834; x_wconf 85' lang='lat' dir='ltr'><strong>prodigii</strong></span> <span class='ocrx_word' id='word_1_148' title='bbox 798 1749 937 1812; x_wconf 84' lang='lat' dir='ltr'><strong>coelestis</strong></span> <span class='ocrx_word' id='word_1_149' title='bbox 953 1760 983 1812; x_wconf 93' lang='lat' dir='ltr'><strong>et</strong></span> <span class='ocrx_word' id='word_1_150' title='bbox 1000 1750 1142 1814; x_wconf 91' lang='lat' dir='ltr'><strong>humanae</strong></span> <span class='ocrx_word' id='word_1_151' title='bbox 1166 1750 1269 1814; x_wconf 88' lang='lat' dir='ltr'><strong>salutis</strong></span> <span class='ocrx_word' id='word_1_152' title='bbox 1287 1770 1350 1833; x_wconf 76' lang='lat' dir='ltr'><strong>mp-</strong></span> 
     </span>
     <span class='ocr_line' id='line_1_16' title="bbox 192 1851 662 1937; baseline -0.009 -19"><span class='ocrx_word' id='word_1_153' title='bbox 192 1854 314 1918; x_wconf 85' lang='lat' dir='ltr'><strong>stcriom</strong></span> <span class='ocrx_word' id='word_1_154' title='bbox 338 1851 523 1937; x_wconf 79' lang='lat' dir='ltr'><strong>complexum</strong></span> <span class='ocrx_word' id='word_1_155' title='bbox 548 1853 662 1915; x_wconf 76' lang='lat' dir='ltr'><strong>luerat?</strong></span> 
     </span>
    </p>

    <p class='ocr_par' dir='ltr' id='par_1_3' title="bbox 193 1952 1491 2551">
     <span class='ocr_line' id='line_1_17' title="bbox 279 1952 1491 2040; baseline -0.001 -23"><span class='ocrx_word' id='word_1_156' title='bbox 279 1952 356 2018; x_wconf 89' lang='lat' dir='ltr'><strong>Nam</strong></span> <span class='ocrx_word' id='word_1_157' title='bbox 381 1975 455 2038; x_wconf 89' lang='lat' dir='ltr'><strong>quae</strong></span> <span class='ocrx_word' id='word_1_158' title='bbox 481 1954 614 2017; x_wconf 90' lang='lat' dir='ltr'><strong>rationes</strong></span> <span class='ocrx_word' id='word_1_159' title='bbox 637 1954 672 2016; x_wconf 91' lang='lat' dir='ltr'><strong>ad</strong></span> <span class='ocrx_word' id='word_1_160' title='bbox 694 1953 764 2017; x_wconf 91' lang='lat' dir='ltr'><strong>illud</strong></span> <span class='ocrx_word' id='word_1_161' title='bbox 785 1955 996 2017; x_wconf 90' lang='lat' dir='ltr'><strong>ostendendum</strong></span> <span class='ocrx_word' id='word_1_162' title='bbox 1019 1977 1076 2018; x_wconf 92' lang='lat' dir='ltr'><strong>non</strong></span> <span class='ocrx_word' id='word_1_163' title='bbox 1103 1965 1259 2040; x_wconf 90' lang='lat' dir='ltr'><strong>suppetant</strong></span> <span class='ocrx_word' id='word_1_164' title='bbox 1280 1954 1349 2016; x_wconf 89' lang='lat' dir='ltr'><strong>bea·</strong></span> <span class='ocrx_word' id='word_1_165' title='bbox 1367 1965 1428 2033; x_wconf 80' lang='lat' dir='ltr'><strong>cap.</strong></span> <span class='ocrx_word' id='word_1_166' title='bbox 1443 1964 1491 2016; x_wconf 83' lang='lat' dir='ltr'><strong>tx.</strong></span> 
     </span>
     <span class='ocr_line' id='line_1_18' title="bbox 195 2054 1352 2141; baseline -0.002 -20"><span class='ocrx_word' id='word_1_167' title='bbox 195 2069 252 2121; x_wconf 88' lang='lat' dir='ltr'><strong>tam</strong></span> <span class='ocrx_word' id='word_1_168' title='bbox 271 2055 414 2140; x_wconf 82' lang='lat' dir='ltr'><strong>virginem</strong></span> <span class='ocrx_word' id='word_1_169' title='bbox 431 2057 461 2120; x_wconf 92' lang='lat' dir='ltr'><strong>in</strong></span> <span class='ocrx_word' id='word_1_170' title='bbox 479 2054 653 2119; x_wconf 86' lang='lat' dir='ltr'><strong>castimonia</strong></span> <span class='ocrx_word' id='word_1_171' title='bbox 670 2056 853 2140; x_wconf 74' lang='lat' dir='ltr'><strong>perstitisse?</strong></span> <span class='ocrx_word' id='word_1_172' title='bbox 898 2054 1032 2120; x_wconf 85' lang='lat' dir='ltr'><strong>Doceant</strong></span> <span class='ocrx_word' id='word_1_173' title='bbox 1048 2078 1102 2121; x_wconf 94' lang='lat' dir='ltr'><strong>nos</strong></span> <span class='ocrx_word' id='word_1_174' title='bbox 1116 2057 1156 2120; x_wconf 91' lang='lat' dir='ltr'><strong>illi</strong></span> <span class='ocrx_word' id='word_1_175' title='bbox 1173 2068 1239 2141; x_wconf 91' lang='lat' dir='ltr'><strong>post</strong></span> <span class='ocrx_word' id='word_1_176' title='bbox 1256 2058 1352 2121; x_wconf 90' lang='lat' dir='ltr'><strong>salva-</strong></span> 
     </span>
     <span class='ocr_line' id='line_1_19' title="bbox 194 2156 1352 2244; baseline -0.004 -18"><span class='ocrx_word' id='word_1_177' title='bbox 194 2172 288 2226; x_wconf 88' lang='lat' dir='ltr'><strong>torem</strong></span> <span class='ocrx_word' id='word_1_178' title='bbox 306 2160 336 2224; x_wconf 90' lang='lat' dir='ltr'><strong>in</strong></span> <span class='ocrx_word' id='word_1_179' title='bbox 353 2160 445 2223; x_wconf 91' lang='lat' dir='ltr'><strong>locem</strong></span> <span class='ocrx_word' id='word_1_180' title='bbox 464 2158 571 2221; x_wconf 91' lang='lat' dir='ltr'><strong>editum</strong></span> <span class='ocrx_word' id='word_1_181' title='bbox 598 2158 671 2221; x_wconf 92' lang='lat' dir='ltr'><strong>ullos</strong></span> <span class='ocrx_word' id='word_1_182' title='bbox 688 2156 812 2222; x_wconf 88' lang='lat' dir='ltr'><strong>Mariam</strong></span> <span class='ocrx_word' id='word_1_183' title='bbox 840 2160 990 2244; x_wconf 87' lang='lat' dir='ltr'><strong>peperisse</strong></span> <span class='ocrx_word' id='word_1_184' title='bbox 1008 2159 1129 2223; x_wconf 88' lang='lat' dir='ltr'><strong>liberos.</strong></span> <span class='ocrx_word' id='word_1_185' title='bbox 1176 2156 1284 2222; x_wconf 85' lang='lat' dir='ltr'><strong>Dicant</strong></span> <span class='ocrx_word' id='word_1_186' title='bbox 1301 2160 1352 2222; x_wconf 91' lang='lat' dir='ltr'><strong>ho-</strong></span> 
     </span>
     <span class='ocr_line' id='line_1_20' title="bbox 193 2260 1352 2347; baseline -0.003 -19"><span class='ocrx_word' id='word_1_187' title='bbox 193 2285 258 2328; x_wconf 90' lang='lat' dir='ltr'><strong>rum</strong></span> <span class='ocrx_word' id='word_1_188' title='bbox 285 2263 423 2341; x_wconf 92' lang='lat' dir='ltr'><strong>nomina,</strong></span> <span class='ocrx_word' id='word_1_189' title='bbox 460 2281 494 2323; x_wconf 87' lang='lat' dir='ltr'><strong>ac</strong></span> <span class='ocrx_word' id='word_1_190' title='bbox 514 2261 539 2323; x_wconf 92' lang='lat' dir='ltr'><strong>si</strong></span> <span class='ocrx_word' id='word_1_191' title='bbox 560 2260 657 2345; x_wconf 89' lang='lat' dir='ltr'><strong>placet</strong></span> <span class='ocrx_word' id='word_1_192' title='bbox 678 2262 861 2347; x_wconf 84' lang='lat' dir='ltr'><strong>contingant,</strong></span> <span class='ocrx_word' id='word_1_193' title='bbox 895 2263 1005 2325; x_wconf 91' lang='lat' dir='ltr'><strong>lraudis</strong></span> <span class='ocrx_word' id='word_1_194' title='bbox 1028 2283 1061 2324; x_wconf 90' lang='lat' dir='ltr'><strong>ac</strong></span> <span class='ocrx_word' id='word_1_195' title='bbox 1083 2260 1232 2325; x_wconf 86' lang='lat' dir='ltr'><strong>versutiae</strong></span> <span class='ocrx_word' id='word_1_196' title='bbox 1256 2263 1352 2325; x_wconf 91' lang='lat' dir='ltr'><strong>omnis</strong></span> 
     </span>
     <span class='ocr_line' id='line_1_21' title="bbox 194 2360 1352 2450; baseline -0.003 -21"><span class='ocrx_word' id='word_1_197' title='bbox 194 2364 358 2430; x_wconf 86' lang='lat' dir='ltr'><strong>architecti.</strong></span> <span class='ocrx_word' id='word_1_198' title='bbox 405 2360 466 2427; x_wconf 90' lang='lat' dir='ltr'><strong>Sed</strong></span> <span class='ocrx_word' id='word_1_199' title='bbox 491 2362 559 2426; x_wconf 90' lang='lat' dir='ltr'><strong>illud</strong></span> <span class='ocrx_word' id='word_1_200' title='bbox 587 2364 789 2426; x_wconf 87' lang='lat' dir='ltr'><strong>demonstrare</strong></span> <span class='ocrx_word' id='word_1_201' title='bbox 815 2386 961 2450; x_wconf 89' lang='lat' dir='ltr'><strong>uunquam</strong></span> <span class='ocrx_word' id='word_1_202' title='bbox 989 2374 1137 2450; x_wconf 90' lang='lat' dir='ltr'><strong>poterunt.</strong></span> <span class='ocrx_word' id='word_1_203' title='bbox 1183 2362 1254 2426; x_wconf 92' lang='lat' dir='ltr'><strong>Nou</strong></span> <span class='ocrx_word' id='word_1_204' title='bbox 1275 2364 1352 2426; x_wconf 90' lang='lat' dir='ltr'><strong>enim</strong></span> 
     </span>
     <span class='ocr_line' id='line_1_22' title="bbox 195 2464 1350 2551; baseline -0.003 -19"><span class='ocrx_word' id='word_1_205' title='bbox 195 2469 281 2533; x_wconf 90' lang='lat' dir='ltr'><strong>ullam</strong></span> <span class='ocrx_word' id='word_1_206' title='bbox 299 2469 384 2551; x_wconf 83' lang='lat' dir='ltr'><strong>virgo</strong></span> <span class='ocrx_word' id='word_1_207' title='bbox 406 2465 462 2528; x_wconf 90' lang='lat' dir='ltr'><strong>viri</strong></span> <span class='ocrx_word' id='word_1_208' title='bbox 480 2464 722 2529; x_wconf 87' lang='lat' dir='ltr'><strong>consuetudinem</strong></span> <span class='ocrx_word' id='word_1_209' title='bbox 742 2465 852 2530; x_wconf 90' lang='lat' dir='ltr'><strong>hahuit.</strong></span> <span class='ocrx_word' id='word_1_210' title='bbox 898 2466 986 2530; x_wconf 79' lang='lat' dir='ltr'><strong>Absit</strong></span> <span class='ocrx_word' id='word_1_211' title='bbox 1004 2478 1034 2530; x_wconf 90' lang='lat' dir='ltr'><strong>ut</strong></span> <span class='ocrx_word' id='word_1_212' title='bbox 1051 2466 1187 2529; x_wconf 87' lang='lat' dir='ltr'><strong>habuisse</strong></span> <span class='ocrx_word' id='word_1_213' title='bbox 1204 2477 1350 2550; x_wconf 89' lang='lat' dir='ltr'><strong>putemus.</strong></span> 
     </span>
    </p>

    <p class='ocr_par' dir='ltr' id='par_1_4' title="bbox 196 2567 1353 2654">
     <span class='ocr_line' id='line_1_23' title="bbox 196 2567 1353 2654; baseline -0.005 -18"><span class='ocrx_word' id='word_1_214' title='bbox 196 2567 229 2636; x_wconf 87' lang='lat' dir='ltr'><strong>Si</strong></span> <span class='ocrx_word' id='word_1_215' title='bbox 245 2570 323 2634; x_wconf 90' lang='lat' dir='ltr'><strong>enim</strong></span> <span class='ocrx_word' id='word_1_216' title='bbox 345 2569 458 2652; x_wconf 86' lang='lat' dir='ltr'><strong>aliquos</strong></span> <span class='ocrx_word' id='word_1_217' title='bbox 477 2568 586 2632; x_wconf 86' lang='lat' dir='ltr'><strong>liberos</strong></span> <span class='ocrx_word' id='word_1_218' title='bbox 605 2568 786 2653; x_wconf 83' lang='lat' dir='ltr'><strong>peperisset,</strong></span> <span class='ocrx_word' id='word_1_219' title='bbox 820 2590 894 2654; x_wconf 91' lang='lat' dir='ltr'><strong>quac</strong></span> <span class='ocrx_word' id='word_1_220' title='bbox 918 2592 982 2633; x_wconf 91' lang='lat' dir='ltr'><strong>cum</strong></span> <span class='ocrx_word' id='word_1_221' title='bbox 1000 2570 1148 2633; x_wconf 84' lang='lat' dir='ltr'><strong>salvatore</strong></span> <span class='ocrx_word' id='word_1_222' title='bbox 1165 2567 1228 2652; x_wconf 91' lang='lat' dir='ltr'><strong>ipso</strong></span> <span class='ocrx_word' id='word_1_223' title='bbox 1252 2588 1353 2630; x_wconf 88' lang='lat' dir='ltr'><strong>versa-</strong></span> 
     </span>
    </p>

    <p class='ocr_par' dir='ltr' id='par_1_5' title="bbox 194 2669 1483 3562">
     <span class='ocr_line' id='line_1_24' title="bbox 194 2669 1352 2756; baseline -0.003 -20"><span class='ocrx_word' id='word_1_224' title='bbox 194 2672 282 2737; x_wconf 82' lang='lat' dir='ltr'><strong>batur</strong></span> <span class='ocrx_word' id='word_1_225' title='bbox 303 2670 436 2749; x_wconf 88' lang='lat' dir='ltr'><strong>assidue,</strong></span> <span class='ocrx_word' id='word_1_226' title='bbox 471 2692 529 2734; x_wconf 93' lang='lat' dir='ltr'><strong>una</strong></span> <span class='ocrx_word' id='word_1_227' title='bbox 545 2682 575 2733; x_wconf 90' lang='lat' dir='ltr'><strong>et</strong></span> <span class='ocrx_word' id='word_1_228' title='bbox 593 2671 684 2756; x_wconf 88' lang='lat' dir='ltr'><strong>ipsius</strong></span> <span class='ocrx_word' id='word_1_229' title='bbox 709 2670 783 2733; x_wconf 89' lang='lat' dir='ltr'><strong>lilios</strong></span> <span class='ocrx_word' id='word_1_230' title='bbox 808 2672 923 2735; x_wconf 88' lang='lat' dir='ltr'><strong>vixisse</strong></span> <span class='ocrx_word' id='word_1_231' title='bbox 941 2673 1083 2736; x_wconf 91' lang='lat' dir='ltr'><strong>dicerent.</strong></span> <span class='ocrx_word' id='word_1_232' title='bbox 1130 2669 1191 2735; x_wconf 90' lang='lat' dir='ltr'><strong>Sed</strong></span> <span class='ocrx_word' id='word_1_233' title='bbox 1218 2671 1272 2733; x_wconf 91' lang='lat' dir='ltr'><strong>hoc</strong></span> <span class='ocrx_word' id='word_1_234' title='bbox 1296 2670 1352 2733; x_wconf 90' lang='lat' dir='ltr'><strong>illis</strong></span> 
     </span>
     <span class='ocr_line' id='line_1_25' title="bbox 195 2773 1483 2857; baseline -0.002 -17"><span class='ocrx_word' id='word_1_235' title='bbox 195 2773 340 2857; x_wconf 85' lang='lat' dir='ltr'><strong>evangelii</strong></span> <span class='ocrx_word' id='word_1_236' title='bbox 367 2773 473 2835; x_wconf 90' lang='lat' dir='ltr'><strong>dictum</strong></span> <span class='ocrx_word' id='word_1_237' title='bbox 498 2774 651 2857; x_wconf 86' lang='lat' dir='ltr'><strong>imposuit,</strong></span> <span class='ocrx_word' id='word_1_238' title='bbox 683 2777 758 2834; x_wconf 81' lang='lat' dir='ltr'><strong>Ecce</strong></span> <span class='ocrx_word' id='word_1_239' title='bbox 774 2786 863 2835; x_wconf 86' lang='lat' dir='ltr'><strong>mater</strong></span> <span class='ocrx_word' id='word_1_240' title='bbox 881 2787 929 2835; x_wconf 84' lang='lat' dir='ltr'><strong>tac</strong></span> <span class='ocrx_word' id='word_1_241' title='bbox 946 2787 975 2835; x_wconf 84' lang='lat' dir='ltr'><strong>et</strong></span> <span class='ocrx_word' id='word_1_242' title='bbox 986 2777 1095 2855; x_wconf 77' lang='lat' dir='ltr'><strong>scotres</strong></span> <span class='ocrx_word' id='word_1_243' title='bbox 1112 2779 1157 2834; x_wconf 81' lang='lat' dir='ltr'><strong>tui</strong></span> <span class='ocrx_word' id='word_1_244' title='bbox 1169 2776 1244 2857; x_wconf 78' lang='lat' dir='ltr'><strong>soris</strong></span> <span class='ocrx_word' id='word_1_245' title='bbox 1258 2785 1346 2847; x_wconf 85' lang='lat' dir='ltr'><strong>stant,</strong></span> <span class='ocrx_word' id='word_1_246' title='bbox 1363 2789 1483 2848; x_wconf 65' lang='lat' dir='ltr'><strong>nocete</strong></span> 
     </span>
     <span class='ocr_line' id='line_1_26' title="bbox 196 2873 1350 2960; baseline 0.002 -23"><span class='ocrx_word' id='word_1_247' title='bbox 196 2887 361 2960; x_wconf 82' lang='lat' dir='ltr'><strong>quaerentes</strong></span> <span class='ocrx_word' id='word_1_248' title='bbox 388 2886 423 2934; x_wconf 86' lang='lat' dir='ltr'><strong>te.</strong></span> <span class='ocrx_word' id='word_1_249' title='bbox 471 2873 537 2938; x_wconf 90' lang='lat' dir='ltr'><strong>Nec</strong></span> <span class='ocrx_word' id='word_1_250' title='bbox 562 2874 632 2938; x_wconf 91' lang='lat' dir='ltr'><strong>illud</strong></span> <span class='ocrx_word' id='word_1_251' title='bbox 659 2875 895 2940; x_wconf 89' lang='lat' dir='ltr'><strong>animadvertunt</strong></span> <span class='ocrx_word' id='word_1_252' title='bbox 922 2878 996 2960; x_wconf 91' lang='lat' dir='ltr'><strong>quod</strong></span> <span class='ocrx_word' id='word_1_253' title='bbox 1022 2888 1107 2940; x_wconf 91' lang='lat' dir='ltr'><strong>antea</strong></span> <span class='ocrx_word' id='word_1_254' title='bbox 1131 2876 1350 2960; x_wconf 89' lang='lat' dir='ltr'><strong>scriptumest,</strong></span> 
     </span>
     <span class='ocr_line' id='line_1_27' title="bbox 199 2978 1467 3085; baseline 0.002 -46"><span class='ocrx_word' id='word_1_255' title='bbox 199 2982 334 3058; x_wconf 68' lang='lat' dir='ltr'><strong>(tuomum</strong></span> <span class='ocrx_word' id='word_1_256' title='bbox 354 2979 463 3059; x_wconf 76' lang='lat' dir='ltr'><strong>fratres</strong></span> <span class='ocrx_word' id='word_1_257' title='bbox 487 2983 546 3039; x_wconf 73' lang='lat' dir='ltr'><strong>eiras</strong></span> <span class='ocrx_word' id='word_1_258' title='bbox 570 3000 626 3040; x_wconf 87' lang='lat' dir='ltr'><strong>non</strong></span> <span class='ocrx_word' id='word_1_259' title='bbox 649 2980 801 3041; x_wconf 85' lang='lat' dir='ltr'><strong>credebant</strong></span> <span class='ocrx_word' id='word_1_260' title='bbox 825 2984 854 3041; x_wconf 83' lang='lat' dir='ltr'><strong>in</strong></span> <span class='ocrx_word' id='word_1_261' title='bbox 877 2983 967 3040; x_wconf 79' lang='lat' dir='ltr'><strong>allum.</strong></span> <span class='ocrx_word' id='word_1_262' title='bbox 1016 2978 1178 3042; x_wconf 84' lang='lat' dir='ltr'><strong>Enimvero</strong></span> <span class='ocrx_word' id='word_1_263' title='bbox 1204 2999 1258 3041; x_wconf 92' lang='lat' dir='ltr'><strong>nos</strong></span> <span class='ocrx_word' id='word_1_264' title='bbox 1282 3000 1349 3063; x_wconf 93' lang='lat' dir='ltr'><strong>pro·</strong></span> <span class='ocrx_word' id='word_1_265' title='bbox 1389 2989 1467 3085; x_wconf 57' lang='lat'>¹3²2*</span> 
     </span>
     <span class='ocr_line' id='line_1_28' title="bbox 198 3073 1454 3167; baseline 0.001 -23"><span class='ocrx_word' id='word_1_266' title='bbox 198 3101 304 3166; x_wconf 82' lang='lat' dir='ltr'><strong>gressu</strong></span> <span class='ocrx_word' id='word_1_267' title='bbox 327 3080 467 3164; x_wconf 93' lang='lat' dir='ltr'><strong>temporis</strong></span> <span class='ocrx_word' id='word_1_268' title='bbox 491 3080 696 3144; x_wconf 86' lang='lat' dir='ltr'><strong>instructiores</strong></span> <span class='ocrx_word' id='word_1_269' title='bbox 716 3081 837 3160; x_wconf 86' lang='lat' dir='ltr'><strong>redditi,</strong></span> <span class='ocrx_word' id='word_1_270' title='bbox 871 3103 935 3145; x_wconf 89' lang='lat' dir='ltr'><strong>cum</strong></span> <span class='ocrx_word' id='word_1_271' title='bbox 954 3083 1108 3167; x_wconf 84' lang='lat' dir='ltr'><strong>aliquando</strong></span> <span class='ocrx_word' id='word_1_272' title='bbox 1131 3102 1232 3145; x_wconf 90' lang='lat' dir='ltr'><strong>sacras</strong></span> <span class='ocrx_word' id='word_1_273' title='bbox 1253 3082 1353 3145; x_wconf 85' lang='lat' dir='ltr'><strong>literas</strong></span> <span class='ocrx_word' id='word_1_274' title='bbox 1414 3074 1422 3098; x_wconf 85' lang='lat'>’</span> <span class='ocrx_word' id='word_1_275' title='bbox 1448 3073 1454 3086; x_wconf 80' lang='grc'><strong>’</strong></span> 
     </span>
     <span class='ocr_line' id='line_1_29' title="bbox 200 3183 1355 3270; baseline 0 -23"><span class='ocrx_word' id='word_1_276' title='bbox 200 3195 257 3247; x_wconf 88' lang='lat' dir='ltr'><strong>tam</strong></span> <span class='ocrx_word' id='word_1_277' title='bbox 283 3183 454 3267; x_wconf 89' lang='lat' dir='ltr'><strong>simpliciter</strong></span> <span class='ocrx_word' id='word_1_278' title='bbox 477 3185 602 3269; x_wconf 89' lang='lat' dir='ltr'><strong>scriptas</strong></span> <span class='ocrx_word' id='word_1_279' title='bbox 626 3204 693 3247; x_wconf 91' lang='lat' dir='ltr'><strong>esse</strong></span> <span class='ocrx_word' id='word_1_280' title='bbox 718 3185 910 3262; x_wconf 87' lang='lat' dir='ltr'><strong>miraremur,</strong></span> <span class='ocrx_word' id='word_1_281' title='bbox 942 3196 1093 3269; x_wconf 87' lang='lat' dir='ltr'><strong>postquam</strong></span> <span class='ocrx_word' id='word_1_282' title='bbox 1120 3186 1235 3270; x_wconf 90' lang='lat' dir='ltr'><strong>penitus</strong></span> <span class='ocrx_word' id='word_1_283' title='bbox 1258 3186 1355 3247; x_wconf 83' lang='lat' dir='ltr'><strong>omma</strong></span> 
     </span>
     <span class='ocr_line' id='line_1_30' title="bbox 199 3286 1354 3376; baseline 0.005 -26"><span class='ocrx_word' id='word_1_284' title='bbox 199 3286 395 3373; x_wconf 88' lang='lat' dir='ltr'><strong>pervidimus,</strong></span> <span class='ocrx_word' id='word_1_285' title='bbox 421 3286 600 3369; x_wconf 84' lang='lat' dir='ltr'><strong>deogratias</strong></span> <span class='ocrx_word' id='word_1_286' title='bbox 619 3307 708 3369; x_wconf 77' lang='lat' dir='ltr'><strong>agere</strong></span> <span class='ocrx_word' id='word_1_287' title='bbox 724 3287 892 3371; x_wconf 88' lang='lat' dir='ltr'><strong>coepimus,</strong></span> <span class='ocrx_word' id='word_1_288' title='bbox 916 3288 964 3370; x_wconf 86' lang='lat' dir='ltr'><strong>qui</strong></span> <span class='ocrx_word' id='word_1_289' title='bbox 981 3289 1164 3372; x_wconf 88' lang='lat' dir='ltr'><strong>paucissimis</strong></span> <span class='ocrx_word' id='word_1_290' title='bbox 1183 3293 1354 3376; x_wconf 88' lang='lat' dir='ltr'><strong>quibusdam</strong></span> 
     </span>
     <span class='ocr_line' id='line_1_31' title="bbox 198 3387 1356 3475; baseline 0.004 -22"><span class='ocrx_word' id='word_1_291' title='bbox 198 3388 300 3453; x_wconf 89' lang='lat' dir='ltr'><strong>verbis</strong></span> <span class='ocrx_word' id='word_1_292' title='bbox 320 3407 420 3450; x_wconf 91' lang='lat' dir='ltr'><strong>eorum</strong></span> <span class='ocrx_word' id='word_1_293' title='bbox 439 3387 565 3451; x_wconf 91' lang='lat' dir='ltr'><strong>omnium</strong></span> <span class='ocrx_word' id='word_1_294' title='bbox 584 3389 704 3471; x_wconf 87' lang='lat' dir='ltr'><strong>quaein</strong></span> <span class='ocrx_word' id='word_1_295' title='bbox 722 3388 815 3453; x_wconf 90' lang='lat' dir='ltr'><strong>sacris</strong></span> <span class='ocrx_word' id='word_1_296' title='bbox 838 3389 930 3453; x_wconf 91' lang='lat' dir='ltr'><strong>literis</strong></span> <span class='ocrx_word' id='word_1_297' title='bbox 952 3391 1061 3475; x_wconf 92' lang='lat' dir='ltr'><strong>scripta</strong></span> <span class='ocrx_word' id='word_1_298' title='bbox 1079 3403 1147 3455; x_wconf 90' lang='lat' dir='ltr'><strong>sunt</strong></span> <span class='ocrx_word' id='word_1_299' title='bbox 1164 3396 1302 3458; x_wconf 87' lang='lat' dir='ltr'><strong>munitam</strong></span> <span class='ocrx_word' id='word_1_300' title='bbox 1322 3416 1356 3458; x_wconf 87' lang='lat' dir='ltr'><strong>ac</strong></span> 
     </span>
     <span class='ocr_line' id='line_1_32' title="bbox 200 3488 1355 3562; baseline 0.007 -8"><span class='ocrx_word' id='word_1_301' title='bbox 200 3490 356 3555; x_wconf 83' lang='lat' dir='ltr'><strong>stabilitam</strong></span> <span class='ocrx_word' id='word_1_302' title='bbox 373 3488 526 3552; x_wconf 86' lang='lat' dir='ltr'><strong>veritatem</strong></span> <span class='ocrx_word' id='word_1_303' title='bbox 544 3488 687 3553; x_wconf 79' lang='lat' dir='ltr'><strong>exhihere</strong></span> <span class='ocrx_word' id='word_1_304' title='bbox 702 3491 805 3553; x_wconf 92' lang='lat' dir='ltr'><strong>voluit.</strong></span> <span class='ocrx_word' id='word_1_305' title='bbox 852 3488 927 3555; x_wconf 83' lang='lat' dir='ltr'><strong>Com</strong></span> <span class='ocrx_word' id='word_1_306' title='bbox 951 3493 1027 3556; x_wconf 91' lang='lat' dir='ltr'><strong>enim</strong></span> <span class='ocrx_word' id='word_1_307' title='bbox 1046 3495 1081 3557; x_wconf 92' lang='lat' dir='ltr'><strong>de</strong></span> <span class='ocrx_word' id='word_1_308' title='bbox 1108 3492 1215 3559; x_wconf 91' lang='lat' dir='ltr'><strong>laccho</strong></span> <span class='ocrx_word' id='word_1_309' title='bbox 1238 3498 1355 3562; x_wconf 88' lang='lat' dir='ltr'><strong>assidue</strong></span> 
     </span>
    </p>

    <p class='ocr_par' dir='ltr' id='par_1_6' title="bbox 200 3591 1357 3780">
     <span class='ocr_line' id='line_1_33' title="bbox 200 3591 1357 3684; baseline 0.005 -28"><span class='ocrx_word' id='word_1_310' title='bbox 200 3592 269 3656; x_wconf 92' lang='lat' dir='ltr'><strong>illud</strong></span> <span class='ocrx_word' id='word_1_311' title='bbox 296 3591 481 3668; x_wconf 88' lang='lat' dir='ltr'><strong>audiremus,</strong></span> <span class='ocrx_word' id='word_1_312' title='bbox 515 3592 633 3654; x_wconf 91' lang='lat' dir='ltr'><strong>lratrem</strong></span> <span class='ocrx_word' id='word_1_313' title='bbox 653 3592 746 3676; x_wconf 91' lang='lat' dir='ltr'><strong>ipsum</strong></span> <span class='ocrx_word' id='word_1_314' title='bbox 772 3592 880 3655; x_wconf 91' lang='lat' dir='ltr'><strong>domini</strong></span> <span class='ocrx_word' id='word_1_315' title='bbox 904 3607 1039 3658; x_wconf 90' lang='lat' dir='ltr'><strong>vocatum</strong></span> <span class='ocrx_word' id='word_1_316' title='bbox 1065 3596 1175 3678; x_wconf 88' lang='lat' dir='ltr'><strong>luisse,</strong></span> <span class='ocrx_word' id='word_1_317' title='bbox 1209 3601 1257 3684; x_wconf 91' lang='lat' dir='ltr'><strong>qui</strong></span> <span class='ocrx_word' id='word_1_318' title='bbox 1279 3599 1357 3663; x_wconf 92' lang='lat' dir='ltr'><strong>istud</strong></span> 
     </span>
     <span class='ocr_line' id='line_1_34' title="bbox 201 3694 1357 3780; baseline 0.006 -22"><span class='ocrx_word' id='word_1_319' title='bbox 201 3694 291 3758; x_wconf 87' lang='lat' dir='ltr'><strong>toties</strong></span> <span class='ocrx_word' id='word_1_320' title='bbox 315 3712 437 3757; x_wconf 89' lang='lat' dir='ltr'><strong>necesse</strong></span> <span class='ocrx_word' id='word_1_321' title='bbox 457 3694 532 3755; x_wconf 83' lang='lat' dir='ltr'><strong>toret</strong></span> <span class='ocrx_word' id='word_1_322' title='bbox 551 3703 686 3777; x_wconf 90' lang='lat' dir='ltr'><strong>repetere</strong></span> <span class='ocrx_word' id='word_1_323' title='bbox 705 3694 904 3758; x_wconf 88' lang='lat' dir='ltr'><strong>admirahoudi</strong></span> <span class='ocrx_word' id='word_1_324' title='bbox 926 3699 1150 3780; x_wconf 87' lang='lat' dir='ltr'><strong>quaerebamus.</strong></span> <span class='ocrx_word' id='word_1_325' title='bbox 1197 3699 1286 3766; x_wconf 89' lang='lat' dir='ltr'><strong>Nunc</strong></span> <span class='ocrx_word' id='word_1_326' title='bbox 1305 3723 1357 3765; x_wconf 87' lang='lat' dir='ltr'><strong>au-</strong></span> 
     </span>
    </p>

    <p class='ocr_par' dir='ltr' id='par_1_7' title="bbox 202 3794 1358 3885">
     <span class='ocr_line' id='line_1_35' title="bbox 202 3794 1358 3885; baseline 0.003 -23"><span class='ocrx_word' id='word_1_327' title='bbox 202 3809 260 3862; x_wconf 88' lang='lat' dir='ltr'><strong>tem</strong></span> <span class='ocrx_word' id='word_1_328' title='bbox 278 3818 332 3860; x_wconf 90' lang='lat' dir='ltr'><strong>cor</strong></span> <span class='ocrx_word' id='word_1_329' title='bbox 346 3796 374 3859; x_wconf 94' lang='lat' dir='ltr'><strong>id</strong></span> <span class='ocrx_word' id='word_1_330' title='bbox 391 3795 420 3858; x_wconf 91' lang='lat' dir='ltr'><strong>in</strong></span> <span class='ocrx_word' id='word_1_331' title='bbox 437 3795 531 3858; x_wconf 90' lang='lat' dir='ltr'><strong>sacris</strong></span> <span class='ocrx_word' id='word_1_332' title='bbox 549 3794 642 3857; x_wconf 91' lang='lat' dir='ltr'><strong>literis</strong></span> <span class='ocrx_word' id='word_1_333' title='bbox 659 3805 727 3857; x_wconf 86' lang='lat' dir='ltr'><strong>ante</strong></span> <span class='ocrx_word' id='word_1_334' title='bbox 747 3796 785 3858; x_wconf 88' lang='lat' dir='ltr'><strong>sit</strong></span> <span class='ocrx_word' id='word_1_335' title='bbox 799 3796 973 3860; x_wconf 86' lang='lat' dir='ltr'><strong>inculcatum</strong></span> <span class='ocrx_word' id='word_1_336' title='bbox 997 3800 1196 3885; x_wconf 82' lang='lat' dir='ltr'><strong>intelligimus.</strong></span> <span class='ocrx_word' id='word_1_337' title='bbox 1246 3802 1358 3868; x_wconf 86' lang='lat' dir='ltr'><strong>Videli-</strong></span> 
     </span>
    </p>

    <p class='ocr_par' dir='ltr' id='par_1_8' title="bbox 201 3897 1360 4093">
     <span class='ocr_line' id='line_1_36' title="bbox 201 3897 1360 3988; baseline 0.002 -22"><span class='ocrx_word' id='word_1_338' title='bbox 201 3912 250 3966; x_wconf 91' lang='lat' dir='ltr'><strong>cet</strong></span> <span class='ocrx_word' id='word_1_339' title='bbox 266 3911 298 3965; x_wconf 90' lang='lat' dir='ltr'><strong>ut</strong></span> <span class='ocrx_word' id='word_1_340' title='bbox 312 3921 377 3963; x_wconf 88' lang='lat' dir='ltr'><strong>cnm</strong></span> <span class='ocrx_word' id='word_1_341' title='bbox 397 3897 548 3976; x_wconf 90' lang='lat' dir='ltr'><strong>aodimus,</strong></span> <span class='ocrx_word' id='word_1_342' title='bbox 580 3901 655 3958; x_wconf 80' lang='lat' dir='ltr'><strong>Ecce</strong></span> <span class='ocrx_word' id='word_1_343' title='bbox 672 3909 761 3958; x_wconf 83' lang='lat' dir='ltr'><strong>mater</strong></span> <span class='ocrx_word' id='word_1_344' title='bbox 784 3910 832 3958; x_wconf 84' lang='lat' dir='ltr'><strong>tua</strong></span> <span class='ocrx_word' id='word_1_345' title='bbox 852 3912 881 3959; x_wconf 86' lang='lat' dir='ltr'><strong>et</strong></span> <span class='ocrx_word' id='word_1_346' title='bbox 897 3903 1007 3981; x_wconf 78' lang='lat' dir='ltr'><strong>fratres</strong></span> <span class='ocrx_word' id='word_1_347' title='bbox 1024 3908 1069 3964; x_wconf 74' lang='lat' dir='ltr'><strong>tur·</strong></span> <span class='ocrx_word' id='word_1_348' title='bbox 1081 3906 1155 3983; x_wconf 76' lang='lat' dir='ltr'><strong>soris</strong></span> <span class='ocrx_word' id='word_1_349' title='bbox 1176 3917 1255 3967; x_wconf 82' lang='lat' dir='ltr'><strong>stunt</strong></span> <span class='ocrx_word' id='word_1_350' title='bbox 1275 3929 1360 3988; x_wconf 83' lang='lat' dir='ltr'><strong>qaae-</strong></span> 
     </span>
     <span class='ocr_line' id='line_1_37' title="bbox 201 3996 1359 4093; baseline 0.003 -26"><span class='ocrx_word' id='word_1_351' title='bbox 201 4014 295 4067; x_wconf 72' lang='lat' dir='ltr'><strong>rente‘s</strong></span> <span class='ocrx_word' id='word_1_352' title='bbox 313 4015 356 4077; x_wconf 86' lang='lat' dir='ltr'><strong>te,</strong></span> <span class='ocrx_word' id='word_1_353' title='bbox 383 4002 418 4064; x_wconf 92' lang='lat' dir='ltr'><strong>de</strong></span> <span class='ocrx_word' id='word_1_354' title='bbox 436 3996 542 4063; x_wconf 86' lang='lat' dir='ltr'><strong>laccho</strong></span> <span class='ocrx_word' id='word_1_355' title='bbox 559 4021 594 4063; x_wconf 88' lang='lat' dir='ltr'><strong>ac</strong></span> <span class='ocrx_word' id='word_1_356' title='bbox 613 3997 722 4063; x_wconf 92' lang='lat' dir='ltr'><strong>ceteris</strong></span> <span class='ocrx_word' id='word_1_357' title='bbox 740 3997 856 4086; x_wconf 90' lang='lat' dir='ltr'><strong>losephi</strong></span> <span class='ocrx_word' id='word_1_358' title='bbox 874 4001 958 4080; x_wconf 89' lang='lat' dir='ltr'><strong>liliis,</strong></span> <span class='ocrx_word' id='word_1_359' title='bbox 984 4024 1042 4067; x_wconf 89' lang='lat' dir='ltr'><strong>uon</strong></span> <span class='ocrx_word' id='word_1_360' title='bbox 1063 4003 1196 4081; x_wconf 86' lang='lat' dir='ltr'><strong>Mariae,</strong></span> <span class='ocrx_word' id='word_1_361' title='bbox 1223 4008 1270 4093; x_wconf 91' lang='lat' dir='ltr'><strong>qui</strong></span> <span class='ocrx_word' id='word_1_362' title='bbox 1289 4008 1359 4071; x_wconf 91' lang='lat' dir='ltr'><strong>nolli</strong></span> 
     </span>
    </p>

    <p class='ocr_par' dir='ltr' id='par_1_9' title="bbox 202 4101 1359 4291">
     <span class='ocr_line' id='line_1_38' title="bbox 202 4101 1357 4194; baseline 0.002 -24"><span class='ocrx_word' id='word_1_363' title='bbox 202 4118 287 4185; x_wconf 85' lang='lat' dir='ltr'><strong>sunt,</strong></span> <span class='ocrx_word' id='word_1_364' title='bbox 322 4105 430 4168; x_wconf 90' lang='lat' dir='ltr'><strong>dictum</strong></span> <span class='ocrx_word' id='word_1_365' title='bbox 454 4103 523 4166; x_wconf 90' lang='lat' dir='ltr'><strong>illud</strong></span> <span class='ocrx_word' id='word_1_366' title='bbox 549 4123 616 4166; x_wconf 88' lang='lat' dir='ltr'><strong>csse</strong></span> <span class='ocrx_word' id='word_1_367' title='bbox 640 4104 808 4167; x_wconf 90' lang='lat' dir='ltr'><strong>doceamur.</strong></span> <span class='ocrx_word' id='word_1_368' title='bbox 855 4101 960 4187; x_wconf 80' lang='lat' dir='ltr'><strong>Neque</strong></span> <span class='ocrx_word' id='word_1_369' title='bbox 980 4105 1057 4168; x_wconf 90' lang='lat' dir='ltr'><strong>enim</strong></span> <span class='ocrx_word' id='word_1_370' title='bbox 1080 4107 1196 4172; x_wconf 92' lang='lat' dir='ltr'><strong>dubium</strong></span> <span class='ocrx_word' id='word_1_371' title='bbox 1220 4121 1266 4173; x_wconf 90' lang='lat' dir='ltr'><strong>cst</strong></span> <span class='ocrx_word' id='word_1_372' title='bbox 1290 4109 1357 4194; x_wconf 89' lang='lat' dir='ltr'><strong>quin</strong></span> 
     </span>
     <span class='ocr_line' id='line_1_39' title="bbox 204 4203 1359 4291; baseline 0.006 -22"><span class='ocrx_word' id='word_1_373' title='bbox 204 4203 347 4287; x_wconf 90' lang='lat' dir='ltr'><strong>lacobus,</strong></span> <span class='ocrx_word' id='word_1_374' title='bbox 372 4228 430 4291; x_wconf 86' lang='lat' dir='ltr'><strong>quo</strong></span> <span class='ocrx_word' id='word_1_375' title='bbox 448 4217 578 4290; x_wconf 87' lang='lat' dir='ltr'><strong>tempore</strong></span> <span class='ocrx_word' id='word_1_376' title='bbox 598 4203 735 4269; x_wconf 83' lang='lat' dir='ltr'><strong>Christus</strong></span> <span class='ocrx_word' id='word_1_377' title='bbox 753 4206 782 4269; x_wconf 93' lang='lat' dir='ltr'><strong>in</strong></span> <span class='ocrx_word' id='word_1_378' title='bbox 800 4206 854 4269; x_wconf 90' lang='lat' dir='ltr'><strong>hoc</strong></span> <span class='ocrx_word' id='word_1_379' title='bbox 870 4208 977 4270; x_wconf 90' lang='lat' dir='ltr'><strong>mundo</strong></span> <span class='ocrx_word' id='word_1_380' title='bbox 994 4210 1187 4288; x_wconf 85' lang='lat' dir='ltr'><strong>versabatur,</strong></span> <span class='ocrx_word' id='word_1_381' title='bbox 1213 4224 1293 4276; x_wconf 88' lang='lat' dir='ltr'><strong>cssct</strong></span> <span class='ocrx_word' id='word_1_382' title='bbox 1309 4233 1359 4276; x_wconf 92' lang='lat' dir='ltr'><strong>ae·</strong></span> 
     </span>
    </p>

    <p class='ocr_par' dir='ltr' id='par_1_10' title="bbox 204 4304 1360 4499">
     <span class='ocr_line' id='line_1_40' title="bbox 204 4304 1360 4394; baseline 0.007 -24"><span class='ocrx_word' id='word_1_383' title='bbox 204 4317 264 4370; x_wconf 88' lang='lat' dir='ltr'><strong>tate</strong></span> <span class='ocrx_word' id='word_1_384' title='bbox 280 4310 459 4392; x_wconf 89' lang='lat' dir='ltr'><strong>provectior.</strong></span> <span class='ocrx_word' id='word_1_385' title='bbox 506 4304 645 4372; x_wconf 84' lang='lat' dir='ltr'><strong>Ceterum</strong></span> <span class='ocrx_word' id='word_1_386' title='bbox 664 4309 769 4371; x_wconf 83' lang='lat' dir='ltr'><strong>tratres</strong></span> <span class='ocrx_word' id='word_1_387' title='bbox 786 4309 866 4394; x_wconf 92' lang='lat' dir='ltr'><strong>ipsos</strong></span> <span class='ocrx_word' id='word_1_388' title='bbox 891 4310 1036 4394; x_wconf 91' lang='lat' dir='ltr'><strong>scriptura</strong></span> <span class='ocrx_word' id='word_1_389' title='bbox 1061 4323 1164 4391; x_wconf 84' lang='lat' dir='ltr'><strong>vocat,</strong></span> <span class='ocrx_word' id='word_1_390' title='bbox 1197 4315 1360 4378; x_wconf 87' lang='lat' dir='ltr'><strong>contrarias</strong></span> 
     </span>
     <span class='ocr_line' id='line_1_41' title="bbox 204 4408 1358 4499; baseline 0.006 -26"><span class='ocrx_word' id='word_1_391' title='bbox 204 4408 345 4473; x_wconf 87' lang='lat' dir='ltr'><strong>haereses</strong></span> <span class='ocrx_word' id='word_1_392' title='bbox 361 4411 450 4474; x_wconf 90' lang='lat' dir='ltr'><strong>tacite</strong></span> <span class='ocrx_word' id='word_1_393' title='bbox 464 4411 656 4496; x_wconf 83' lang='lat' dir='ltr'><strong>redarguens,</strong></span> <span class='ocrx_word' id='word_1_394' title='bbox 680 4433 714 4476; x_wconf 93' lang='lat' dir='ltr'><strong>ac</strong></span> <span class='ocrx_word' id='word_1_395' title='bbox 732 4413 850 4476; x_wconf 90' lang='lat' dir='ltr'><strong>uomina</strong></span> <span class='ocrx_word' id='word_1_396' title='bbox 864 4412 978 4476; x_wconf 91' lang='lat' dir='ltr'><strong>illorum</strong></span> <span class='ocrx_word' id='word_1_397' title='bbox 997 4415 1184 4499; x_wconf 80' lang='lat' dir='ltr'><strong>exprimens,</strong></span> <span class='ocrx_word' id='word_1_398' title='bbox 1210 4414 1358 4497; x_wconf 89' lang='lat' dir='ltr'><strong>lacobum,</strong></span> 
     </span>
    </p>
   </div>
   <div class='ocr_carea' id='block_1_3' title="bbox 204 4509 1361 4705">
    <p class='ocr_par' dir='ltr' id='par_1_11' title="bbox 204 4509 1361 4705">
     <span class='ocr_line' id='line_1_42' title="bbox 204 4509 1361 4602; baseline 0.008 -27"><span class='ocrx_word' id='word_1_399' title='bbox 204 4509 291 4590; x_wconf 89' lang='lat' dir='ltr'><strong>lose,</strong></span> <span class='ocrx_word' id='word_1_400' title='bbox 317 4509 513 4597; x_wconf 79' lang='lat' dir='ltr'><strong>Symeonem,</strong></span> <span class='ocrx_word' id='word_1_401' title='bbox 539 4511 651 4594; x_wconf 89' lang='lat' dir='ltr'><strong>ludam,</strong></span> <span class='ocrx_word' id='word_1_402' title='bbox 677 4511 835 4594; x_wconf 88' lang='lat' dir='ltr'><strong>Salomon,</strong></span> <span class='ocrx_word' id='word_1_403' title='bbox 861 4527 889 4579; x_wconf 91' lang='lat' dir='ltr'><strong>et</strong></span> <span class='ocrx_word' id='word_1_404' title='bbox 906 4513 1041 4581; x_wconf 84' lang='lat' dir='ltr'><strong>Mariam.</strong></span> <span class='ocrx_word' id='word_1_405' title='bbox 1088 4515 1138 4581; x_wconf 82' lang='lat' dir='ltr'><strong>Ex</strong></span> <span class='ocrx_word' id='word_1_406' title='bbox 1154 4541 1211 4602; x_wconf 87' lang='lat' dir='ltr'><strong>quo</strong></span> <span class='ocrx_word' id='word_1_407' title='bbox 1230 4521 1361 4584; x_wconf 91' lang='lat' dir='ltr'><strong>declara·</strong></span> 
     </span>
     <span class='ocr_line' id='line_1_43' title="bbox 256 4624 1157 4705; baseline 0.008 -32"><span class='ocrx_word' id='word_1_408' title='bbox 256 4631 346 4688; x_wconf 72' lang='lat' dir='ltr'><strong>eorpus</strong></span> <span class='ocrx_word' id='word_1_409' title='bbox 359 4628 493 4675; x_wconf 63' lang='lat' dir='ltr'><strong>minent</strong></span> <span class='ocrx_word' id='word_1_410' title='bbox 503 4624 532 4674; x_wconf 80' lang='lat' dir='ltr'><strong>tu</strong></span> <span class='ocrx_word' id='word_1_411' title='bbox 543 4631 565 4675; x_wconf 79' lang='lat' dir='ltr'><strong>t.</strong></span> <span class='ocrx_word' id='word_1_412' title='bbox 1118 4643 1157 4705; x_wconf 75' lang='lat'><strong>27</strong></span> 
     </span>
    </p>
   </div>
   <div class='ocr_carea' id='block_1_4' title="bbox 0 0 1572 5070">
    <p class='ocr_par' dir='ltr' id='par_1_12' title="bbox 0 0 1572 5070">
     <span class='ocr_line' id='line_1_44' title="bbox 0 0 1572 5070; baseline 0 0"><span class='ocrx_word' id='word_1_413' title='bbox 0 0 1572 5070; x_wconf 95' lang='lat' dir='ltr'><strong> </strong></span> 
     </span>
    </p>
   </div>
  </div>
 </body>
</html>
