3096 5070
687 84 702 117 ἢ

178 267 241 327 414
604 277 726 330 ειΝοτι
743 277 914 328 ΕνιΡΗιΝιι

179 396 232 459 καί
246 392 322 458 κατά
332 392 475 474 Ἰωάννην
490 393 679 475 ἐσαφήνισεν.
714 393 802 477 Ἔσχε
826 397 879 477 μὲν
895 386 951 460 οὖν
964 393 1155 477 πρωτότοκον
1171 395 1224 461 τόν
1237 394 1341 463 Ἰάκω-

179 500 234 578 βον
260 495 311 561 τόν
336 497 531 576 ἐπικληθέντα
550 496 690 578 Ὠβλίαν,
721 496 953 581 ἑρμηνευόμενον
983 505 1100 578 Τεῖχος,
1134 500 1182 562 καί
1211 505 1340 564 Δίκαιον

180 601 385 680 ἐπικληθέντα,
410 605 588 683 Ναζωραῖον
605 600 636 663 δέ
651 597 732 678 όντα,
756 598 828 682 ὅπερ
845 598 1152 685 ἕρμηνεύεται“Αγιος.
1183 596 1339 688 Καίπροῖ·

179 727 230 777 τος
248 694 336 776 οὗτος
355 705 457 781 εἴληφε
473 701 527 781 τήν
544 702 697 785 καθέδραν
716 708 768 784 τῆς
785 705 985 783 4έπισκοπῆς,
1008 694 1032 789 ιβ
1050 707 1224 768 πεπίστευκε
1236 703 1341 789 κύριος

178 803 231 869 τόν
249 803 363 887 θρόνον
379 804 473 867 αὐτοῦ
491 805 540 867 ἐπὶ
558 810 611 883 τῆς
627 810 682 888 γης
698 804 822 891 πραότητ’
845 803 880 880 δς
895 806 945 869 καί
960 808 1089 871 ἐκαλεῖτο
1106 803 1124 871 ό
1141 803 1269 886 άδελφός
1283 814 1340 871 τοῦ

178 911 301 991 κυρίου·
332 908 469 989 καθάπερ
494 907 541 970 καί
565 902 583 969 ό
600 901 765 981 οίπόστολος
783 907 904 994 συνᾴδει
921 906 1052 984 τούτοις,
1084 899 1142 972 ιόδέ
1159 936 1218 973 που
1234 911 1338 994 λέγων,

170 1006 295 1093 Ἕτερον
318 1009 349 1073 δέ
373 1015 432 1073 τῶν
457 1007 629 1072 ἀποστόλων
650 1005 706 1073 οόκ
729 1005 825 1084 εἶδον,
857 1012 884 1072 εί
906 1007 946 1090 μη
967 1007 1109 1091 ’ίάκοιβον
1134 1008 1186 1075 τόν
1209 1008 1340 1091 οίδελφόν

180 1115 233 1177 τοῦ
252 1114 375 1194 κυρίου,
407 1112 456 1175 καὶ
473 1107 508 1174 τά
527 1112 602 1190 ἑξῆς,
643 1109 794 1202 ’κίδελφιίςΙ
813 1112 845 1175 δὲ
863 1119 916 1176 τοῦ
939 1116 1045 1195 κυρίου
1067 1111 1188 1189 ὅοὕτως
1206 1122 1337 1178 καλεῖται

179 1212 230 1278 διά
248 1213 281 1278 τό
298 1211 486 1297 όμότροφον,
510 1210 577 1295 οόχλ
592 1211 667 1276 κατά
682 1212 789 1291 φύσιν,
818 1213 890 1278 ἀλλά
904 1212 979 1279 κατά
993 1212 1087 1298 χάριν.
1132 1219 1240 1300 Μαρία
1259 1217 1339 1299 ομέν

179 1315 235 1402 γάρ
252 1313 437 1398 άρμοσθεῖσα
460 1321 501 1402 τῷ
517 1312 626 1397 ’ίωοηφ
645 1317 740 1381 ἐδόκει
764 1315 839 1400 γυνη
855 1313 928 1380 εἶναι
945 1324 997 1381 τοῦ
1016 1315 1141 1401 άνδρός,
1173 1317 1214 1400 μὴ
1230 1320 1339 1400 έχονσα

180 1417 256 1504 πρός
279 1416 370 1483 αότόν
395 1417 540 1499 σωμάτων
564 1416 736 1498 ουνάφειαν.
785 1415 835 1482 Ἕκ
860 1418 968 1499 ταύτης
993 1419 1024 1483 δέ
1047 1427 1100 1501 τῆς
1120 1416 1292 1495 ὑποθέσεως
1317 1418 1337 1501 ἦ

180 1526 335 1607 γειτνίασις
350 1519 511 1606 ἀγχιστείας
532 1526 590 1584 τῶν
615 1524 691 1584 υίοίν
710 1519 819 1602 ’ίωσηφ
846 1519 921 1603 πρός
943 1518 994 1584 τόν
1012 1527 1129 1604 σωτῆρα
1147 1523 1179 1585 έν
1197 1520 1338 1602 ἀδελφῶν

181 1623 258 1701 τάξει
273 1626 420 1704 κέκληται·
445 1622 599 1703 μᾶλλονδὲ
614 1625 827 1708 καλέλογίσθη.
870 1618 922 1697 Ὡς
938 1620 994 1707 γάρ
1011 1625 1062 1687 καί
1079 1621 1169 1698 αύτός
1185 1620 1336 1707 όἸωσηφ,

181 1725 221 1810 μή
239 1724 316 1809 σχάν
334 1731 492 1790 κοινωνίαν
509 1722 585 1809 πρός
608 1723 662 1805 τὴν
686 1727 821 1810 γέννησιν
839 1723 892 1807 την
911 1723 986 1789 κατά
1005 1724 1100 1808 σάρκα
1119 1732 1172 1791 τοῦ
1191 1735 1336 1810 σωτῆρος,

181 1833 213 1896 έν
230 1829 308 1906 τάξει
326 1826 439 1911 πατρός
453 1831 593 1912 λογίζεται
610 1825 673 1891 κατ’
687 1830 859 1910 οἰκονομίαν
868 1878 876 1905 ,
899 1825 1004 1902 καθιός
1019 1829 1094 1912 λέγει
1111 1835 1235 1905 Λουκᾶς
1252 1827 1337 1916 εόαγ·

181 1930 312 2019 γελιοτης
326 1932 394 2013 περί
407 1929 564 1995 αὐτοῦτοῦ
577 1937 720 2014 σωτῆρος,
743 1929 798 2008 ότι,
813 1928 873 1993 Ὧν
883 1929 959 2005 υἱός,
983 1928 1024 2006 ιός
1039 1933 1193 2012 ἐνομίζετο,
1215 1929 1335 2015 Ἰωσὴφ,

182 2032 224 2110 οός
242 2035 293 2098 καὶ
313 2030 389 2115 αιἰτη
408 2029 428 2113 ἡ
443 2030 573 2115 Μαριάμ
597 2035 655 2114 ἔφη
673 2031 748 2116 πρός
767 2030 857 2097 αὐτόν
881 2034 912 2097 έν
929 2039 969 2121 τῷ
985 2032 1061 2097 κατά
1076 2040 1203 2100 Λουκᾶν
1220 2032 1335 2120 εόαγγε-

181 2143 248 2226 λίρι,
269 2133 361 2213 Ἰδού,
384 2133 441 2220 έγοί
460 2138 510 2199 καί
529 2132 546 2198 ό
563 2134 658 2219 πατήρ
677 2157 731 2199 σου
748 2137 905 2216 έζητοῦμὲν
924 2157 956 2200 σε
973 2134 1166 2218 όδυνοίμενοι.
1215 2142 1265 2213 Τίς
1279 2129 1334 2201 οόν

182 2238 220 2305 ίίν
236 2243 314 2305 εἴποι
340 2237 391 2302 τόν
409 2234 518 2319 Ἰωσήφ
543 2239 654 2323 πατέρα
671 2245 724 2302 τοῦ
743 2243 865 2322 κυρίου,
897 2237 931 2312 δς
947 2237 1036 2302 οὐδέν
1049 2236 1126 2324 πρός
1138 2238 1228 2304 ου’τόν
1251 2235 1329 2319 είχον

183 2346 295 2420 αίτιον,
323 2340 447 2424 μάλιστα
464 2347 521 2422 τῆς
533 2339 679 2425 ἐνσάρκου
701 2345 866 2422 παρουσίας
884 2338 969 2417 ἐκτός
988 2343 1154 2432 σπέρματος
1166 2337 1274 2424 άνδρός
1292 2335 1324 2401 ύ·

41 2478 92 2524 μς.
107 2465 164 2511 ιειε.
183 2443 367 2530 παρχοόσης·
402 2440 472 2507 άλλά
496 2442 544 2507 διά
571 2451 624 2525 τῆς
646 2446 817 2526 οἰκονομίας
841 2450 945 2510 τοῦτον
968 2447 1071 2526 είληφε
1091 2442 1141 2508 τόν
1160 2448 1267 2526 κλῆρον
1290 2437 1327 2504 τά

182 2573 346 2634 πραγματα.

53 2866 121 2933 Κεφ·
135 2860 170 2931 η’·
278 2863 372 2923 Τίκτει
387 2859 439 2940 μέν
451 2865 556 2923 τοῦτον
574 2855 625 2922 τόν
637 2856 783 2938 Ἰάκωβον
800 2855 885 2943 ἐγγύς
897 2882 957 2921 που
974 2856 1042 2941 περί
1060 2857 1111 2937 έτη
1131 2833 1259 2940 γεγονοός
1275 2875 1338 2918 τεσ-

182 2960 350 3045 σαράκοντα
371 2965 459 3026 πλείω
482 2959 600 3025 ἐλάσσω.
646 2957 721 3023 Μετ’
739 2957 833 3023 αὐτόν
855 2961 888 3023 δὲ
907 2964 1016 3044 γίνεται
1036 2967 1108 3034 παῖς
1122 2956 1207 3039 ’ίωσῆ
1230 2955 1337 3021 καλού-

183 3089 284 3148 μενος,
315 3061 376 3128 είτα
394 3061 452 3145 μετ’
470 3060 562 3127 αὐτόν
582 3060 723 3143 Συμεοίν,
746 3064 846 3126 ἔπειτα
859 3060 997 3137 Ἰούδας·
1026 3063 1076 3125 καί
1094 3060 1149 3125 δύο
1165 3060 1337 3145 θυγατέρες,

182 3164 345 3252 ἧΜαρία,
374 3169 424 3229 καί
447 3162 614 3247 ἧΣαλοόμη
636 3165 809 3245 καλουμένη.
856 3166 915 3228 Καὶ
929 3165 1072 3246 τέθνηκεν
1095 3162 1190 3228 αὐτοῦ
1211 3159 1231 3243 ἡ
1251 3160 1337 3247 γυνή.

185 3271 245 3333 Καί
269 3266 340 3352 μετά
363 3270 412 3349 ἔτη
431 3266 521 3331 πολλά
543 3264 685 3348 λαμβάνει
705 3264 758 3348 τὴν
784 3271 908 3349 Μαρίαν
930 3273 1031 3352 χῆρος,
1062 3264 1198 3351 κατάγων
1222 3261 1340 3347 ἡλικίαν

184 3375 250 3455 περί
267 3398 327 3436 που
351 3370 534 3457 ὀγδοήκοντα
552 3371 624 3434 ἒτοῖν
643 3370 692 3433 καὶ
711 3367 814 3450 πρόσω
832 3366 849 3433 ό
866 3368 951 3452 άνηρ.
998 3370 1058 3433 Καί
1072 3366 1143 3451 μετά
1161 3374 1252 3431 ταῦτα
1267 3376 1339 3448 λαμ-

186 3474 271 3558 βάνει
287 3473 341 3558 την
351 3478 485 3557 Μαρίαν,
510 3469 550 3547 οός
566 3473 617 3536 καλ
635 3473 666 3536 έν
677 3458 881 3557 τῷέόαγγελίῳ
898 3471 981 3555 λέγει,
1005 3474 1255 3552 Μνηστευθείσης
1271 3466 1339 3554 γάρ,

184 3580 273 3661 φησί,
304 3586 355 3660 τῆς
375 3581 512 3660 Μαρίας,
543 3575 593 3640 καί
614 3571 671 3639 οὐκ
688 3569 767 3649 είπε,
800 3578 996 3655 Γαμηθείσης.
1043 3575 1103 3638 Καὶ
1120 3572 1209 3636 πάλιν
1225 3568 1339 3650 άλλοτε,

187 3678 251 3745 Οόκ
275 3679 341 3769 ᾔδει
362 3676 463 3760 αότιίν.
510 3675 667 3760 Θαυμάσαι
692 3676 723 3740 δέ
743 3678 819 3739 ἔστιν
842 3677 891 3740 ἐπὶ
914 3683 1005 3741 πᾶσιν
1028 3672 1098 3750 1οίς
1120 3678 1153 3738 αί
1172 3671 1343 3757 προφάσεις

184 3790 336 3866 θηρῶνται
353 3785 386 3845 αί
399 3782 542 3863 πονηραί,
565 3783 615 3845 καί
633 3772 674 3844 τόν
692 3778 749 3843 οὐκ
770 3780 829 3842 έστι
848 3782 930 3867 χρείᾳ
950 3780 1072 3864 έρευνᾶν
1086 3774 1139 3852 τάς
1156 3780 1263 3856 αι’τίας,
1287 3779 1342 3841 καί

183 3893 277 3968 ζητεῖν
295 3883 330 3948 τά
347 3883 387 3967 μη
407 3883 584 3965 ζητούμενα,
616 3880 675 3947 άπό
698 3881 729 3945 δὲ
747 3887 806 3945 τῶν
829 3881 999 3967 άναγκαίων
1024 3881 1185 3964 τρέπεσθαι
1206 3881 1253 3945 ἐπί
1277 3906 1341 3962 μω·

183 3986 238 4074 ράς
257 3986 402 4069 ζητήσεις,
434 3990 484 4051 ἵνα
501 3984 619 4060 πάντως
636 4011 695 4049 που
711 3986 743 4048 έκ
759 3982 945 4066 πανταχόθεν
961 3990 1105 4072 συναφθῇ
1125 3979 1196 4065 ἡμῖν
1214 3980 1343 4067 όλεθρος

183 4087 320 4165 άπιστίας
347 4092 395 4153 καί
421 4092 624 4171 βλασφημίας,
654 4084 704 4150 διά
724 4084 777 4162 τάς
798 4085 874 4170 πρός
891 4085 960 4160 τοός
982 4083 1084 4170 άγίους
1108 4085 1233 4167 άτιμίας.
1278 4086 1342 4150 Καὶ

184 4193 371 4279 πρῶτονμὲν
389 4184 444 4258 οὖν
461 4192 564 4277 ἐλέγχει
579 4188 689 4264 αὐτούς
708 4189 896 4272 πανταχόθεν
913 4187 931 4271 ἡ
946 4189 1130 4266 ἀκολουθία,
1160 4187 1204 4252 ότι
1220 4195 1344 4270 πρῶτον

218 4329 240 4383 4.
272 4336 308 4396 Cf.
335 4335 417 4383 Ολτου.
443 4334 528 4383 Ραεοίι.
550 4347 605 4395 μορ.
623 4330 681 4382 332.
707 4333 744 4380 ed.
810 4329 834 4380 6.
854 4327 899 4394 μὲν
920 4334 997 4380 omiss.
1016 4332 1041 4378 ιἰι
1059 4331 1108 4379 cod.
1128 4329 1224 4389 ίλίικιίίρ.

184 4403 259 4453 Βοιιιι.
275 4415 327 4450 cum
344 4402 424 4449 οσιιοι.
813 4397 1002 4448 cn.V111.-·
1041 4400 1063 4448 1.
1092 4398 1270 4447 &scribendum
1283 4402 1345 4458 ρυιο

218 4471 241 4519 5.
273 4459 344 4526 οὗτος
371 4471 513 4530 comorius,
542 4474 632 4518 υττίαιε
657 4467 744 4516 Frater
779 4461 816 4522 εἷς
842 4466 867 4516 αἱ
891 4465 1030 4532 προφάσεις
1060 4481 1112 4513 cnm
1143 4466 1260 4513 σοίαίῑετο
1285 4468 1300 4514 λ.
1326 4468 1343 4515 λ.
1399 4510 1403 4516 .

184 4547 268 4588 autem
285 4535 378 4585 domini
398 4535 439 4584 hic
455 4535 602 4601 appellatur.
776 4550 801 4596 p.
813 4535 879 4598 δίδη
896 4539 936 4597 qui
952 4539 1019 4585 οττίίί
1033 4535 1147 4583 Omnium
1161 4549 1219 4582 vero
1234 4532 1343 4583 maxime
