3096 5070
529 312 854 367 nnncnrnauneosrs.
1210 301 1273 367 tte

113 436 226 523 lyridas
243 435 381 520 quasdam
400 434 546 512 offerunt,
569 432 674 517 quibus
692 443 922 498 consentaneum
940 453 980 498 ex
999 453 1034 496 ea
1054 454 1086 497 re
1101 453 1209 497 nomen
1228 433 1274 498 in·

114 539 258 618 didimus,
283 539 349 602 dum
373 532 591 621 Collyridianos
612 534 680 600 illos
701 536 922 621 appellavimus.

198 740 388 818 Messallam,
412 761 485 824 quos
499 740 688 827 interpretari
708 763 862 824 possumus
880 739 1052 805 Preeaotes.
1098 739 1154 805 His
1172 741 1276 805 adiun-

115 857 225 931 guntur
241 865 258 907 e
274 844 425 928 gentilium
450 843 541 907 sectis
562 864 636 928 quos
655 841 846 929 Euphemitas
869 855 898 907 ει
919 840 1123 929 Martyrianos
1140 855 1169 908 et
1187 841 1275 910 Sata·

115 949 220 1015 uiauos
242 946 405 1013 nominant.

199 1047 321 1114 Summa
346 1047 418 1111 haec
442 1057 489 1112 est
510 1047 580 1111 tomi
600 1047 716 1133 septimi
734 1069 769 1111 ac
787 1047 873 1111 trium
899 1047 1040 1111 librorum
1061 1049 1138 1113 finis.
1185 1045 1278 1114 Colli·

116 1162 224 1237 gnntur
238 1152 378 1219 haereses
395 1146 534 1213 LXXX.
582 1146 645 1214 Sub
662 1152 748 1214 finem
763 1150 842 1214 tertii
857 1150 921 1215 libri
938 1150 1112 1236 septimique
1128 1151 1198 1214 tomi
1217 1153 1277 1215 lor-

118 1253 196 1318 mule
218 1254 283 1318 lidei
299 1275 383 1336 quam
402 1253 526 1316 ecclesia
545 1252 687 1316 catholica
708 1253 861 1336 profitetur
874 1252 1005 1316 subiecta
1024 1265 1086 1333 est,
1119 1275 1153 1318 ac
1167 1254 1278 1318 verita·

120 1356 158 1419 tis
180 1355 312 1424 defensio
331 1364 361 1418 et
385 1354 532 1438 evangelii
550 1352 662 1418 Christi
685 1354 884 1439 praedicatio,
915 1377 950 1418 ac
967 1356 1091 1439 denique
1113 1355 1278 1421 catholicae

119 1457 262 1522 ecclesiae
279 1459 388 1535 dorma,
414 1477 487 1541 quae
504 1478 568 1520 eum
586 1455 621 1519 ab
637 1467 761 1519 aeterno
778 1458 884 1536 luerit,
907 1459 1097 1522 successione
1115 1469 1278 1544 temporum

117 1570 184 1644 post
205 1558 434 1625 incarnationem
459 1555 570 1624 Christi
593 1557 813 1623 evidentissime
836 1560 982 1644 patefacta
1003 1571 1060 1624 est.

204 1762 300 1848 Quam
318 1766 406 1829 multa
426 1785 498 1828 vero
518 1764 553 1827 ab
572 1764 705 1828 humanis
723 1763 849 1847 ingeniis
867 1763 964 1849 colligi
983 1775 1106 1850 possunt
1122 1766 1158 1829 de
1177 1765 1215 1829 iis
1229 1765 1279 1849 qui

120 1864 192 1933 tanti
208 1889 242 1929 ac
259 1878 316 1936 tam
332 1869 515 1933 excellentes
533 1865 695 1944 habentur,
729 1878 760 1929 et
781 1865 829 1949 qui
857 1869 892 1930 ad
912 1867 1098 1931 laudabilium
1118 1871 1279 1931 adolescen-

121 1972 245 2035 tularum
263 1991 358 2054 genus
376 1970 503 2034 adscribi
522 1970 629 2032 debent
643 1990 762 2050 pecorum
779 1991 835 2030 nort
851 1981 896 2030 ert
911 1977 1064 2032 nummus!
1107 1969 1185 2033 Nam
1203 1970 1279 2034 aliae

119 2072 368 2137 commendandae
383 2083 470 2151 sunt,
501 2072 577 2136 aliae
594 2072 808 2156 vituperatione
819 2070 943 2155 dignae.
989 2071 1067 2136 Nam
1084 2072 1215 2135 nonnulli
1232 2092 1280 2136 re·

121 2173 272 2257 periuuter
289 2173 394 2257 quiex
417 2174 532 2260 privato
548 2174 667 2256 iugenio
684 2195 819 2237 severam
838 2175 982 2258 quandam
1001 2175 1079 2237 vitae
1097 2173 1278 2258 disciplinam

120 2276 266 2359 eclogem
289 2276 478 2361 sibimetipsis
503 2275 713 2354 condiderunt,
737 2298 772 2338 ac
791 2275 952 2361 prolixiore
973 2297 1056 2339 coma
1079 2276 1171 2361 palam
1198 2288 1227 2340 ει
1249 2278 1281 2341 in

121 2378 249 2442 omniurn
266 2379 358 2442 oculis
376 2379 548 2463 procedunt.
595 2378 655 2441 Alii
680 2400 752 2441 vero
777 2379 872 2441 sancti
898 2381 1005 2441 iratres
1025 2379 1055 2441 io
1073 2377 1169 2441 cilicio
1191 2389 1221 2441 et
1238 2380 1280 2441 ci·

121 2501 194 2546 nere
220 2482 297 2544 dorni
319 2501 387 2544 sese
412 2480 582 2558 continent,
617 2480 665 2544 alii
682 2480 807 2564 denique
825 2481 986 2565 asperrimo
1006 2480 1124 2544 vivendi
1146 2481 1280 2545 instituto
1340 2515 1342 2519 ν

122 2603 157 2646 ac
175 2583 338 2650 durissimis
361 2582 479 2649 ieiuniis
502 2593 533 2646 et
547 2581 694 2646 laboribus
710 2583 756 2645 dei
779 2604 884 2647 caussa
906 2584 1051 2668 susceptis
1070 2583 1191 2648 iuvenili
1210 2602 1281 2667 qua·

123 2685 186 2751 darn
206 2685 376 2751 fortitudine
395 2696 426 2749 et
442 2686 570 2768 perlecta
587 2705 659 2767 erga
674 2705 815 2770 sponsum
832 2685 1013 2750 conscientia
1029 2685 1163 2749 omuibus
1179 2704 1282 2749 nume-

124 2787 165 2853 ris
182 2787 344 2852 absolutam
370 2788 459 2852 tritam
478 2787 659 2873 exprimunt.
691 2787 750 2851 Alii
774 2789 901 2866 demum,
921 2789 996 2872 quod
1017 2788 1102 2873 paulo
1119 2798 1187 2852 ante
1204 2788 1281 2868 dixi,

124 2911 182 2958 uon
199 2891 332 2970 sineere,
356 2890 409 2953 sed
427 2890 624 2953 obstinatione
643 2891 766 2973 quadam
784 2891 885 2968 animi,
909 2890 990 2953 velut
1009 2891 1172 2974 tyrannice,
1197 2910 1282 2974 proe-

125 3001 170 3057 ter
196 2993 349 3059 veritatem
373 2992 537 3056 insolenter
558 2993 734 3055 efferuntur.
781 2991 931 3055 Eiusmodi
953 2991 1125 3056 Zacchaeus
1144 2993 1194 3056 ille
1213 2993 1280 3071 fuit,

124 3094 172 3179 qui
188 3116 282 3180 nuper
298 3094 328 3159 iu
347 3106 485 3158 montana
498 3093 621 3178 regione
638 3095 674 3158 ad
691 3093 896 3180 Hierosolyma
917 3105 1048 3158 mortuus
1068 3106 1126 3173 est,
1150 3094 1198 3180 qui
1216 3116 1282 3159 eum

125 3196 242 3260 nemine
266 3219 393 3281 unquam
421 3196 559 3282 precandi
582 3196 786 3262 communione
803 3198 940 3281 coniungi
957 3217 990 3261 se
1008 3218 1113 3282 passus
1128 3209 1192 3279 est,
1223 3198 1283 3262 irno

126 3319 199 3361 vero
221 3318 262 3362 ex
282 3300 386 3363 eodem
411 3300 545 3364 instituto
565 3300 664 3365 divina
680 3301 839 3385 mysteria,
871 3321 936 3364 cum
960 3299 1052 3363 laicus
1079 3312 1171 3378 esset,
1195 3299 1284 3363 attin·

126 3419 199 3482 gere
216 3421 251 3462 ae
268 3400 412 3464 sacrificia
428 3402 579 3466 celebrare
598 3404 713 3466 nefario
731 3424 804 3467 ausu
824 3425 857 3466 ac
874 3404 1032 3466 temerario
1048 3413 1093 3465 εει
1108 3422 1282 3486 aggressus.

128 3497 269 3565 Inventus
288 3512 333 3565 est
348 3512 377 3564 et
391 3502 483 3582 alius,
507 3504 680 3588 quicumque
696 3504 746 3569 ille
761 3507 876 3569 tandem
897 3506 961 3585 luit,
985 3505 1144 3568 excellenti
1159 3505 1285 3588 quodam

128 3602 207 3667 ritae
223 3623 350 3687 genere,
375 3605 422 3688 qui
439 3603 469 3668 in
484 3603 613 3689 Aegypti
632 3605 788 3670 solitudine
805 3608 835 3670 iu
854 3607 1033 3672 monasterio
1049 3607 1191 3692 degebat3
1215 3607 1285 3670 item

128 3704 203 3769 alius
226 3707 262 3769 ad
278 3702 380 3770 Sinam
405 3716 535 3770 montem
552 3706 698 3769 babitans.
744 3704 802 3791 Qui
818 3709 903 3774 ambo
922 3710 1023 3774 nescio
1040 3709 1144 3794 quibus
1161 3708 1285 3773 somniis

130 3827 166 3871 eo
183 3807 357 3872 temeritatis
381 3808 496 3873 adducti
514 3818 585 3871 sunt
605 3817 638 3871 ut
660 3820 796 3892 suscepta
819 3812 854 3873 ad
872 3811 1001 3897 episcopi
1026 3813 1205 3877 lunationem
1224 3832 1286 3875 ma·

130 3932 217 3973 uuum
232 3910 418 3994 impositione
433 3912 538 3974 sedere
553 3920 582 3973 ct
598 3909 799 3993 episcoporum
817 3934 922 3976 munus
940 3914 1022 3978 obire
1035 3936 1093 3977 non
1113 3914 1284 3979 dubitarint.

130 4012 203 4092 Alii,
221 4023 251 4076 et
268 4011 296 4076 bi
313 4012 427 4097 quidem
445 4034 503 4077 non
520 4012 618 4098 pauci,
642 4021 775 4077 castrare
792 4015 966 4099 semetipsos
982 4026 1086 4080 eontra
1103 4017 1184 4101 leges
1203 4017 1287 4080 iuve-

130 4149 181 4218 ἀει)
198 4165 254 4214 pop.
267 4145 340 4202 1094.
725 4152 806 4200 Ρειευ.
842 4147 982 4216 ἐπισκοπῆς
998 4144 1028 4204 ου’
1042 4154 1166 4204 videbatur
1183 4155 1288 4204 Petovta.

164 4218 206 4270 ot.
223 4215 303 4282 ψαύει
317 4217 362 4272 καὶ
376 4216 503 4286 ἱερουργία
518 4219 586 4269 codd.
600 4233 655 4270 ntss.
670 4223 693 4274 ,ει
762 4217 816 4270 100.
828 4215 958 4282 termeno
972 4221 1040 4270 codd
1054 4224 1101 4272 len.
1119 4228 1139 4271 ιι
1153 4223 1251 4283 Rbedip.
1266 4226 1288 4272 et

130 4288 185 4338 edit.
201 4290 276 4350 princ
726 4289 780 4338 edit.
800 4289 876 4350 princ.
896 4283 1039 4340 dnlcedinem
1053 4291 1108 4338 edit.
1126 4291 1209 4340 Petov.

165 4352 206 4407 98.
223 4371 262 4413 τις
283 4348 313 4417 ὅς
332 4371 394 4409 ποτε
414 4357 483 4406 codd.
496 4370 552 4406 mss.
587 4347 618 4416 tte
633 4370 694 4408 ποτε
763 4356 842 4406 1002.
860 4357 897 4405 lto
912 4355 980 4406 codd.
994 4368 1050 4406 mre.
1070 4362 1173 4419 uterque,
1190 4362 1211 4407 et
1233 4358 1288 4408 rdtt
1354 4418 1355 4422 ἵ

131 4424 186 4472 edit
202 4426 278 4485 princ.
725 4426 801 4486 princ.
835 4424 897 4473 Edit
906 4423 987 4474 Petam
1002 4423 1071 4472 babet
1085 4422 1129 4475 καὶ
1146 4417 1219 4477 αὐτοὶ
1232 4422 1289 4481 dne·

166 4488 206 4541 99.
225 4485 371 4544 ἐπισκόπων
385 4492 438 4542 eod.
452 4494 500 4543 len
514 4496 536 4543 tt
549 4493 603 4542 edit.
617 4495 694 4555 princ.
727 4490 833 4561 χείρων.

132 4555 275 4612 ἐπισκοπῶν
290 4561 342 4612 eod.
352 4560 449 4624 Rteedtp.
485 4556 625 4624 ἐπισκοπῆς
641 4562 695 4611 edtt.

1015 4643 1086 4714 st*
