3096 5070
296 282 361 349 258
725 293 847 346 ειιτσιι
864 287 1045 346 amman*

299 413 361 478 Καί
378 407 470 493 πολλὴ
486 411 566 476 ἔσται
579 406 600 492 ἡ
615 415 670 476 τοῦ
691 413 792 492 βυθοῦ
807 418 860 492 τῆς
882 407 997 492 πλάνης
1018 405 1039 490 ἡ
1060 412 1247 495 ματαιολογία
1264 414 1323 476 τόν
1339 408 1451 494 νοημά-

298 540 374 592 των,
396 521 450 595 τῆς
464 516 598 588 διανοίας
610 514 712 595 μηιιέτι
726 510 946 594 εῦσταθοόσης,
968 507 1040 576 άλλά
1055 511 1223 594 πληροόσης
1238 509 1271 577 τό
1287 515 1450 595 εἰρημένον,

293 613 531 702 Ἐμωράνθησαν
557 618 588 680 οί
609 618 712 680 δοῦλοι
734 621 787 679 τοῦ
811 621 902 692 θεοῦ,
937 614 988 678 ιιαλ
1013 610 1176 698 ίμωράνθη
1201 620 1261 689 πᾶς
1285 611 1451 700 ἄνθρωπος

297 715 359 785 άπδ
376 717 518 804 γνάσεως.
565 714 611 781 Οό
625 713 681 801 γάρ
695 742 740 792 τις
754 716 848 803 ίαυτιγῦ
861 722 912 805 ζῇ,
934 712 1003 781 οῦδὲ
1019 716 1114 804 ἑαυτῷ
1128 712 1321 799 άποθνήσιιεα
1369 717 1452 783 om

296 845 341 897 τις
364 818 507 906 γνάσεται
526 815 614 884 οῦδέν
635 817 728 904 πάρεξ
752 826 805 884 τοῦ
828 824 920 895 θεοῦ,
950 823 1004 884 τοῦ
1028 816 1281 898 ιἰποιιαλόψαντος
1304 816 1376 900 ἡμῖν
1396 817 1451 902 τόμ

297 921 446 1005 ἀληθινήν
458 927 556 988 πίστιν
568 918 672 1000 αότοῦ,
693 921 837 1006 λέγοντος,
862 911 958 995 Οότός
973 921 1051 985 ίστιν
1066 915 1162 996 όυίός
1178 944 1236 1002 μου
1252 917 1271 986 ό
1287 919 1450 1006 άγαπητός,

295 1027 347 1092 ιιαί
364 1022 457 1089 αῦτοῦ
482 1023 620 1101 αἰιιοόετε,
649 1023 701 1087 aaz
723 1028 778 1087 τοῦ
800 1023 830 1099 ἐξ
848 1019 941 1087 αότοῦ
961 1023 1172 1107 γεγεννημένου
1197 1021 1449 1104 άπαιιαλόιγαντος
1479 1055 1483 1062 .

294 1124 367 1212 ἡμῖν
382 1125 434 1192 τόν
449 1126 560 1210 πατέρα
574 1123 683 1202 αὐτοῦ,
713 1125 765 1188 ναί
781 1126 932 1210 λέγοντος,
959 1120 1034 1208 Ἐγοό
1054 1125 1087 1189 ίιτ
1103 1130 1157 1188 τοῦ
1181 1122 1293 1210 πατρός
1313 1128 1449 1208 ἐξῆλθον,

168 1235 280 1298 ΝΜ
297 1233 349 1296 καί
370 1229 444 1313 ἥκω.
499 1229 559 1292 Καί
581 1224 648 1292 οὔτε
669 1223 731 1291 άπδ
753 1225 914 1308 ὀνομασίας
937 1223 1110 1311 άυθροόπιον
1131 1224 1164 1291 τό
1187 1225 1364 1312 ἀσύγκριτον
1385 1229 1451 1311 ίσχε

294 1331 386 1412 θεός,
409 1329 477 1397 οὔτε
493 1326 543 1394 διά
558 1326 591 1395 τό
609 1325 821 1413 άσόγαριτονη
838 1325 905 1406 άξία
921 1335 974 1394 τοῦ
990 1325 1136 1410 άληθινοῦ
1154 1327 1355 1395 ένυποστάτον
1372 1337 1449 1396 θεοῦ

294 1433 386 1519 λόγου
411 1435 463 1499 ιιαλ
484 1434 518 1499 έιι
538 1430 650 1517 πατρός
671 1427 805 1514 άνάρχως
822 1426 990 1512 όμοονσίως
1009 1433 1219 1516 γεγενημένον
1241 1431 1449 1517 παρτκτραπή-

296 1559 391 1616 σεται,
413 1532 509 1601 4οὔτε
526 1531 672 1619 ὁποτέρου
690 1539 750 1597 τῦν
767 1529 922 1614 ὀνομάτων
937 1531 1021 1617 χάριν
1036 1535 1151 1615 ἔχοντος
1167 1535 1311 1610 ἐπινοίαις
1325 1527 1450 1621 ’όνθρτό

293 1665 370 1705 πων.
415 1634 510 1702 Οόδίν
532 1636 588 1724 γάρ
611 1634 864 1720 προςλαμβόνεται
885 1633 917 1701 τό
934 1643 1019 1699 θεῖον
1037 1634 1204 1717 άξιάματος
1221 1634 1243 1720 ἢ
1263 1636 1448 1720 προςθήιιης,

293 1738 368 1806 αῦτό
382 1739 414 1803 δδ
431 1737 487 1804 ὁτό
502 1748 589 1804 θεῖον
605 1745 678 1803 πᾶσι
692 1741 810 1821 παρέχει
824 1741 856 1803 έκ
872 1744 925 1802 τοῦ
940 1734 1033 1802 αότοῦ
1046 1736 1251 1822 πληρώματος,
1273 1736 1318 1806 del
1334 1742 1367 1807 έν
1379 1766 1449 1806 ταυ-

293 1841 392 1923 τότητι
415 1841 572 1924 μένοντος,
603 1842 654 1904 ιιαλ
671 1838 712 1923 μή
728 1841 956 1921 ἐλαττουμένου,
986 1837 1044 1904 ἄλλ’
1062 1842 1094 1905 έν
1109 1848 1145 1930 τῇ
1164 1845 1225 1929 ίδίμ
1243 1843 1387 1929 φέροντος
1402 1839 1448 1908 άελ

294 1943 382 2032 σῦσίρ
404 1950 457 2009 τοῦ
481 1942 629 2026 όνόματος
649 1943 700 2007 καί
721 1941 876 2024 δυνάμεως
896 1943 948 2007 καί
968 1939 1074 2019 οόσίας
1093 1942 1125 2009 τό
1149 1943 1273 2027 όξίιιμα.

380 2248 492 2316 Ἀετίου
508 2247 611 2330 κεφάλ.
625 2248 672 2334 ιγ’.
695 2251 739 2313 Et
754 2250 866 2326 ἔξωθεν
882 2250 1087 2333 έπιθεωρεῖται
1105 2253 1145 2336 τῷ
1162 2253 1227 2339 θεῷ
1249 2246 1304 2315 1τό
1324 2245 1441 2332 dybur

294 2378 356 2433 τον,
388 2356 419 2419 σί
435 2351 688 2438 έπιθεωρήσαντες
703 2358 757 2416 τοῦ
773 2352 1033 2434 ε’πιθεωρηθέντος
1044 2353 1116 2416 είσλν
1130 2349 1284 2435 άμείνονς,
1312 2357 1440 2435 κρεῖττον

295 2453 389 2540 ὄνομα
405 2461 458 2536 τῆς
471 2453 591 2536 φάσεως
612 2451 693 2541 αὐτῷ
714 2452 914 2539 πορισάμενοι.

375 2555 490 2641 Ἀναιρ.
508 2555 649 2638 Ἀμείνων
662 2553 761 2632 οῦδελς
773 2563 859 2634 θεοῦ,
881 2553 957 2639 πρός
969 2552 1080 2621 Ἀίτιόν
1094 2582 1146 2638 μοι
1158 2554 1272 2639 ἠλέεις,
1282 2549 1335 2618 τόν
1346 2549 1443 2627 οὕτως

292 2659 512 2742 έπινενοηιιότα.
534 2656 586 2735 Ὡς
599 2661 655 2741 ἔχει
670 2655 691 2739 ἡ
706 2655 840 2741 άληθεια.
864 2664 939 2733 Πῶς
953 2657 1008 2745 γάρ
1024 2655 1152 2741 άμείνονν
1165 2664 1242 2725 θεοῦ
1252 2659 1302 2740 τίη
1317 2681 1370 2734 τις,
1384 2660 1445 2721 τιῦν

292 2763 413 2830 πάντων
427 2764 460 2826 έν
477 2768 551 2826 θεοῦ
566 2759 600 2825 τό
618 2757 693 2826 είναι
709 2759 889 2843 εἰληφότων,
933 2764 1041 2826 Λίτίου
1062 2762 1095 2827 δέ
1119 2759 1205 2837 ὄντος
1223 2767 1278 2828 τοῦ
1294 2765 1370 2825 θεοῦ
1387 2762 1445 2823 τόν

291 2861 342 2931 εἴπ’
365 2861 458 2929 αότοῦ
481 2864 676 2945 πεπεισμένων
696 2870 820 2948 λογικῶν
835 2887 865 2927 τε
880 2865 931 2928 ιιαλ
946 2863 1080 2948 ἀλόγων,
1112 2860 1229 2947 όρατοῦν
1241 2887 1272 2928 τε
1288 2863 1338 2928 παλ
1355 2859 1445 2944 δορό-

291 2992 368 3042 των,
390 2963 521 3049 άμείνοιν
536 2962 626 3041 αῦτός
641 2967 699 3031 ίστι
715 2962 797 3049 παρά
812 2963 941 3044 πάντας,
964 2964 1021 3030 πάν
1034 2990 1064 3031 τε
1077 2968 1109 3030 σί
1121 2967 1235 3052 λογικοί
1249 2967 1384 3038 διανοίας
1399 2962 1445 3047 γί-

290 3093 390 3135 νοιντο
415 3068 512 3154 ὀρθῆς
537 3070 579 3144 είς
602 3066 764 3150 εὐσέβειαν,
796 3074 849 3132 τοῦ
873 3071 1016 3152 γεραίρειν
1039 3065 1072 3132 τό
1096 3065 1218 3150 ἄμεινον
1241 3064 1301 3132 άντό
1325 3067 1444 3158 μέρους,

292 3172 367 3255 μηδέ
383 3169 459 3247 ὅλως
475 3177 534 3236 τῶν
550 3168 669 3236 πάντων
686 3168 840 3236 ίπιτοαυτό
858 3172 1080 3253 συναχθέντων,
1109 3173 1161 3235 καί
1180 3174 1294 3254 μυρίων
1309 3169 1445 3234 έαέιιεινα

292 3275 528 3356 διανενοημένον
545 3271 622 3357 πρός
643 3271 739 3355 όμνον
759 3279 836 3337 θεοῦ
849 3275 1066 3338 έπειιτείνεσθαι
1084 3275 1257 3354 δυναμένων
1280 3268 1339 3335 ’τό
1357 3293 1386 3334 τε
1401 3270 1446 3335 τέ-

196 3427 198 3431 ,
290 3382 370 3441 λειον
384 3382 436 3458 τῆς
452 3375 545 3458 αὐτῆς
559 3375 648 3458 δόξης
664 3378 696 3440 έν
717 3377 833 3450 ἑαυτοῖς
854 3376 1048 3459 έμπεριέγειν,
1077 3372 1314 3459 όπερβαινοόσης
1331 3371 1379 3439 άιλ
1391 3379 1445 3455 τῆς

291 3477 449 3558 άμείνονος
462 3485 522 3544 τῶν
536 3474 769 3560 όποβεβηκόιων
784 3475 837 3559 τήν
852 3478 984 3557 ίννοιαν,
1015 3476 1072 3544 κάν
1087 3503 1116 3542 ιε
1131 3476 1206 3542 κατά
1221 3475 1363 3559 δόναμιν,
1393 3477 1444 3541 ααλ

290 3575 366 3665 όπέρ
386 3579 530 3662 δύναμιν,
561 3578 637 3666 πρός
660 3576 835 3664 όμνολογίαν
862 3582 1105 3647 8ίιτειιτείνανται
1122 3587 1164 3669 τῷ
1185 3577 1325 3661 άμείνονι.
1359 3575 1444 3644 Ἔστι

289 3682 346 3768 γάρ
371 3682 408 3749 οῦ
433 3680 511 3770 λόγῳ
526 3678 670 3762 άμείνωδ,
692 3678 762 3747 άλλά
782 3680 920 3763 δυνάμει,
949 3685 1001 3748 οιαὶ
1015 3682 1150 3766 όνόματι,
1179 3679 1329 3768 ααλλόγμ.
1368 3676 1444 3745 Ἀλλ’

291 3784 330 3850 οὗ
348 3789 452 3850 διοίσει
467 3783 500 3850 τό
519 3781 696 3869 άσόγκριτον
714 3782 774 3849 άπό
791 3790 845 3849 τοῦ
868 3783 1045 3870 άσνγιτρίτον
1061 3783 1108 3869 *ἦ
1124 3791 1178 3851 τοῦ
1193 3782 1346 3866 άμείνονος
1360 3778 1441 3865 παρά

289 3893 351 3953 τῶν
365 3883 598 3969 όττοβεβηιιότιον
620 3889 781 3972 δοξολογία.
827 3883 898 3952 Οίδε
916 3886 972 3972 γάρ
988 3890 1019 3954 έν
1034 3890 1122 3974 πατρί
1135 3886 1169 3953 τό
1183 3885 1304 3970 άμεινον
1321 3882 1372 3952 διά
1385 3888 1440 3948 τοῦ

169 4013 221 4063 με.
232 4001 280 4048 Μ·
293 3987 472 4077 ιἰγεννήιον,
494 3991 545 4055 ιιαλ
558 3986 590 4055 τό
607 3986 727 4071 άμεινον
743 3993 772 4066 ίξ
786 3986 879 4055 αότοῦ
892 3994 1110 4075 γεγεννημένον.
1154 3991 1266 4075 Διόπερ
1284 3983 1441 4071 όμοοόσιον

324 4124 348 4180 λ.
367 4130 474 4179 Fortasse
489 4120 557 4182 οόδλ.
883 4133 962 4181 culam
975 4147 1003 4184 τι
1021 4147 1051 4182 ιτ
1067 4133 1180 4182 vocabulo
1195 4127 1295 4183 τέλειον.
1331 4127 1444 4181 Pam

323 4197 348 4247 5.
371 4194 401 4250 τὸ
423 4201 535 4248 omissum
551 4200 576 4247 λιι
599 4199 654 4248 edit.
671 4199 754 4250 Ριτσν.
772 4200 850 4250 Coton.
882 4203 977 4250 τουίιαι
993 4197 1056 4265 πρὸς
1071 4196 1099 4251 τδ
1117 4198 1216 4252 τέλειον.

288 4270 359 4328 mnf·
917 4267 941 4318 3.
967 4264 1157 4320 ίαεκτεινίντων
1181 4268 1233 4318 τοῦ.
1252 4266 1367 4328 Rhodia„
1392 4279 1443 4316 τοτ-

327 4335 347 4382 Ι.
363 4329 409 4389 τδ,
434 4334 687 4396 φοινίσσουσι
704 4336 775 4383 min
795 4335 849 4383 ιδίί.
881 4341 987 4386 tecturae
1009 4340 1111 4401 υτιιιρίίι
1131 4342 1156 4386 ιἰι
1180 4336 1249 4398 finali
1268 4337 1334 4384 υοοίτ
1349 4334 1444 4396 τμίλαδο

288 4400 370 4451 Ριίαν.
388 4404 468 4455 σολον,
479 4407 561 4465 τηνεί,
577 4405 640 4453 σοιτί
657 4416 673 4452 ο
689 4403 741 4452 λσοο
753 4405 850 4466 ςταιείίσ
881 4406 1020 4466 conspicuis.

288 4468 315 4518 ιι
331 4454 496 4534 summm
916 4473 940 4523 ι.
966 4474 1030 4522 uem·
1050 4473 1120 4535 ιιηι
1142 4461 1161 4535 ῆ
1184 4468 1236 4523 τοῦ.
1279 4471 1444 4522 emendarunt

323 4539 348 4586 ¹2.
365 4534 557 4601 λίσείδαίςοτδ
571 4534 672 4591 τέλειον.
707 4537 849 4600 neptum·
882 4541 932 4592 ίοοι
945 4532 1039 4604 μήδετο
1056 4542 1183 4592 συντονίαν
1199 4542 1221 4589 ιε
1236 4539 1357 4591 Ριίαυίια.
