3096 5070
278 253 340 316 448
706 264 829 317 σιτίσαι
848 266 1018 318 mmmm

276 380 314 447 τά
328 383 397 469 περί
413 381 507 463 αὐτῆς
521 382 657 463 λέξομεν,
689 383 741 447 καλ
758 379 811 458 τάς
827 379 890 447 κατ’
904 382 996 464 αάτής
1010 378 1195 467 ἀνατροπάς,
1228 383 1302 449 θεόν
1318 382 1442 467 αἰτησά-

278 509 375 567 μενοι,
404 482 479 549 κατά
501 481 534 549 τό
554 483 683 550 δυνατόν
700 485 958 570 παραθησόμεθα,
990 483 1075 560 ὅπως
1092 492 1145 568 τής
1163 488 1354 553 είδωλοποιοῦ
1369 488 1441 553 ταύ-

277 613 330 670 της
344 588 483 671 αἱρέσεως
495 585 549 663 τάς
562 590 643 670 ῥίζας
667 586 835 670 ἐκτεμόντες
851 585 912 653 ἀπό
928 614 1015 653 τινων
1029 586 1083 673 τήν
1104 587 1244 672 τοιαύτην
1262 587 1371 656 λύσσαν
1385 618 1438 656 κα-

277 696 398 754 ταλῦσαι
420 692 452 754 ἐν
472 696 536 777 θεῷ
557 692 745 772 δυνηθῶμεν.

141 802 208 872 Κεφ.
221 798 254 874 β’.
353 789 425 878 ’Ἁγε
440 796 554 867 τοίνυν,
582 799 660 858 θεοῦ
676 796 795 870 δοῦλοι,
829 789 970 879 ἀνδρικόν
991 791 1132 877 φρόνημα
1151 791 1362 875 ἐνδυσάμεθα,
1386 823 1442 880 γυ-

277 901 390 960 ναικοῖν
413 894 445 959 δέ
460 892 575 959 τούτων
589 892 643 978 τήν
665 898 773 977 μανίαν
788 893 1033 976 διασκεδάσωμεν.
1082 893 1122 960 Τό
1140 901 1201 959 πᾶν
1217 893 1273 980 γάρ
1297 895 1443 979 ιθήλεως

275 992 297 1080 ή
312 994 450 1076 ύπόνοια,
473 998 523 1062 καί
542 994 627 1074 Εὔας
641 997 729 1062 πάλιν
744 1003 796 1080 τής
809 993 1003 1078 ἀπατωμένης
1018 996 1050 1062 τό
1063 996 1190 1080 νόσημα·
1209 1006 1318 1081 μᾶλλον
1333 997 1358 1064 δ’
1372 999 1444 1067 θὸτι

277 1107 331 1166 τοῦ
356 1099 468 1181 όφεως,
499 1106 553 1163 τοῦ
576 1101 763 1183 ἐρεθιστικοῦ
780 1098 893 1183 θηρός,
925 1101 974 1164 καί
999 1107 1051 1165 τοῦ
1078 1100 1257 1182 λαλήσαντος
1279 1104 1311 1166 ἐν
1324 1104 1403 1193 αὐτή
1417 1101 1442 1187 ή

276 1210 331 1286 τῆς
346 1201 459 1285 πλάνης
477 1198 651 1285 ύπόσχεσις,
679 1202 771 1284 μηδὲν
787 1205 830 1278 είς
850 1203 940 1284 μέσον
962 1204 1110 1285 φέρουσα,
1139 1203 1212 1269 οάδέ
1227 1202 1263 1270 τά
1278 1202 1442 1289 ύπισχνού-

277 1331 351 1388 μενα
366 1313 529 1384 τελειοῦσα,
552 1302 645 1388 ἀλλ’ἢ
664 1304 757 1388 μόνον
777 1304 911 1370 θάνατον
929 1304 1165 1390 ἀπεργαζομένη,
1197 1304 1233 1371 τά
1248 1305 1289 1389 μή
1305 1305 1377 1373 όντα
1396 1305 1440 1385 οἷς

277 1407 348 1474 ὄντα
363 1415 509 1487 καλοῦσα,
539 1410 590 1472 καί
606 1405 656 1471 διά
672 1414 725 1489 τῆς
742 1403 874 1491 ὁράσεως
892 1414 946 1471 τοῦ
964 1406 1052 1484 ξύλου
1073 1406 1230 1491 παρακοήν
1248 1411 1437 1495 ἐργαζομένη,

275 1513 327 1577 καλ
352 1508 548 1593 ἀποστροφήν
569 1506 620 1573 ἀπ’
643 1506 735 1591 αύτής
760 1515 813 1590 τής
840 1507 996 1591 ἀληθείας,
1026 1512 1075 1574 καί
1097 1517 1152 1575 τοῦ
1176 1512 1227 1575 ἐπλ
1252 1509 1345 1577 πολλά
1372 1514 1437 1598 τρέ-

277 1623 396 1679 πεσθαι.
442 1617 580 1694 Νομίζειν
594 1612 626 1677 δέ
641 1613 720 1677 έσται
736 1608 827 1676 όποῖα
841 1608 860 1678 δ
875 1610 1014 1678 ἀπατειάν
1031 1613 1161 1697 ἔσπειρε,
1182 1614 1291 1698 λέγων,
1305 1611 1440 1681 Ἕσεσθε

278 1713 320 1794 οἷς
336 1720 411 1783 θεοί.
454 1714 540 1780 Οῦτω
567 1716 619 1779 καί
640 1713 754 1780 τούτων
774 1713 806 1780 τδ
822 1714 964 1802 φρόνημα
984 1714 1195 1797 κεπφούμενον
1212 1723 1249 1806 τῇ
1266 1723 1320 1782 τοῦ
1338 1743 1438 1803 προει-

278 1822 407 1907 ρημένου
431 1816 530 1902 θηρός
551 1814 687 1901 ἐπάρσει,
718 1814 765 1898 ἐφ’
787 1810 808 1907 ή
831 1816 919 1899 φύσει
938 1817 1027 1882 πάλιν
1049 1815 1102 1882 τόν
1121 1816 1255 1885 θάνατον
1276 1819 1437 1905 ἐργάζεται,

279 1920 320 1999 τίς
336 1923 387 1987 καλ
404 1919 543 1995 πολλάκις
565 1917 657 1986 είπον.
707 1927 834 2005 Πρῶτον
852 1921 905 2003 μέν
921 1919 977 2005 γάρ
996 1917 1091 1994 εάθύς
1107 1923 1282 1987 διασκοπεῖν
1299 1919 1350 1988 ἀπ’
1367 1926 1437 1988 «w»

138 2051 189 2097 με.
203 2038 263 2085 ¹⁸⁶¹·
276 2051 329 2102 νος
343 2027 394 2090 καὶ
408 2028 513 2108 δεῦρο,
545 2027 601 2088 τίνι
618 2022 655 2088 οῦ
672 2026 767 2104 σαφές
781 2025 860 2088 ἐστιν
881 2021 927 2088 ότι
943 2022 1094 2106 δαιμόνων
1116 2024 1176 2087 ἐστλ
1191 2021 1224 2089 τό
1241 2028 1370 2111 δίδαγμα
1383 2028 1435 2091 καί

276 2136 388 2212 σχῆμα,
420 2128 470 2191 καλ
486 2125 685 2208 ἠλλοιωμένον
704 2123 739 2191 τό
758 2128 946 2210 ἐπιχείρημα,Ι
993 2130 1058 2214 Θεῷ
1081 2125 1134 2207 μέν
1150 2122 1201 2190 ἀπ’
1214 2129 1330 2204 αίοίνος
1345 2125 1429 2192 ον’δα-

278 2237 342 2314 μῦς
359 2226 433 2316 γυνή
449 2226 629 2313 ίεράτευσεν,
658 2225 714 2293 οῦκ
729 2227 807 2311 αάτή
824 2226 906 2304 Εύα,
938 2232 989 2293 καί
1004 2233 1051 2294 τοί
1066 2253 1098 2313 γε
1113 2231 1145 2294 έν
1160 2227 1336 2315 παρεκβάσει
1349 2253 1427 2313 γενο·

278 2335 360 2417 μένη.
400 2329 473 2395 Ἀλλ’
492 2331 548 2395 οῦκ
566 2329 722 2412 ἐτόλμησεν
737 2333 780 2396 έτι
793 2331 897 2414 ἀσεβές
911 2335 1046 2396 τοιοῦτον
1061 2329 1230 2397 ἀποτελέσαι
1244 2333 1423 2412 ἐπιχείρημα·

278 2433 316 2501 οῦ
342 2439 395 2517 μία
415 2441 473 2499 τῶν
494 2432 602 2515 ταύτης
626 2435 816 2518 θυγατέρων,
844 2439 895 2499 καί
911 2437 956 2499 τοί
974 2458 1006 2517 γε
1022 2439 1076 2498 τοῦ
1097 2431 1189 2517 Ἀβιλ
1201 2430 1291 2506 εύθύς
1310 2434 1424 2516 ίερουρ-

276 2537 421 2624 γήσαντος
437 2542 515 2624 θεῷ,
544 2538 596 2600 καλ
611 2542 666 2601 τοῦ
682 2535 763 2602 Κάΐν
777 2534 927 2612 θύσαντος
943 2534 1074 2601 ἐντόπιον
1096 2539 1197 2621 κυρίου
1211 2538 1322 2610 θυσίας
1328 2584 1337 2613 ,
1369 2530 1429 2597 ἀλλ’

277 2639 314 2706 οῦ
331 2639 596 2724 προςδεδτγμένας,
622 2637 715 2721 Ἐνοίχ
731 2664 762 2703 τε
776 2637 1024 2722 εῦαρεστήσαντος
1041 2640 1092 2703 καλ
1110 2638 1330 2721 μετατεθέντος,
1362 2642 1434 2700 Νῶε

277 2743 310 2808 δέ
325 2743 573 2828 προςενέγκαντος
595 2743 628 2806 ἐκ
644 2748 703 2806 τοῖν
724 2749 775 2825 τῆς
794 2745 924 2824 κιβωτοῦ
940 2739 1180 2826 περισσευμάτων
1196 2737 1434 2825 εὐχαριστηρίους

277 2843 452 2931 προςφοράς
467 2849 577 2931 κυρίῳ,
608 2843 796 2929 εύγνιόμονος
816 2848 980 2920 διαθέσεως
1001 2840 1251 2918 ύποδεικνύοντος
1265 2841 1435 2925 τεκμήριον,

277 2944 492 3033 όμολογοῦντος
506 2945 560 3028 τήν
574 2943 660 3029 χάριν
674 2952 715 3035 τῷ
732 2945 881 3012 σεσωκότι.
923 2944 1056 3031 Ἀβραάμ
1073 2946 1106 3011 δέ
1120 2941 1139 3012 ό
1156 2949 1272 3021 δίκαιος
1289 2948 1438 3030 έερουργεῖ

275 3058 357 3138 θεῷ,
379 3051 430 3114 καί
449 3050 627 3131 Μελχισεδέκ
644 3046 662 3114 ό
676 3047 772 3134 ἱερεύς
786 3056 841 3114 τοῦ
855 3057 931 3115 θεοῦ
946 3056 1001 3115 τοῦ
1021 3047 1164 3130 ύψίστου,
1187 3050 1239 3114 καλ
1254 3046 1358 3113 Ἰσαάκ
1371 3053 1436 3135 θεῷ

279 3152 460 3237 ἐὐάρεστος
477 3148 655 3236 εὑρίσκεται,
678 3155 728 3217 καὶ
746 3150 851 3236 Ἰακώβ
868 3151 942 3219 κατά
961 3151 1089 3235 δύναμιν
1103 3150 1298 3236 προςήνεγκεν
1314 3152 1362 3216 ἐπλ
1380 3155 1436 3214 τοῦ

276 3261 366 3321 λίθου
384 3252 442 3320 ἀπό
459 3261 513 3320 τοῦ
528 3261 632 3335 φακοῦ
646 3256 762 3337 ἐπιχέας
776 3257 881 3321 ἐλαιον.
929 3258 969 3320 Οί
983 3254 1091 3320 τούτου
1108 3255 1140 3320 δέ
1157 3257 1249 3332 υἱεῖς,
1270 3254 1365 3329 Λευίς
1380 3252 1436 3334 μέν

277 3356 440 3444 εύρίσκεται
453 3361 584 3440 καθεξῆς
599 3357 763 3441 ἱερωσύνην
777 3356 1018 3443 ἀναδεδεγμένος·
1050 3360 1080 3435 ἐξ
1096 3357 1190 3423 αὐτοῦ
1204 3357 1236 3422 δέ
1257 3363 1311 3421 τοῦ
1328 3357 1435 3441 γένους

276 3464 309 3527 οί
321 3459 353 3527 τό
373 3459 519 3546 ίερατικδν
540 3458 636 3545 τάγμα
655 3458 895 3546 ἀναδεδεγμένοι,
926 3463 1004 3542 φημί
1019 3461 1060 3525 δέ
1075 3467 1215 3542 Μωῦσής
1237 3455 1255 3523 ό
1277 3456 1436 3542 προφήτης

275 3566 326 3629 καλ
348 3561 549 3648 ίεροφάντωρ,
576 3561 695 3647 Ἀαράν
724 3587 754 3628 τε
776 3565 828 3628 καλ
850 3567 881 3628 οί
902 3562 1011 3629 τούτου
1026 3566 1144 3640 παῖδες,
1173 3558 1306 3645 Ἐλεάζαρ
1329 3586 1359 3625 τε
1383 3561 1436 3625 καλ

279 3667 398 3745 Φινεές,
427 3666 479 3730 καλ
499 3661 624 3750 Ἰθάμαρ
646 3662 790 3731 ότούτου
806 3669 933 3752 έγγονος.
979 3668 1040 3730 Καλ
1058 3670 1086 3729 τί
1101 3690 1150 3747 μοι
1169 3661 1205 3728 τά
1226 3662 1328 3745 πλήθη
1342 3664 1437 3748 λέγειν

276 3776 335 3834 σοῖν
351 3765 606 3853 ίερουργησάντων
621 3774 685 3856 θεῷ
701 3771 733 3834 ἐν
749 3775 859 3856 παλαιᾷ
874 3767 1024 3859 διαθήκης
1066 3763 1255 3849 ὩςἈχιτιόβ
1272 3762 1436 3850 εύρίσκεται

276 3875 455 3957 ίερουργιῦν,
485 3873 518 3935 οί
536 3896 568 3935 τε
591 3877 732 3956 Κορῖται,
763 3873 815 3938 καλ
836 3876 869 3937 οί
892 3879 1083 3957 Γερσωνῐται,
1112 3871 1164 3935 καλ
1185 3876 1354 3952 Μεραρῑται
1382 3866 1438 3949 τήν

276 3973 439 4057 Λευιτικήν
453 3976 677 4057 πεπιστευμένοι
692 3973 789 4055 τάξιν,
811 3972 829 4040 ό
843 4000 874 4040 τε
887 3971 971 4050 οίκος
984 3971 1077 4052 Ἠλεί,
1106 3973 1157 4037 καλ
1177 3975 1208 4036 οί
1224 3966 1283 4054 μετ’
1298 3967 1392 4036 αὐτόν
1407 3973 1441 4036 ot

276 4075 337 4143 άπδ
361 4085 415 4161 τῆς
441 4082 608 4163 συγγενείας
635 4075 729 4143 αῦτοῦ
755 4080 788 4144 ἐν
813 4085 854 4167 τῷ
883 4081 957 4165 οίκῳ
991 4077 1157 4160 Ἀβιμέλεχ,
1195 4077 1244 4140 καὶ
1273 4072 1438 4159 Ἀβιάθαρ,

311 4286 371 4336 cn.
384 4288 413 4336 ΙΙ.
424 4312 457 4324 -
487 4289 508 4335 1.
527 4282 629 4351 θήλεως
645 4287 696 4336 τοῦ.
713 4289 759 4337 λιιι.
778 4287 842 4351 (τινα
909 4285 933 4336 2.
950 4289 1058 4336 Fortasse
1071 4280 1108 4336 ἐτι
1118 4284 1277 4346 reponendum
1289 4297 1334 4346 γνο
1348 4275 1396 4336 ὅτι

275 4357 375 4486 mm)
392 4360 413 4405 τι
429 4355 484 4406 edin
502 4355 563 4405 mm:
599 4351 692 4420 θήλεος
708 4357 759 4406 τοῦ.
778 4356 837 4406 ἐθικ-
871 4348 1087 4485 coaciam
1110 4355 1221 4402 οτιίιταια
1246 4355 1271 4401 in
1293 4354 1330 4402 ιδ.
1353 4352 1438 4403 Pactu.
