3096 5070
353 305 392 369 18
782 318 903 370 sanem
923 318 1092 369 ταινιιιυιι

350 432 570 515 αἰποβλίπουσι,
599 433 649 497 καλ
666 429 703 497 τό
719 425 781 498 ύτα
797 432 893 500 αὐτοῦ
909 437 951 510 είς
965 437 1065 516 δέησιν
1084 433 1197 499 αύτῦν·
1220 437 1288 511 καί,
1314 437 1388 518 Χελρ
1407 441 1515 519 κυρίου

351 537 471 618 ἐποίησε
492 541 583 599 ταῦτα
607 533 716 600 πάντα·
750 537 816 613 καλ,
854 534 928 618 Ου’χλ
949 533 969 618 ἦ
986 541 1045 619 χείρ
1068 562 1127 618 μου
1149 539 1268 617 ἐποίησε
1292 543 1382 603 ταῦτα
1406 535 1513 614 πάντα,

351 635 612 720 σκληροτρύχηλοις
635 640 702 714 καί,
724 634 758 701 Ὁ
776 634 903 720 ούρανός
921 664 970 719 μοι
983 637 1110 719 θρόνος,
1135 634 1154 720 ἦ
1172 638 1203 702 δὲ
1219 644 1256 723 γῆ
1271 634 1443 704 ύποπόδιον
1455 645 1515 704 τῶν

351 742 456 805 ποδοῖν
470 764 547 818 μου,
579 741 630 803 καλ
647 738 703 803 ὅσα
724 745 847 804 τοιαῦτα
868 741 937 820 περὶ
958 747 1034 804 θεοῦ
1054 742 1232 825 γέγραπται,
1261 741 1310 804 καί
1327 729 1405 818 ὅτι,
1421 736 1515 806 Είδον

224 863 333 922 mu.
377 837 386 865 ⁸
425 839 530 924 κύριον
545 838 684 923 Σαβαιύθ
708 841 881 925 καθήμενον
906 843 955 907 ἐπί
972 840 1091 924 θρόνου
1112 839 1233 924 ύψηλοῦ
1257 843 1308 906 καλ
1333 843 1513 931 ἐπηρμένου,

325 990 328 995 -
419 935 459 1026 ἦν
475 939 497 1025 ἦ
511 940 626 1025 κεφαλή
650 941 744 1009 αύτοῦ
761 940 829 1019 ύςεί
849 947 929 1028 ίριον
948 941 1068 1022 λευκόν,
1099 944 1149 1008 καί
1166 941 1199 1008 τό
1214 941 1402 1025 περιβόλαιον
1420 943 1514 1010 αύτοῦ

291 1088 340 1133 Νι
392 1046 419 1111 ελ
440 1043 521 1128 χιύν.
568 1047 629 1109 Καί
647 1041 738 1134 δρᾷς,
771 1048 861 1128 φησί,
891 1051 957 1120 πῶς
977 1048 1037 1110 ἐστι
1057 1042 1089 1110 τό
1115 1052 1200 1126 σῶμα
1219 1043 1282 1110 κατ’
1296 1044 1398 1111 εἰκόνα
1419 1052 1513 1124 θεοῦς

287 1134 290 1140 ¹
349 1151 402 1213 καί
418 1149 472 1213 εέσι
490 1145 547 1211 κόν
562 1144 657 1234 τούτῳ
675 1146 897 1222 ῦντιπίπτονιες
912 1149 963 1211 καί
977 1146 1146 1228 βιαζόμενοι
1160 1143 1234 1230 ύπέρ
1252 1146 1379 1229 δύναμιν
1394 1146 1514 1232 όνθροο-

349 1252 453 1327 κείαν,
481 1245 562 1315 ικύίν
577 1256 635 1336 τῷ,
657 1246 769 1330 Ὠφθη
787 1246 892 1331 κύριος
908 1257 970 1324 τοῖς
988 1246 1166 1331 προφήταις.
1212 1251 1270 1313 Καί
1287 1246 1382 1331 ύφθη
1398 1252 1453 1331 μέν
1469 1275 1514 1314 τοι

351 1346 392 1427 οἷς
409 1350 554 1434 ἠθέλησε,
584 1348 712 1426 δυνατός
737 1349 778 1415 σίν
794 1353 826 1416 ἐν
844 1349 952 1428 ῦπασῖ,
986 1352 1037 1414 καλ
1055 1350 1113 1416 οῦκ
1131 1347 1306 1434 ἀρνούμεθα
1328 1349 1374 1417 ὅτι
1390 1347 1470 1416 είδον
1486 1355 1517 1416 σί

350 1458 503 1536 προφῆται
528 1452 622 1530 θεόν,
654 1450 691 1517 ού
714 1451 807 1534 μόνον
829 1453 860 1516 δέ
882 1457 914 1518 σί
930 1461 1100 1535 προφῆται,
1131 1451 1203 1518 αἰλλύ
1225 1455 1274 1519 καλ
1297 1456 1329 1519 σί
1346 1450 1512 1518 ύπόστολοι.

352 1555 433 1636 Φησί
447 1551 503 1640 μδρ
518 1551 537 1620 ό
553 1553 637 1639 δι’γιος
653 1556 810 1634 Στέφανος
827 1550 844 1619 ύ
860 1553 1089 1640 προιτόμαρτυς,
1110 1551 1204 1633 Ἰδού,
1235 1551 1298 1640 όριῦ
1316 1552 1367 1620 τόν
1383 1551 1513 1636 ούρανδν

349 1652 552 1743 οίνειμγμένον,
581 1659 631 1722 καλ
650 1656 702 1723 τόν
718 1655 785 1722 υἱόν
803 1663 857 1721 τοῦ
874 1654 1045 1741 ύνθροόπου
1068 1659 1101 1721 ἐκ
1118 1661 1222 1734 δεξιῶν
1240 1659 1350 1722 έστοίτα
1367 1662 1421 1720 τοῦ
1438 1661 1513 1720 θεοῦ

348 1757 399 1823 καί
424 1756 544 1842 πατρός.
584 1757 672 1823 Ἀλλιί
694 1765 730 1848 τη
756 1761 817 1845 λδίμ
841 1757 965 1840 δυνάμει
988 1756 1062 1834 θεός
1084 1755 1103 1824 ό
1125 1757 1310 1844 λπανόγιος,
1342 1764 1513 1840 φιλανθρω·

348 1858 513 1941 πενόμενος
533 1858 566 1925 τό
585 1864 662 1926 ίδιον
678 1858 811 1942 πλύομα,
847 1864 920 1926 ’ἵνα
943 1859 984 1943 μή
1001 1886 1077 1937 τινες
1092 1868 1151 1926 ταῦν
1166 1859 1302 1927 ύπίστοιν
1322 1863 1463 1941 νομίσωσι
1476 1855 1512 1922 τύ

348 1963 416 2046 περί
431 1968 507 2026 θεοῦ
522 1962 615 2046 λέγειν
636 1959 709 2028 εἶναι
728 1959 827 2038 ύπλοῦς
847 1961 942 2050 λόγῳ,
973 1965 1024 2028 καί
1041 1961 1097 2028 οῦκ
1114 1960 1258 2052 α’ληθείρι,
1281 1964 1332 2028 καί
1349 1963 1404 2038 ἴοις
1420 1960 1511 2047 λόγου

347 2065 492 2129 ἵστασθαι
510 2061 542 2129 τό
558 2061 634 2130 καταί
652 2062 743 2143 θεόν,
772 2067 821 2130 καί
846 2063 887 2146 μὴ
903 2072 1037 2148 πληροῦν
1055 2062 1087 2130 τό
1105 2061 1186 2146 παρύ
1202 2074 1242 2154 τῷ
1263 2063 1417 2153 όποστόλρι
1436 2066 1511 2146 είρη-

347 2165 453 2246 μένον,
476 2163 523 2231 ότι
537 2169 584 2230 δεῖ
595 2165 648 2232 τόν
662 2165 895 2249 προςερχόμενον
911 2172 975 2255 θεῷ
991 2165 1138 2230 πιστεύειν
1156 2165 1202 2232 ότι
1218 2168 1344 2232 ἐστικαὶ
1362 2174 1424 2240 τοῖς
1442 2163 1512 2248 τίμα·

347 2273 445 2331 πεῦσιν
462 2263 555 2332 αύτόν
578 2267 805 2349 μισθαποδότης
825 2273 941 2354 γίνεται.
975 2266 1043 2332 Ἵνα
1067 2259 1123 2332 ούν
1145 2265 1365 2354 παραθαρσύνη
1388 2264 1440 2331 τόν
1461 2262 1512 2329 ύπ’

347 2368 443 2434 αὐτοῦ
463 2372 666 2451 πεπλασμένον
689 2368 871 2451 όίνθροιπον,
901 2378 963 2445 τοῖς
988 2365 1085 2454 α’μίοις
1109 2365 1201 2433 αύτοῦ
1223 2370 1274 2433 καί
1291 2365 1384 2443 ύξίοις
1404 2365 1510 2432 έαυτόν

347 2466 547 2537 ιίποκαλύπτει
569 2470 658 2550 θεός,
688 2476 736 2536 ἵνα
753 2475 838 2535 ίδασι
856 2470 943 2549 φύσει
963 2468 1052 2546 θεόν,
1084 2472 1135 2534 καί
1152 2474 1359 2550 θεμελιαθῦσι
1375 2465 1430 2548 τήν
1447 2466 1510 2532 διό-

345 2597 444 2652 νσιαν,
466 2576 517 2639 καί
535 2576 692 2639 ἐλπίσωσιν
709 2575 741 2639 ἐν
755 2569 897 2659 ύληθείρ,
928 2572 980 2636 καί
997 2569 1166 2654 κηρύξωσιν
1183 2570 1275 2635 αύτύν
1293 2570 1430 2653 ύληθῶς,
1459 2571 1510 2635 καί

344 2674 578 2757 πισιοποιησοισι
593 2672 646 2740 τόν
661 2673 766 2740 πιστόν
781 2673 956 2759 ἄνθρωπον·
989 2670 1029 2748 τίς
1048 2672 1148 2752 ύμέλει
1165 2675 1216 2737 καί
1237 2675 1268 2737 οί
1281 2669 1425 2754 Ἑλλήνων
1442 2680 1511 2737 παῖ·

346 2778 396 2851 δες
412 2778 510 2859 έχουσι
536 2779 604 2860 περί
621 2783 698 2841 θεοῦ
723 2778 779 2851 ἕως
791 2774 882 2860 λόγου
902 2799 931 2839 τε
948 2776 999 2839 καί
1015 2781 1187 2853 φαντασίας.
1231 2770 1330 2856 Ἡμεῖς
1343 2775 1375 2838 δέ
1389 2771 1511 2854 αίληθιῦς

344 2876 423 2940 θεόν
453 2876 640 2959 ἐπιστάμεθα
666 2877 786 2958 αἰληθῆ,
827 2879 878 2942 καί
904 2875 976 2942 ύντα
1005 2873 1127 2957 α’ληθοῦς
1153 2875 1353 2943 ἐνυπύστατον
1381 2878 1512 2959 βασιλέα,

345 2975 572 3058 ἇκατόληπιον,
603 2975 730 3060 ποιητὴν
746 2986 804 3043 τῶν
822 2978 919 3058 ὅλοιν,
948 2980 1000 3043 ἕνα
1015 2976 1106 3056 θεόν,
1134 2981 1185 3043 καί
1201 2980 1230 3056 έξ
1247 2975 1340 3044 αύτοῦ
1353 2976 1406 3044 τόν
1424 3004 1511 3061 μονο-

346 3085 416 3163 γενῆ
438 3077 530 3159 θεόν,
560 3082 591 3146 ἐν
609 3080 710 3145 οῦδενί
732 3080 938 3147 διαλλάττοντα
962 3087 1016 3145 τοῦ
1038 3078 1166 3166 πατρός,
1198 3082 1249 3145 καί
1265 3078 1298 3147 τό
1314 3078 1402 3166 όίγιον
1417 3077 1510 3144 αύτοῦ

345 3189 477 3264 πνεῦμα,
508 3183 601 3263 μηδὲν
624 3180 685 3248 ύπό
704 3183 816 3266 πατρός
834 3187 886 3247 καί
909 3185 979 3247 υίοῦ
1003 3182 1216 3248 4διαλλοίττον·
1248 3179 1289 3258 σός
1312 3184 1363 3246 καί
1380 3184 1412 3248 ἐν
1427 3179 1510 3268 πόση

346 3285 454 3368 αἱρέσει
483 3285 551 3370 περί
572 3290 626 3368 τῆς
647 3283 723 3349 κακοί
745 3284 819 3351 θεόν
848 3290 974 3360 πίστεως
1007 3283 1056 3349 διό
1089 3292 1200 3350 πολλοῦ
1229 3282 1436 3366 ἐποιησάμεθα
1457 3279 1510 3345 τόν

344 3384 442 3472 λόγον.
1202 3439 1205 3443 ,

215 3517 283 3587 ρῳ,
297 3517 329 3582 ρ,
432 3489 494 3552 Καί
515 3485 561 3553 ότι
582 3489 635 3569 μέν
654 3487 747 3570 ι’ίφθη
766 3485 839 3563 θεός
855 3484 1032 3570 ύνθρύπσις
1053 3486 1193 3561 πολλάκις
1216 3488 1353 3566 εἴπομεν,
1384 3484 1510 3562 καλοῦν

343 3587 526 3674 ἀρνούμεθα.
568 3586 638 3654 'adv
656 3588 712 3676 γῦρ
738 3587 940 3672 αἰρνησύμεθα
956 3587 1008 3664 τδς
1033 3593 1119 3662 θείας
1141 3584 1276 3670 γραφείς,
1307 3581 1430 3666 ύληθείς
1452 3582 1509 3651 οῦκ

346 3691 450 3771 ἐσμεν,
481 3693 531 3756 καί
556 3688 755 3774 εύρισκόμεθα
782 3695 972 3764 ἐκπίπτοντες
999 3695 1052 3770 τῆς
1071 3686 1228 3770 αίληθείας,
1257 3685 1278 3770 ἢ
1301 3685 1354 3769 τὴν
1379 3685 1509 3754 παλαιόν

346 3791 497 3873 διαθήκην
517 3793 707 3875 ἐκβάλλοντες
728 3790 827 3859 ούκέτι
852 3791 938 3872 ἐσμέν
956 3796 1008 3871 τῆς
1025 3796 1191 3872 καθολικῆς
1208 3791 1369 3872 ἐκκλησίας.
1418 3787 1459 3855 Τό
1477 3788 1509 3853 δί

218 3921 327 3980 μμια
344 3890 512 3976 εύαγγέλιον
537 3897 612 3978 ἐφη,
645 3893 721 3960 Θεῦν
747 3894 847 3968 οὐδεὶς
876 3890 997 3956 πύποτε
1024 3891 1168 3977 ἐύρακεν,
1199 3888 1217 3958 ό
1240 3890 1404 3976 μονογενής
1435 3886 1509 3961 θεός

345 3992 435 4071 αύτός
455 3995 625 4080 ἐξηγήσατο.
671 3998 732 4061 Καί
748 3994 837 4060 πόλιν
853 3991 874 4077 ἦ
889 3991 966 4077 αῦτη
985 3999 1055 4060 θεία
1072 3991 1173 4081 γραφη
1189 3992 1250 4068 ὅτι,
1273 3992 1385 4073 Ὦφθη
1400 3989 1419 4056 ό
1434 3985 1510 4064 θεός

344 4102 385 4184 τῷ
404 4093 538 4182 Ἅβραδμ
561 4098 625 4165 ὄντι
640 4102 671 4164 ἐν
690 4104 727 4187 τῇ
746 4102 972 4185 Μεσοποταμίᾳ.
1018 4100 1079 4161 Καί
1095 4095 1187 4171 αύιδς
1205 4092 1224 4161 ό
1239 4094 1343 4179 κύριος
1358 4093 1390 4156 έν
1405 4096 1445 4178 τῷ
1461 4087 1507 4155 εῦ·

344 4205 467 4286 αγγελίςο
492 4197 554 4279 ὅτι,
589 4203 629 4265 Οί
644 4198 759 4285 ύγγελόι
775 4199 887 4266 τούτων
903 4195 994 4284 όρεῦσι
1016 4196 1050 4263 τό
1066 4198 1228 4281 πρόςωπον
1249 4202 1303 4261 τοῦ
1323 4190 1435 4276 πατρός
1450 4218 1509 4274 μου

380 4335 543 4385 cn.v1.-
564 4324 912 4404 λιιῦντιῦιοτίμιίρτοκαλ
979 4333 1003 4385 3.
1032 4333 1073 4386 ἵνα
1098 4336 1183 4385 excidit
1205 4337 1235 4384 ab
1259 4334 1296 4385 ιδ.
1319 4333 1400 4383 Ριλσυ.
1430 4333 1508 4383 θοίνα.

345 4399 391 4468 τδ,
409 4406 472 4466 quod
491 4404 562 4464 υυλρο
578 4409 650 4452 extat.
943 4408 1015 4465 repet.

345 4478 403 4588 ,ὦ
419 4466 551 4588 ιηανιὶμας
579 4473 648 4522 τοῦδ.
674 4486 729 4522 mn.
765 4469 911 4539 πανάγαθος
978 4475 1004 4522 4.
1022 4464 1177 4524 διαλλάττον
1194 4470 1231 4521 αλ.
1251 4470 1331 4519 Ριλαυ.

394 4554 403 4587 ι
429 4553 481 4589 ιη.
