3096 5070
424 326 1103 383 annanatre.rn.nom.n.nsaa.uxx1x.
1280 312 1343 375 tta

188 451 382 530 tanarrarit,
407 430 632 531 tagrefflest,
658 450 768 532 inquit,
799 453 838 510 ad
848 451 1063 528 prophetissam.
1111 445 1227 529 Quibus
1241 444 1342 509 verbis
1354 454 1472 513 natea

189 552 338 621 Gabrielis
367 542 533 617 introitum
549 553 585 615 ad
613 551 758 635 virginem
791 551 939 628 declarat,
974 550 1058 612 euius
1081 549 1110 612 in
1135 548 1290 632 evangelio
1313 546 1375 634 dt,

188 657 317 735 menti03
350 657 398 740 qui
422 656 637 740 quidemodeo
655 659 831 727 misserat,
864 662 896 714 ut
913 652 991 714 unici
1009 652 1055 714 dei
1072 652 1121 715 liiii
1138 652 1295 714 adventum
1312 648 1343 711 in
1376 653 1468 701 baa-k

187 760 416 825 buncmundum
438 771 468 820 et
491 767 653 820 ortamex
677 753 775 818 Maria
801 754 960 817 nuntiaret.
1005 758 1202 834 Eteomeepr't,
1236 750 1476 834 inquinas-tat

188 875 219 926 et
228 866 341 943 peperit
352 864 467 941 filium:
490 871 520 920 et
535 863 751 921 drm'tdomr‘mus
766 862 875 931 adme,
902 862 976 918 Vara
993 879 1091 919 nomem
1109 861 1184 929 eius,
1209 859 1265 917 rita
1280 875 1345 935 spo-

189 969 229 1028 lia
246 966 378 1036 detrabe,
413 966 544 1024 celeriter
564 966 722 1042 praedare:
756 973 904 1041 antequam
927 965 1005 1021 aora't
1019 982 1094 1040 puer
1120 980 1221 1020 uocare
1234 968 1345 1038 patrem

188 1079 219 1130 et
234 1077 367 1137 matrem,
400 1066 550 1145 occupabit
566 1068 640 1125 ua'res
661 1069 808 1137 Damasei,
840 1066 974 1143 etrpalta
990 1066 1138 1124 Samariae
1154 1070 1212 1123 etc.
1260 1056 1346 1141 Quae

190 1167 288 1232 omnia
305 1167 431 1229 noudum
449 1167 567 1251 impleta
586 1167 719 1243 fererant,
744 1178 831 1249 atque
850 1166 878 1227 in
897 1165 956 1227 titio
972 1165 1017 1228 dei
1037 1175 1102 1249 post
1117 1183 1212 1227 annos
1228 1161 1348 1224 circiter

189 1269 268 1332 mille
291 1288 326 1331 ac
347 1281 507 1331 sexcentos
533 1268 631 1354 perlici
656 1267 811 1331 debebant.
858 1265 959 1350 Quare
984 1288 1058 1351 quae
1077 1277 1142 1351 post
1164 1277 1207 1328 tot
1222 1282 1348 1348 genera·

190 1372 286 1436 tiones
312 1380 453 1434 euentura
474 1371 541 1434 olim
569 1381 670 1447 erant,
702 1371 821 1453 perinde
845 1392 878 1432 ae
901 1369 927 1433 si
947 1371 1022 1432 laeta
1043 1370 1100 1431 iam
1124 1379 1243 1447 essent,
1281 1387 1348 1452 prc-

190 1473 276 1561 pheta
300 1474 449 1537 cernebat.
504 1473 583 1539 Num
606 1473 698 1557 igitur
720 1471 901 1536 mendacium
926 1472 995 1535 illud
1025 1473 1108 1534 erat'l
1150 1468 1346 1554 Nequaquam

189 1597 292 1642 reram
311 1577 387 1660 quod
410 1576 528 1640 divinae
546 1575 748 1662 providentiae
770 1575 895 1637 consilio
917 1574 1077 1657 gerendum
1095 1586 1125 1637 et
1141 1575 1348 1638 administran-

191 1681 257 1743 dum
276 1689 358 1757 erat,
389 1680 475 1762 quasi
495 1679 655 1765 perlectum
675 1678 730 1740 iam
748 1687 845 1754 esset,
879 1677 1044 1740 certissime
1070 1676 1275 1755 nuntiabatur,
1311 1695 1348 1738 ne

191 1802 250 1844 non
267 1780 385 1844 ueritati
404 1781 475 1844 fides
499 1780 675 1859 baberetur,
695 1786 783 1841 'neve
808 1781 843 1841 ad
863 1790 921 1842 tam
939 1781 1111 1865 stupendum
1132 1792 1161 1843 et
1176 1780 1347 1844 inusitatum

192 1882 383 1968 mysterium,
413 1883 489 1967 quod
505 1882 659 1966 aliquando
680 1883 808 1945 loturum
831 1892 912 1959 erat,
946 1883 1103 1966 prophetae
1120 1882 1235 1946 animus
1252 1881 1348 1945 baesi-

191 1995 279 2048 taret.
325 1982 435 2048 Nonne
461 1985 629 2049 vaticinium
656 1984 725 2047 illud
740 1984 961 2048 ‘animadvertis
986 1986 1061 2068 qnod
1089 1985 1227 2070 deinceps
1250 1984 1349 2048 subte-

190 2092 257 2155 xuit
272 2089 396 2167 Esaias,
429 2107 495 2151 eum
515 2087 553 2149 ita
574 2087 718 2170 loquitur,
754 2090 896 2168 Tanquam
923 2092 982 2147 oum
1002 2091 1041 2148 ad
1058 2092 1223 2150 occasionem
1245 2092 1347 2150 duetus
1360 2094 1493 2153 anund·

190 2205 249 2267 att,
283 2205 312 2254 et
330 2204 365 2253 ut
378 2212 474 2270 agnus
497 2210 593 2250 eoram
615 2194 744 2251 tondente
764 2191 919 2263 obmutuit,
954 2194 997 2250 sle
1012 2212 1068 2251 non
1091 2195 1184 2271 aperit
1199 2212 1231 2250 oe
1246 2212 1346 2251 suum:

186 2299 397 2376 generationem
414 2297 476 2354 aras
495 2313 586 2373 porro
608 2296 672 2373 quis
688 2294 855 2353 enarrabit?
881 2297 1012 2373 quomrum
1037 2295 1148 2355 tollitur
1165 2304 1275 2354 eterra
1291 2297 1348 2354 uita

189 2402 294 2479 r’prm‘us,
320 2409 350 2458 et
365 2398 437 2458 dabo
455 2399 581 2456 tomam
595 2415 713 2475 aequam
727 2416 783 2474 pro
803 2397 950 2475 sepultura
968 2399 1050 2455 eius?
1092 2392 1185 2458 Vides
1204 2405 1236 2457 ut
1251 2395 1349 2480 priora

189 2499 356 2586 posteriore
372 2498 438 2561 loco
455 2507 574 2574 narret,
608 2506 638 2558 ct
654 2495 817 2580 posteriora
841 2508 977 2580 tanquam
1003 2497 1060 2560 iam
1087 2498 1238 2560 laetasint
1259 2517 1348 2581 expo-

191 2613 253 2665 nat.
303 2605 445 2681 Tanquam
471 2604 547 2672 aurs,
581 2597 693 2682 inquit,
726 2602 765 2659 ad
779 2604 944 2660 oembrbnem
960 2603 1062 2660 ductus
1085 2611 1143 2675 est,-
1176 2602 1252 2683 qnod
1270 2599 1350 2664 velut

191 2703 381 2787 praeteritum
397 2701 590 2784 significatur.
636 2699 707 2764 Non
724 2703 802 2765 enim
819 2703 906 2780 dixit,
930 2707 1067 2763 baccetur.
1115 2703 1205 2785 atqui
1222 2702 1348 2765 nondum

193 2804 297 2867 ductus
322 2805 370 2866 ille
398 2805 494 2866 fuerat
515 2805 550 2865 de
577 2825 635 2887 quo
654 2803 870 2867 vaticinabatur
895 2803 1020 2883 Esaias,
1055 2815 1086 2867 et
1103 2815 1199 2868 tamen
1220 2825 1270 2867 res
1286 2803 1350 2888 ipsa

193 2915 330 2988 unquam
357 2907 486 2990 perlecta
511 2927 527 2966 a
552 2905 692 2989 propheta
718 2908 900 2991 proponitur.
955 2905 1035 2968 Nam
1064 2908 1272 2993 mysteriorum
1298 2906 1350 2968 illa

193 3008 354 3092 prophetae
371 3008 465 3070 oblata
491 3007 631 3071 divinitus
657 3009 802 3071 institutio
821 3010 983 3093 praeterire
1008 3020 1056 3072 aut
1074 3010 1182 3073 inlecta
1206 3029 1351 3073 essenon
1387 2992 1400 3017 ⁴

193 3119 319 3195 poterat.
365 3111 407 3173 Aa
430 3110 568 3195 deinceps
591 3132 766 3196 progressus
787 3123 885 3174 cetera
912 3133 969 3175 non
997 3113 1053 3174 iarn
1083 3112 1163 3176 velut
1186 3115 1263 3176 lacta
1284 3133 1352 3198 pro·

186 3212 328 3289 ,nnrrtiatq
351 3231 389 3275 ne
412 3213 522 3276 fraudis
536 3223 622 3297 atque
638 3215 750 3277 erroris
767 3215 960 3298 praeberetur
972 3216 1101 3277 occasio.
1147 3215 1260 3298 ltaque,
1288 3218 1352 3276 Tol·

196 3319 284 3388 titur,
317 3314 426 3396 inquit,
446 3317 475 3376 'e
493 3326 571 3376 terro
588 3321 645 3377 uita
664 3322 763 3397 spretus.
811 3314 952 3380 Ceterum
979 3317 1091 3386 duobus
1117 3319 1173 3380 illis
1196 3338 1353 3400 argumen-

195 3421 233 3479 tis
254 3417 366 3479 oraeuli
384 3414 540 3479 veritatem
558 3418 751 3482 demonstrat.
797 3417 875 3482 Nam
894 3420 966 3483 haec
984 3441 1061 3499 vox,
1086 3424 1187 3482 docatus
1203 3433 1264 3494 est,
1290 3440 1351 3483 rem

194 3519 252 3581 ianr
272 3530 330 3581 tum
350 3519 509 3603 perlectam
534 3519 624 3582 luisse
646 3521 802 3604 significat.
849 3520 922 3584 Illud
943 3544 1034 3600 vero,
1067 3526 1194 3596 tollitur,
1226 3532 1354 3606 postmo·
1391 3566 1394 3579 .

195 3623 262 3683 dum
288 3632 334 3683 est
351 3620 521 3704 impletum3
552 3630 584 3683 ut
599 3642 639 3683 ex
660 3641 696 3683 eo
716 3623 792 3704 quod
813 3624 921 3685 lactum
944 3625 1050 3686 dicitur
1071 3625 1188 3687 divinae
1212 3625 1353 3709 pollicita-

196 3724 285 3787 tionis
307 3723 462 3785 veritatem
488 3743 523 3784 ae
547 3722 735 3785 stabilitatem
754 3724 913 3807 intelligas.
959 3724 1008 3788 Ex
1026 3747 1063 3788 eo
1084 3747 1158 3789 vero
1181 3727 1255 3810 quod
1277 3728 1353 3790 iutu-

194 3848 259 3890 rum
287 3825 475 3888 denuntiatur
497 3826 533 3887 de
559 3824 786 3910 mysteriorum,
821 3848 894 3909 qnae
916 3837 974 3890 turn
1000 3828 1146 3912 explicata
1163 3840 1249 3908 sunt,
1281 3840 1353 3892 tem·

194 3951 265 4017 pore
289 3929 487 3990 coniecturam
512 3931 611 3990 iacere
633 3927 740 4011 possis.

282 4030 333 4095 Sic
354 4033 389 4092 de
409 4028 505 4093 Maria
523 4030 669 4114 praedixit
694 4030 833 4114 angelus,
869 4052 962 4115 eaque
981 4032 1159 4116 significarit
1177 4056 1252 4118 quae
1275 4035 1352 4098 illius
1370 4052 1431 4121 esp.
1450 4051 1505 4105 vtt.

194 4147 279 4219 pater
303 4137 419 4198 domum
452 4153 592 4195 reversus
616 4153 632 4193 a
656 4133 711 4194 deo
734 4133 948 4197 consecuturus
979 4145 1077 4214 essct,
1111 4157 1186 4219 quae
1216 4137 1350 4200 nimirum
1426 4161 1431 4171 ·

196 4247 320 4321 uterque
344 4256 452 4321 parans
476 4235 597 4297 summis
622 4256 639 4298 a
662 4236 717 4298 deo
740 4238 875 4320 precibus
900 4238 1073 4322 postularet.
1120 4243 1209 4313 Erae,
1243 4241 1347 4323 inquit,

196 4361 271 4403 umor
295 4352 344 4401 tua
361 4344 489 4419 coacepit
505 4343 534 4399 ia
550 4350 647 4414 atero,-
678 4352 709 4402 ut
725 4339 770 4402 tis
790 4339 889 4404 verbis
917 4340 1012 4403 lidelis
1036 4341 1160 4404 bominis
1178 4353 1303 4405 mentem
1320 4344 1348 4406 iu

193 4510 261 4629 'amp
276 4512 301 4559 to
316 4511 384 4560 aaa.
399 4525 454 4562 mm.
470 4513 520 4562 etue
534 4513 624 4562 nattum
638 4516 703 4562 aetat
716 4525 755 4562 ue·
823 4510 848 4565 3.
866 4514 971 4564 rmum
986 4514 1133 4566 scribendum
1150 4505 1299 4585 ἀπεικάοῃς.

222 4593 239 4643 a
249 4592 295 4632 um.
