3096 5070
194 270 255 335 102
610 276 732 331 τιαοτι
749 278 917 330 ιεινιιινιι

192 396 288 486 ῦγιον,
309 401 361 464 καί
382 397 462 464 ὀὑκ
478 399 539 463 έστι
556 394 590 463 τά
607 402 722 477 πνεῦμα
736 394 770 461 τά
787 395 883 482 άγιον,
901 393 972 461 οὑδὲ
987 393 1005 461 ὑ
1019 394 1129 483 πατήρ,
1151 393 1221 462 οὑδί
1236 393 1350 477 άυίάς,

191 500 264 568 άλλά
286 508 402 583 πνεῦμα
424 499 510 586 άγιον
533 501 566 565 έκ
594 498 707 583 πατράς
731 495 768 563 δι’
790 501 859 563 υίοῦ
888 506 1004 574 πιστοῖς
1024 497 1196 580 διδόμενον,
1226 494 1352 577 είκάτεες

192 601 360 686 ὑφεστῶτος
384 604 434 667 καί
458 598 660 686 ὑπάρχοντος,
691 603 766 665 ’καί
793 600 885 665 αὑτοῦ
911 608 964 666 τοῦ
987 598 1154 683 πνεῦματος
1174 609 1230 667 τοῦ
1250 598 1351 687 άγίου.

197 704 256 782 Τάς
272 703 439 787 ίδιάτητας,
470 701 511 778 ῶς
527 703 761 788 προειρήκαμεν,
792 702 960 790 προςῶπων
976 700 1154 784 ὑφεστῶτων
1171 700 1354 781 ὑποστάσεις

192 806 390 888 ὀνομάζουσιν
402 810 434 871 οί
447 804 634 885 άνατολικοί,
665 805 732 889 οὑχί
749 804 803 882 τάς
817 815 896 889 τρεῖς
912 802 1088 882 ὑποστάσεις
1105 815 1182 893 τρεῖς
1198 803 1306 891 άρχάς,
1327 804 1355 891 ἢ

192 918 269 996 τρεῖς
284 906 378 984 θεοὺς
394 910 541 993 λέγοντες·
574 907 820 992 άναθεματίζσυσι
842 906 916 993 γάρ,
948 911 1038 984 εἴτις
1053 910 1127 995 λέγει
1147 916 1225 992 τρεῖς
1245 906 1354 985 θεοὺς.

191 1006 265 1076 Ἀλλ’
275 1010 347 1076 οῦδί
363 1012 476 1095 πατέρα
488 1012 538 1076 καί
552 1007 620 1075 υίὺν
634 1010 691 1076 δὺο
707 1009 800 1086 θεοὺς
813 1012 955 1095 λέγουσιν.
999 1008 1194 1097 Ὁμολογοῦσι
1205 1010 1262 1096 γάρ
1278 1014 1356 1093 μίαν

194 1111 268 1179 είναι
288 1110 434 1195 θεάτητα,
466 1113 693 1195 έμπεριέγουσαυ
708 1110 746 1179 δι’
768 1115 838 1177 υίοῦ
855 1115 886 1177 έν
909 1111 1053 1194 πνεύματι
1073 1110 1147 1202 άγίρι
1174 1110 1212 1177 τά
1241 1110 1356 1194 πάντα,

195 1213 372 1301 ὁμολογοῦσι
384 1218 454 1298 μίαν
467 1212 608 1296 θεάτητσ,
630 1215 679 1278 καί
696 1218 766 1296 μίαν
780 1218 937 1298 βασιλείαν,
959 1215 1009 1279 καί
1024 1218 1094 1295 μίαν
1107 1212 1209 1299 άρχήν.
1243 1213 1359 1299 Ὅμως

192 1315 230 1382 τά
252 1316 400 1401 πρδςωπα
424 1320 455 1382 έν
479 1326 544 1392 ταῖς
570 1314 696 1398 ἰδιότησι
717 1323 776 1382 τῶν
797 1314 990 1382 ὑποστάσεσι
1013 1316 1143 1399 εὐσεβῶς
1165 1320 1357 1402 γνωρίζουσι,

193 1417 246 1485 τάν
263 1421 375 1503 πατέρα
390 1420 423 1484 έν
438 1425 475 1508 τῇ
489 1425 619 1508 πατρικῇ
636 1415 779 1507 αὑθεντίμ
796 1416 952 1500 ὑφεστῶτα
967 1426 1118 1497 νοοῦντες,
1149 1420 1200 1484 καί
1214 1416 1267 1485 τάν
1282 1417 1357 1487 νίὺν

195 1521 233 1587 οὑ
256 1523 345 1608 μέρος
363 1518 435 1587 ὄντα
456 1528 511 1586 τοῦ
526 1519 654 1605 πατρὺς,
686 1517 757 1585 άλλά
783 1528 927 1604 καθαρῶς
949 1523 982 1586 έκ
995 1518 1107 1604 πατρὺς
1128 1522 1238 1587 τέλειον
1255 1522 1290 1587 ίιι
1307 1544 1356 1587 τε-

193 1628 274 1690 λείου
294 1623 506 1709 γεγεννημένον
529 1625 581 1687 καὶ
603 1619 758 1702 ὑφεστῶτα
781 1619 1005 1709 ὁμολογοῦντες,
1042 1624 1092 1687 καί
1114 1621 1150 1689 τά
1175 1631 1291 1706 πνεῦμα
1315 1620 1355 1690 τά

194 1724 297 1810 άγιον,
326 1722 386 1808 δὴ
411 1729 482 1791 θεία
504 1723 606 1810 γραφή
632 1727 828 1810 Παροίκλητον
851 1723 1003 1806 ὀνομάζει,
1034 1726 1067 1790 έκ
1091 1721 1204 1809 πατρὸς
1223 1721 1261 1790 δι’
1279 1728 1357 1791 υίοῦ

194 1824 350 1908 ὑφεστῶτα
363 1832 560 1912 γνωρίζοντες.
591 1823 645 1902 Ὡς
659 1824 677 1891 ά
690 1824 878 1911 παράκλητος
895 1825 928 1892 τά
946 1835 1060 1909 πνεῦμα
1074 1834 1126 1908 τῆς
1144 1826 1285 1910 ἀληθείας
1302 1831 1353 1894 δι·

195 1928 299 1995 δάσκει
314 1927 394 2012 ἡμᾶς
408 1927 463 2011 την
479 1927 639 2011 ἀλήθειαν,
669 1928 734 2011 ἥτις
751 1931 830 1995 ἐστίν
852 1926 960 2004 άυίάς.
1007 1928 1116 2005 Οὑδελς
1132 1927 1188 2016 γάρ
1206 1930 1280 2015 λέγει
1296 1927 1355 1995 κά·

196 2057 261 2117 ριος
274 2029 403 2114 Ἰησοῦς,
435 2034 463 2095 εί
483 2030 524 2113 μή
543 2033 574 2096 έν
595 2030 741 2113 πνεῦματι
767 2029 851 2117 ὑγίςο.
898 2030 986 2098 Οῦτω
1003 2034 1056 2098 καί
1077 2030 1192 2109 άυίάς,
1221 2031 1257 2108 ὅς
1273 2032 1359 2099 ἔστιν

196 2131 332 2217 άλήθεια,
353 2130 407 2198 τάν
421 2130 568 2216 άληθινὺν
583 2131 668 2210 θεάν,
684 2131 737 2200 τάν
753 2136 860 2200 έαυτοῦ
876 2136 988 2220 πατέρα
1003 2132 1083 2217 ἡμᾶς
1099 2131 1228 2218 ιὺσεβῶς
1244 2135 1359 2203 εἰδέναι

197 2233 326 2314 διδάξει,
354 2234 459 2311 καθῶς
472 2237 563 2322 λέγει,
592 2233 626 2299 ‘0
643 2234 782 2321 έωρακῶς
799 2236 849 2319 ίμέ
864 2235 976 2319 έῶρακε
995 2236 1046 2302 τάν
1063 2239 1184 2321 πατέρα.
1230 2234 1356 2303 Οὑιιοῦν

196 2341 229 2405 έν
250 2340 394 2422 πνεῦματι
417 2335 491 2426 άγίιμ
513 2335 580 2402 υίὺν
603 2334 693 2415 άξίως
718 2345 861 2421 νοοῦμεν,
891 2342 922 2404 έν
940 2341 997 2426 υίῷ
1016 2340 1048 2404 δὲ
1067 2345 1221 2424 μονογενεῖ
1240 2338 1353 2425 πατέρα

195 2439 325 2525 εὑσιβῶς
337 2442 388 2507 καί
404 2439 494 2519 άξίως
511 2438 684 2521 δοξάζομεν,
715 2443 766 2505 καί
784 2440 858 2523 αῦτη
877 2442 956 2506 ίστίν
971 2438 991 2523 ἡ
1005 2442 1132 2526 σφραγίς
1146 2447 1199 2523 τῆς
1216 2444 1358 2521 πίστεως,

198 2545 231 2609 έν
251 2535 274 2634 ᾗ
291 2547 431 2629 σφραγίδι
457 2546 658 2626 βαπτισθῆναι
681 2543 856 2627 προςέταξεν
879 2540 898 2608 o‘
919 2540 1016 2626 σωτὴρ
1041 2545 1092 2607 καί
1114 2541 1220 2626 κὺριος
1239 2540 1361 2625 Ἰησοῦς

200 2643 344 2731 Χριστὺς,
373 2641 392 2712 ά
414 2646 521 2732 λέγων,
546 2645 751 2728 Πορευθέντες
778 2644 982 2727 μαθητεύσατε
1005 2643 1102 2710 πάντα
1118 2642 1155 2709 τά
1172 2647 1268 2727 ίθνη,
1300 2648 1357 2729 βω

195 2753 344 2827 κτίζοντες
358 2746 468 2825 αὑτοὺς
482 2750 524 2824 είς
538 2745 573 2812 τά
596 2744 690 2829 ὄνομα
706 2754 762 2813 τοῦ
777 2744 889 2831 πατράς
903 2748 954 2811 καί
972 2752 1026 2812 τοῦ
1043 2750 1112 2813 υίοῦ
1127 2750 1179 2812 καί
1195 2754 1249 2812 τοῦ
1264 2743 1360 2834 άγίοα

195 2848 373 2933 πνεὺματος.

61 2966 128 3037 Κεφ.
138 2968 179 3032 ιζ.
284 2952 362 3034 Περί
383 2949 440 3037 γάρ
454 2958 506 3034 τῆς
521 2948 597 3016 κατά
614 2949 714 3017 πάντα
729 2958 783 3016 τοῦ
800 2953 870 3017 υἱοῦ
883 2948 959 3033 πράς
977 2948 1029 3017 τάν
1046 2952 1158 3033 πατέρα
1177 2948 1360 3035 ὁμοιότητος

198 3049 377 3137 πλατὺτερου
391 3053 444 3135 μέν
459 3053 585 3137 δλλοχοῦ
606 3056 726 3136 εἴρηται.
769 3050 896 3134 Ὁμοίως
911 3054 943 3118 δέ
960 3054 1009 3117 καί
1023 3059 1078 3117 νῦν
1094 3055 1126 3118 ίν
1141 3056 1246 3137 βραχεῖ
1258 3080 1360 3140 παρα-

76 3198 128 3244 m,
138 3188 184 3232 ως
198 3152 421 3236 σημειώσασθαι
436 3152 492 3219 οῦκ
503 3153 669 3238 άκνήσομεν
684 3152 730 3219 ὅτι
744 3152 762 3220 ὑ
775 3151 938 3230 άπόστολος
954 3152 1053 3219 είκόνα
1068 3161 1121 3219 τοῦ
1135 3153 1264 3241 άοράτου
1276 3164 1360 3225 θεοῦ

197 3253 249 3321 τάν
265 3255 332 3321 υίὺν
354 3254 494 3341 είρηκῶς,
525 3259 575 3322 καί
593 3260 625 3323 έν
649 3255 742 3345 τούτῳ
765 3255 887 3333 διδάξας
910 3256 953 3322 ὅτι
970 3255 1076 3339 ὅμοιός
1094 3259 1174 3322 έστιυ
1197 3255 1297 3335 άυίάς
1311 3266 1360 3348 τῷ

198 3358 303 3443 πατρί,
335 3355 461 3442 άλλογοῦ
476 3365 541 3435 πῶς
559 3363 605 3424 δεῖ
617 3367 699 3424 νοεῖν
712 3356 764 3424 τὺυ
781 3358 848 3424 υίδν
863 3360 1042 3443 παρέδωκεν.
1081 3360 1135 3424 Ἐν
1153 3358 1208 3445 γάρ
1224 3367 1260 3448 τῇ
1278 3360 1361 3445 πράς

200 3464 421 3542 Φιλιππησίους
434 3463 571 3549 ἐπιστολῇ
587 3482 670 3543 φησι,
677 3460 735 3537 Ὃς
750 3463 782 3526 έν
797 3467 903 3550 μορφῇ
921 3469 998 3526 θεοῦ
1014 3459 1156 3547 ὑπάρχων
1173 3459 1226 3545 οὑχ
1241 3460 1359 3551 άρπωγ.

197 3561 256 3645 μάν
270 3559 401 3648 ἡγήσατο
419 3561 452 3628 τὺ
469 3558 544 3628 είναι
565 3567 615 3627 ίσα
631 3568 711 3651 θεῷ,
742 3560 800 3627 αλλ’
817 3561 924 3629 έαυτάν
941 3565 1082 3641 έκέναισε,
1103 3563 1224 3649 μορφάν
1243 3564 1359 3635 δοῦλον

197 3663 311 3749 λαβοίν,
341 3667 374 3731 έν
389 3663 555 3748 ὑμοιοίματι
577 3663 750 3748 άνθροίπων
771 3663 936 3751 γενόμενος.
979 3663 1027 3730 Ἑν
1043 3667 1075 3731 δέ
1092 3673 1129 3755 τῇ
1147 3665 1222 3751 πρὺς
1234 3664 1359 3749 Ῥωμαί·

197 3793 267 3847 ους,
302 3767 342 3834 Τά
362 3767 418 3855 γάρ
436 3767 583 3833 άδὺνατον
603 3774 658 3832 τοῦ
673 3764 785 3849 νάμσυ,
817 3770 849 3833 έν
864 3760 889 3856 ᾧ
906 3767 1027 3850 ἠσθένει
1044 3766 1093 3834 διά
1109 3777 1163 3851 τῆς
1181 3767 1306 3853 σαρκὺς,
1338 3768 1360 3838 ὑ

196 3868 276 3947 θεάς
284 3869 337 3936 τάν
350 3874 457 3937 έαυτοῦ
473 3869 539 3936 υίὺν
554 3872 675 3952 πέμψας
689 3872 721 3935 έν
736 3866 901 3953 άμοιῶματι
916 3870 1036 3956 σαρκδς,
1059 3872 1109 3936 καί
1124 3871 1192 3956 περί
1208 3868 1360 3955 ὑμαρτίας

197 3973 348 4056 κατέκρινε
369 3972 424 4056 τὴν
440 3970 585 4056 άμαρτίαν
599 3975 631 4038 έν
653 3978 688 4062 τῇ
705 3974 808 4057 σαρκί,
839 3970 881 4049 ῶς
899 3975 947 4038 έπί
964 3980 1023 4038 τῶν
1039 3971 1093 4038 δὺο
1114 3977 1301 4059 Ιμαρτυρίων
1322 3977 1359 4043 ίπ

198 4080 259 4139 τῶν
282 4074 337 4140 δύο
362 4079 520 4141 ίπιστολῶν
538 4071 625 4141 ‘dno'
645 4082 699 4141 τοῦ
715 4083 886 4156 σωματικοῦ
906 4072 1033 4157 εὑσεβῶς
1052 4077 1104 4141 καί
1126 4075 1181 4159 τήν
1206 4077 1273 4159 περὶ
1299 4085 1360 4145 τοῦ

199 4173 306 4259 άμοίου
332 4179 469 4243 8ίίννοιαν
494 4175 572 4260 ἡμᾶς
595 4179 647 4242 καί
665 4179 713 4243 eui
730 4183 784 4242 τοῦ
801 4175 961 4258 άσωμάτου
978 4176 1088 4260 πατρός
1104 4202 1134 4241 τε
1153 4180 1204 4242 καί
1223 4180 1293 4242 υίοῦ
1309 4182 1359 4245 δι-

234 4314 423 4365 cn.XV1.-
453 4319 474 4367 1.
489 4310 536 4369 οῦκ
553 4315 687 4370 leucada.
701 4330 757 4366 τιτι.
792 4331 873 4379 στηκε
896 4314 926 4369 δὲ
942 4317 986 4370 καὶ
1002 4314 1030 4371 τί
1046 4319 1146 4383 πνεῦμα
1168 4310 1238 4383 ἅγιοι
1261 4321 1361 4371 υιισίιιίε

199 4377 246 4436 οῦκ
259 4381 296 4435 έτι
309 4386 346 4433 εδ.
359 4388 436 4446 princ.
469 4379 757 4438 οὑκέτιιδίι.Ριλσυ.-
790 4386 884 4434 inclusit
902 4387 1020 4436 Ριιουευι.

198 4454 274 4501 Verbo
290 4448 329 4505 Τδ
341 4453 440 4519 πνεῦμα
455 4448 485 4506 οῦ
499 4458 592 4506 νοεῖται
606 4449 677 4513 υίὸς,
695 4446 757 4518 ὑφί·
824 4450 970 4518 ’2.,τιατρὸς
985 4452 1029 4505 καί
1047 4453 1101 4507 υἱοῦ
1117 4452 1215 4504 addest
1233 4456 1360 4508 Ριλαυίυι.

790 4520 945 4573 mendum
957 4524 1018 4573 διαί
1033 4516 1195 4591 ὑπάρχοντος,
1213 4520 1258 4576 καὶ
1273 4516 1358 4581 αὑτοῦ
