3096 5070
384 265 658 325 suessonam
675 271 758 325 rous.
771 272 789 323 Β.
808 269 906 323 ΒΒΒΒ
919 268 1041 321 nxxur.
1047 274 1143 397 9
1230 257 1288 324 tat

131 404 296 481 potentem,
328 393 469 457 laetorem
493 391 568 456 eoeli
591 401 621 455 et
645 391 760 470 terrae,
791 389 1008 474 visibiliumque
1035 394 1066 453 e!
1084 358 1289 459 invisibilium.

132 494 289 562 Credimus
306 496 395 559 etiam
410 495 440 558 in
457 494 605 558 dominum
621 505 753 558 nostrum
775 491 873 558 lesum
893 488 1043 556 Christum
1063 490 1153 555 filium
1173 492 1238 572 dei,
1261 502 1296 561 es

132 602 194 665 ab
187 620 252 686 ipen
276 600 406 684 genitum
433 597 507 661 eitra
530 596 695 682 passionem
719 596 805 660 ullam
827 606 895 659 ante
919 593 1017 658 omunia
1040 594 1176 673 saeeula,
1207 596 1293 660 deum

131 703 272 782 verbum,
296 703 381 766 deum
398 701 435 764 de
453 700 525 777 deo,
551 698 752 781 unigenitum,
775 699 889 776 lueem,
913 697 1023 774 vitam,
1049 697 1222 776 veritatem,
1244 719 1294 762 sa·
1398 728 1406 743 ·

132 806 288 892 pientiam,
322 804 479 880 virtutem,
512 822 566 887 per
584 823 670 886 quem
695 802 792 865 omuia
818 802 895 864 laeta
919 810 988 863 sunt
1009 820 1084 884 quae
1106 797 1137 863 iu
1153 798 1245 862 eoelis
1264 810 1295 864 et

130 909 161 971 iu
179 920 257 971 terra
273 917 361 983 suot,
385 904 449 967 aive
467 902 610 982 visibilia,
639 903 704 968 sive
718 902 886 968 invisibilia.
931 900 1019 966 Hune
1037 903 1130 987 ipsum
1148 902 1293 967 eredimus

49 1065 55 1073 .
130 1011 161 1073 iu
180 1013 240 1080 lune
258 1007 442 1074 saeculorum
464 1007 499 1070 ad
518 1006 749 1092 extinguendum
766 1015 917 1091 peecatum
941 1026 1060 1069 earnem
1078 1026 1094 1067 e
1110 1017 1211 1069 saneta
1234 1005 1293 1068 vir-

132 1113 201 1197 gine
218 1111 398 1196 sumpsisse,
422 1109 626 1194 hominemque
646 1110 770 1186 laetum,
802 1130 919 1194 passum
935 1108 1004 1173 item
1022 1129 1075 1192 pro
1094 1107 1221 1193 pereatis
1241 1129 1294 1172 no·

133 1214 222 1290 stris,
255 1211 480 1291 resurrexisse,
514 1222 545 1275 et
566 1211 595 1275 in
620 1210 734 1275 eoelum
762 1211 937 1285 subvectu·
960 1212 1065 1275 sedere
1088 1210 1123 1272 ad
1139 1210 1295 1275 dexteram
1349 1204 1360 1233 ³
1478 1228 1485 1237 ·

133 1315 241 1401 patris,
274 1326 304 1378 et
323 1316 428 1379 iterum
449 1325 603 1378 veniturum
627 1336 692 1378 euna
717 1313 812 1397 gloria
835 1314 966 1379 iudicare
989 1313 1075 1378 vivos
1098 1322 1128 1376 et
1148 1324 1293 1376 mortuos.

134 1413 290 1485 Credimus
315 1429 345 1482 et
363 1418 392 1480 io
409 1439 498 1482 unum
516 1428 650 1481 sanetum
673 1417 825 1502 spiritum,
857 1437 943 1503 quem
961 1406 1094 1481 salvator
1110 1425 1141 1478 et
1158 1414 1294 1479 dominus

135 1531 237 1583 noster
255 1523 337 1584 lesus
355 1517 494 1586 Christus
517 1516 705 1584 Paracletum
727 1520 862 1598 vocavit,
895 1520 1077 1604 eundemque
1101 1527 1165 1602 post
1182 1518 1294 1605 disees·

133 1642 196 1687 sum
217 1644 300 1688 suum
324 1625 481 1687 missurum
499 1643 532 1686 se
550 1624 692 1709 apostolis
712 1623 856 1709 promisit.
902 1620 999 1707 Quem
1023 1630 1053 1683 et
1071 1641 1175 1684 revere
1201 1620 1292 1699 misit,

134 1736 163 1787 et
181 1746 233 1809 por
247 1746 312 1789 enm
333 1726 436 1789 fideles
453 1724 483 1788 iu
501 1726 625 1790 eeclesia
647 1725 830 1802 sanctificat,
863 1725 910 1809 qui
929 1723 1115 1810 baptizantur
1129 1723 1158 1785 iu
1176 1723 1307 1823 nomine·

133 1826 225 1917 patris
242 1838 272 1890 et
288 1828 340 1890 filii
359 1836 389 1891 et
403 1827 523 1914 spiritus
538 1829 645 1891 saneti.
691 1824 876 1912 Quicumque
895 1848 968 1890 vero
983 1838 1100 1910 praeter
1115 1826 1190 1889 bauo
1207 1827 1294 1888 sudem

133 1922 212 1993 aliud
230 1928 364 2013 quiddam
382 1929 570 2014 praedicant,
603 1930 717 1994 alienos
734 1931 817 1994 uouit
839 1929 964 1994 ecclesia
983 1929 1137 1993 eatluolica.
1184 1927 1295 2012 Quem·

137 2035 293 2098 admodum
309 2052 380 2096 ΒΒΒο
397 2052 461 2094 eum
481 2032 535 2094 bau
550 2033 618 2096 fidei
637 2033 760 2098 formata
778 2043 977 2096 eoruseutaoea
1000 2032 1038 2095 sit
1053 2053 1087 2096 ea
1103 2053 1176 2117 qnae
1193 2024 1295 2097 Sirmii

135 2157 230 2221 nuper
252 2135 387 2220 exposita
415 2144 463 2196 est
490 2156 588 2198 eoram
612 2136 837 2221 religiosissimo
861 2132 1041 2220 imperatore
1068 2144 1171 2200 nostro
1187 2140 1297 2203 nonos

133 2241 181 2325 qui
206 2240 281 2305 bane
303 2237 395 2324 ipsam
418 2236 557 2320 legerint.
890 2222 1026 2405 Md*

219 2339 467 2425 subscripserunt
483 2339 530 2425 qui
551 2340 690 2419 aderaut,
714 2338 858 2415 Basilius,
1007 2334 1030 2420 ',
1054 2336 1203 2425 Georgius
1224 2339 1296 2404 ste·
1326 2353 1357 2405 c

133 2443 280 2508 xandriae
296 2443 470 2528 episeopus,
503 2440 696 2522 Pancratius,
720 2441 922 2531 Hypatianus‚
956 2452 986 2506 et
1001 2441 1115 2527 plurimi
1131 2441 1292 2507 occidentis
1318 2372 1417 2483 ὦ·

30 2551 34 2558 “
134 2544 276 2661 episcopi.
323 2542 389 2630 Ego
412 2541 563 2629 Georgius
583 2545 737 2631 episeopus
760 2544 964 2610 Alexandriae
991 2544 1065 2609 bane
1088 2544 1157 2610 utet
1184 2546 1298 2630 proles·

135 2647 248 2710 sionem
266 2645 360 2726 edidi,
393 2656 480 2731 atque
497 2647 584 2709 itaut
601 2647 741 2733 scriptum
763 2659 809 2711 est
830 2670 875 2712 me
896 2648 1009 2713 sentire
1030 2646 1185 2734 profiteor.
1231 2640 1339 2731 Ego

135 2747 263 2811 Asuuius
284 2750 438 2834 episeopus
459 2745 609 2812 Caesarea
631 2749 705 2814 bauo
723 2751 791 2814 lidei
807 2751 1020 2836 professionem
1037 2750 1130 2828 edidi,
1154 2761 1240 2833 atque
1256 2748 1329 2877 ³¹⁸,

136 2859 168 2912 ut
186 2851 326 2968 seriptum
343 2861 389 2915 est
403 2871 449 2914 me
467 2852 580 2915 sentire
598 2852 752 2938 proliteor.
797 2850 933 2925 Uranins
945 2852 1100 2938 episeopus
1115 2851 1204 2938 Tyri.
1237 2834 1305 2914 Eu·

136 2952 252 3067 tychius
277 2954 431 3039 episeopus
456 2951 706 3040 Eleutheropolis.
761 2954 864 3020 Zoilus
890 2956 1045 3040 episcopus
1069 2953 1212 3019 Larissae
1238 2951 1297 3040 Sy-

136 3053 211 3116 riae.
260 3051 352 3119 Seras
379 3055 533 3140 episeopus
559 3078 599 3120 ex
624 3054 804 3121 Paraetonio
826 3056 955 3144 Libyae.
1009 3054 1119 3122 Paulus
1141 3058 1296 3143 episeopus

136 3154 286 3221 Emissae.
338 3155 511 3222 Eustatbius
542 3160 697 3245 episeopus
728 3158 921 3249 Epiphaniae.
975 3163 1115 3224 irenaeus
1143 3161 1298 3247 episeopus

137 3258 272 3346 Tripolis
296 3257 473 3323 Phoenices.
518 3259 666 3326 Eusebius
687 3262 842 3348 episeopus
864 3259 1021 3327 Seleuciae
1038 3260 1158 3349 Syriae.
1204 3261 1299 3349 Euty·

135 3361 257 3425 obiauus
281 3361 435 3447 episeopus
452 3359 625 3428 Patarorum
642 3366 671 3428 io
689 3362 796 3450 Lycia.
843 3362 1016 3428 Eustatbius
1039 3365 1194 3451 episeopus
1208 3361 1298 3429 l'tnu·

133 3483 232 3526 rorum
251 3463 503 3551 etDitlymorum.
549 3463 678 3530 Basilius
694 3468 849 3554 episeopus
869 3464 1050 3533 Cauniorum
1067 3465 1197 3554 Lydiae.
1239 3463 1297 3531 Pe·

136 3574 199 3627 trus
219 3568 372 3651 episeopus
396 3565 483 3652 Hippi
500 3565 700 3633 Palaestinae.
746 3569 915 3655 Stephanus
932 3573 1087 3658 episeopus
1109 3567 1297 3635 Ptolemaidis

133 3663 262 3752 Libyae.
316 3667 472 3733 Eudoxius
504 3667 670 3756 episeopus.
726 3672 900 3756 Apollonius
929 3673 1084 3759 episeopus
1114 3668 1294 3757 Oxyriuobi.

133 3766 325 3832 Tbeoetistus
362 3770 516 3857 episeopus
551 3768 738 3836 Ostraeiues.
799 3772 946 3839 Leontius
978 3774 1133 3860 episeopus
1166 3770 1294 3860 Lydiae.

136 3869 326 3934 Theodosius
357 3871 512 3957 episeopus
541 3870 760 3959 Pluiladelpbiae
788 3874 917 3962 Lydiae.
970 3873 1108 3940 Pboebus
1141 3877 1296 3962 episeopus

132 3968 369 4057 Polyebalaudae
390 3972 516 4058 Lydiae.
562 3971 691 4057 Magnus
717 3977 872 4063 episeopus
898 3978 1107 4043 Themisorum
1133 3975 1293 4066 Pbrygiae.
1386 4020 1390 4029 ·
1431 4004 1458 4055 ι

131 4075 280 4168 Euagrius
309 4077 464 4163 episeopus
492 4074 654 4164 Mytilenas
682 4077 861 4158 insularum,
897 4077 1011 4165 Cyriou
1035 4078 1190 4167 episeopus
1212 4079 1296 4146 Doli-

164 4296 189 4352 4.
205 4294 374 4368 Ἐπιφανείας
388 4304 486 4351 reddutt
503 4303 621 4352 Peteulus.
729 4304 864 4365 ponendum
880 4301 1007 4366 ΠιΒΒὶρωΒ.

164 4385 187 4435 5.
206 4384 273 4440 Σιδῦ
275 4403 329 4454 μωΒ
345 4389 435 4437 reatini
458 4401 488 4437 ΒΒ
511 4389 577 4437 tibris
599 4401 654 4437 ΒΒΒΒ.
674 4393 697 4439 et
763 4385 788 4439 6.
808 4390 891 4438 ltoed.
898 4390 990 4473 prior.
992 4393 1192 4444 cumttbrtsmss.
1227 4394 1297 4445 Pelo·

130 4454 165 4503 ed.
181 4457 255 4515 prum
275 4405 348 4505 μΝΒΒΒ
362 4455 460 4507 Petauiu
462 4457 560 4505 aedidit
575 4451 699 4522 Διδύμων.
734 4460 788 4508 ulus
805 4457 878 4507 edidit
907 4453 1062 4529 ΟξυρῦγχΒΒ.

129 4523 177 4572 Pro
196 4519 314 4586 [levastis
331 4529 420 4574 mutato
440 4529 537 4574 eeeeotu
552 4524 649 4586 [ΒΒΒΒΒΒΒ
665 4539 703 4576 re-
