3096 5070
380 289 1045 346 enneanmarn.romermnaanxxvr.
1228 272 1292 341 ιιι

135 416 200 493 des,
223 435 288 478 com
305 413 332 477 ri
347 413 395 499 qni
411 435 428 477 e
445 412 536 478 nihilo
555 413 684 477 condidit
700 413 855 489 universa,
880 408 962 473 etad
983 429 1071 472 unum
1091 407 1220 492 perfecte
1239 424 1291 469 ea·

136 518 200 582 dem
219 517 371 581 elaborare
390 516 439 580 illa
458 526 572 600 potest,
606 515 713 600 quique
737 515 843 579 nullius
868 510 1042 576 incrementi
1066 518 1096 572 et
1110 506 1291 572 accessionis

134 631 219 704 eget,
253 631 284 683 et
307 620 355 683 illa
380 618 494 702 legibus
515 619 577 681 sois
603 639 638 682 ac
662 617 792 681 decretis
817 614 995 691 adstrinxit,
1034 611 1154 677 verbum
1178 609 1290 694 affingis

132 721 315 800 istiusmodi,
340 725 415 806 quod
435 732 620 805 augmentum
639 720 801 784 divinitatis
816 718 965 794 admittat,
991 734 1086 800 noque
1100 713 1204 776 saltem
1226 731 1291 775 cum

132 825 241 888 creatis
259 824 295 886 ab
315 825 379 909 ipso
404 822 492 887 rebus
514 823 670 908 adaequari
693 823 815 906 pateris.
860 819 942 905 Quas
963 839 1027 882 curn
1047 817 1194 903 perlectas
1208 813 1291 877 initio

132 928 339 1011 absolutosque
361 925 479 990 molitns
506 936 568 1003 est,
605 937 664 990 tum
691 945 765 1009 quae
792 945 832 988 ax
857 922 928 1010 ipsis
953 921 1099 1006 pullulant*
1118 916 1291 982 accessione

28 1086 34 1095 .
132 1051 206 1116 opus
223 1028 332 1092 babere
348 1027 508 1114 sapientiae
525 1048 596 1092 suae
613 1029 733 1091 decreto
750 1025 919 1104 constitnit3
951 1021 1113 1088 cuiusmodi
1129 1030 1197 1085 snut
1215 1038 1290 1103 qnae

132 1131 271 1216 deinceps
288 1141 355 1193 nata
370 1139 456 1209 sunt,
491 1143 708 1215 nascunturque
734 1130 881 1214 quotidie,
916 1127 1006 1191 valoti
1027 1125 1161 1202 coelum,
1195 1132 1288 1200 terra,

136 1253 236 1317 aqna,
261 1239 331 1310 aer,
367 1232 430 1310 sol,
463 1233 569 1312 lunae,
602 1233 718 1310 sidera,
754 1244 876 1316 atquae
898 1251 937 1293 ex
963 1228 1047 1314 aquis
1067 1227 1218 1299 oriuntur,
1252 1224 1289 1287 od

134 1334 227 1419 ipsum
248 1334 391 1398 bominem
413 1356 517 1419 nsque.
563 1334 657 1420 lgitnr
680 1355 775 1419 neque
802 1333 917 1396 eoelum
940 1332 1162 1416 imperfectum,
1193 1345 1290 1410 nequo

133 1447 240 1500 terram
259 1437 769 1523 mancamdeleetamqnecondidit,
801 1437 853 1500 sed
869 1437 1027 1521 perlectam
1044 1432 1137 1509 bano,
1168 1429 1289 1516 periodo

134 1550 222 1622 atquc
245 1540 377 1615 coelum,-
414 1540 529 1604 tametsi
554 1541 673 1605 minime
701 1539 908 1624 aspectabilem
934 1538 1026 1623 ipsam
1053 1533 1289 1616 inconditamque

134 1641 299 1720 fabricarit,
334 1653 454 1728 propter
471 1644 681 1728 expolitionem
698 1654 729 1706 et
745 1653 880 1705 ornatum
900 1641 979 1704 illum
1004 1659 1088 1723 quem
1106 1635 1289 1723 postmodum

133 1755 199 1807 erat
215 1745 390 1808 edocturus:
422 1746 474 1809 sed
494 1758 522 1809 et
540 1767 643 1832 aquam
669 1767 704 1808 ac
726 1746 823 1809 lumen
848 1744 918 1807 illud
940 1753 1010 1806 ante
1030 1739 1128 1804 omnia
1152 1757 1289 1824 procrea·

133 1857 192 1911 tum
208 1846 315 1927 edidit,
339 1869 373 1910 ae
394 1867 581 1933 parvorum,
614 1849 776 1912 increatum
793 1869 829 1910 ac
845 1847 934 1910 vitale
950 1845 1047 1909 lumen
1064 1844 1203 1908 universa
1220 1861 1288 1925 pro·

134 1949 235 2027 duxit,
260 1959 319 2012 tom
334 1950 448 2014 demum
464 1961 575 2029 catera,
599 1971 674 2035 qnae
690 1962 799 2015 eterra
814 1958 1022 2033 propagantur,
1045 1946 1162 2010 adiecit.
1209 1946 1289 2015 Ante

133 2052 231 2114 omnia
249 2071 323 2114 vero
344 2052 558 2115 lirmamentnm
581 2052 674 2138 ipsum
691 2053 817 2117 creauit.
864 2051 976 2114 Horum
995 2050 1123 2113 omnium
1141 2067 1229 2134 porro
1245 2043 1290 2109 ni·

133 2152 172 2217 bil
186 2154 408 2238 imperfectum,
432 2155 484 2218 sed
501 2154 635 2219 absoluta
652 2156 750 2219 omnia
769 2154 927 2218 constituta
943 2166 1022 2217 sunt.
1068 2155 1219 2224 Producat,
1244 2148 1289 2212 in·
1308 2159 1366 2205 on.
1379 2157 1440 2214 ιιι

132 2256 209 2339 quit,
233 2268 313 2319 terra
325 2259 439 2319 herbum
455 2261 589 2319 nabentem
605 2264 746 2321 remobens
761 2281 853 2320 semen
870 2260 910 2318 ad
925 2259 1134 2318 similitudinem
1149 2257 1179 2315 in
1197 2264 1286 2325 terro,

129 2371 160 2420 et
179 2361 289 2439 lignum
306 2361 509 2442 fructiferum,
548 2365 630 2422 curas
650 2383 742 2422 remen
770 2365 800 2422 r'n
824 2365 884 2440 r'pso
908 2364 947 2420 ss't
965 2362 1005 2420 ad
1027 2359 1236 2419 similitudinem
1259 2357 1289 2416 a'tr

130 2472 218 2524 terro.
268 2461 527 2526 animadvertisne
542 2484 628 2547 qnam
647 2463 753 2525 nnllam
770 2461 893 2526 subinde
910 2481 983 2545 quae
1000 2461 1142 2545 producta·
1156 2467 1225 2521 sunt
1240 2476 1289 2520 ao-

131 2565 295 2628 cessionem
313 2564 585 2650 increscentemque
604 2564 855 2642 desideraverint,
879 2565 930 2629 sed
947 2563 1044 2641 virili,
1079 2560 1165 2625 ntita
1181 2560 1289 2637 dicam,

133 2665 239 2728 robore
260 2667 407 2750 praedita,
440 2676 470 2731 et
485 2667 582 2732 adulta
608 2669 706 2731 statim
733 2667 780 2730 dei
807 2669 943 2731 mandato
966 2664 1147 2752 prodierint?
1190 2659 1291 2745 Quae·

133 2787 257 2851 cumque
272 2788 345 2831 vero
361 2767 469 2832 bomini
486 2770 618 2834 subiecta
633 2781 720 2849 snnt,
745 2782 795 2834 ant
811 2770 911 2834 insunt
927 2771 956 2833 in
973 2790 1027 2847 eo,
1051 2768 1116 2832 solo
1131 2765 1227 2829 adbuc
1242 2784 1290 2828 ae·
1399 2818 1403 2825 .

133 2865 212 2930 mina
228 2880 390 2949 contenta,
415 2871 537 2936 necdum
555 2874 686 2958 perlecta
704 2872 781 2936 illins
797 2873 955 2937 dominatui
973 2870 1129 2935 consmissa
1148 2879 1232 2946 sunt,
1257 2877 1290 2932 ut

133 2969 159 3031 is
175 2968 249 3034 bene
265 2972 301 3035 de
317 2993 350 3036 se
368 2974 502 3038 meritum
530 2973 669 3060 ignorare
687 2996 746 3038 non
771 2987 871 3061 posset
895 2976 942 3060 qui
958 2986 989 3038 et
1002 2974 1091 3038 rebus
1108 2972 1243 3037 omnibns
1257 2982 1290 3035 ot

132 3069 192 3136 sint
207 3070 388 3157 impertitur,
421 3086 451 3139 et
466 3077 601 3141 omnibus
623 3077 759 3163 superior
777 3089 840 3158 est,
871 3099 906 3141 ac
929 3078 1043 3162 singola
1060 3098 1151 3162 opera
1166 3096 1219 3139 sna
1237 3095 1289 3160 pro

131 3173 210 3237 illius
231 3179 495 3261 opportunitatibus
517 3181 736 3265 commodisque
757 3181 923 3264 dilargitur.

220 3279 257 3341 ΙΙ.
303 3276 502 3362 Quamobrem
533 3284 649 3348 occulta
674 3267 772 3347 rernm
789 3283 901 3347 semina
918 3285 1115 3346 continentem
1134 3281 1161 3344 ei
1180 3292 1288 3344 terram

134 3379 261 3457 tradidit,
287 3402 408 3468 eamque
428 3386 606 3450 fundamenti
624 3408 659 3449 ac
679 3386 771 3463 basis,
797 3398 829 3449 nt
847 3387 885 3448 ita
902 3384 1008 3463 dicam,
1033 3385 1098 3447 vice
1115 3382 1287 3462 substravit,

133 3502 167 3544 ac
182 3481 263 3544 velut
279 3486 428 3548 matricem
452 3487 573 3567 obtulit,
599 3498 630 3551 nt
646 3510 721 3572 quae
737 3490 772 3551 ab
792 3489 828 3552 iis
847 3489 936 3552 rebus
954 3499 1115 3574 propagata
1134 3498 1202 3550 sont
1215 3507 1288 3570 quas

133 3584 204 3648 deus
221 3587 367 3669 perlectas
387 3589 544 3673 produxit,
577 3612 642 3653 cnm
663 3590 743 3654 velut
768 3592 880 3654 semina
896 3592 1035 3674 quaedam
1053 3590 1171 3676 proprio
1187 3589 1288 3653 labore

132 3696 162 3749 et
181 3686 322 3749 industria
339 3687 368 3750 in
388 3699 496 3752 terram
512 3691 699 3777 deposuerit,
733 3691 895 3756 cuiusmodi
914 3703 983 3757 sunt
1002 3693 1138 3756 arborum
1157 3713 1192 3755 ac
1208 3703 1289 3754 cete·

130 3809 232 3853 rorum
251 3789 278 3852 id
295 3810 389 3873 genus
406 3792 538 3871 semina,
572 3815 636 3856 cnm
657 3793 746 3871 baec,
778 3796 915 3878 inquam,
947 3794 1113 3880 singillatim
1133 3794 1289 3858 velutcal·

131 3891 226 3956 cnlnm
245 3913 262 3956 a
280 3892 420 3977 perlectis
434 3894 491 3958 illis
507 3895 646 3981 operibns
661 3905 808 3958 mutuatos
823 3897 851 3959 in
869 3908 978 3960 terram
996 3897 1165 3975 demiserit,
1189 3919 1204 3958 a
1222 3918 1287 3983 per·

131 3996 209 4058 lecto
227 3994 282 4057 deo
301 3995 513 4060 incrementum
536 3995 697 4082 accipiant,
731 3996 926 4082 paulatimque
947 4020 1021 4083 quae
1047 3999 1095 4062 ille
1119 4000 1289 4064 conseverit

131 4098 318 4176 adolescant,
354 4118 391 4160 ne
418 4100 443 4162 si
467 4099 546 4164 illurn
571 4101 683 4186 ipsum,
718 4099 801 4162 ouius
828 4100 885 4164 ista
912 4100 1055 4165 benedicio
1083 4099 1284 4184 succrescunt,

164 4333 188 4386 9.
207 4333 504 4402 conterraneorum.
521 4347 622 4405 uterque.
649 4336 690 4394 eri·
724 4347 774 4392 tom
790 4345 872 4404 ecrtptt
887 4356 960 4405 ouum
976 4343 1040 4392 edttr‘.

132 4401 264 4470 ρισιιισξιαι
279 4410 344 4457 edttt.
762 4410 800 4462 lt.
819 4406 890 4471 ξύλον
909 4412 1021 4462 mendum
1042 4415 1183 4477 tppeprupbt
1204 4418 1288 4483 tantur

165 4472 204 4526 to.
239 4473 440 4545 χρυσιμιιόιτωι
473 4480 554 4530 nidore
588 4479 694 4530 senemr
727 4480 805 4530 tried.
823 4480 903 4531 Petro.
925 4481 1090 4547 cotmrrprr.
