3096 5070
294 274 357 337 514
722 284 844 337 εεασιι
863 286 1032 337 τετειιειειι

294 408 412 484 πνεῦμα
440 400 498 467 οῦκ
515 398 673 485 Ιοἰλλότριον
693 399 807 485 καιρός
827 402 879 467 καί
900 404 986 479 υἱοῦ,
1018 394 1111 467 οῦσαν
1133 401 1165 467 δέ
1191 399 1237 467 del
1260 401 1314 485 τῆν
1335 402 1455 489 τριάδα,

295 506 347 570 καί
361 505 507 587 μηδέποτε
522 501 698 588 προςθῆκης
716 505 921 586 ἐπιδεομένην,
952 502 993 586 μῆ
1008 507 1132 586 ἔχουσαν
1149 506 1182 569 δέ
1197 531 1225 569 τι
1239 506 1271 570 ἐν
1286 505 1362 595 αὐτῆ
1378 503 1457 572 ῦπο-

295 603 440 689 βεβηκός,
472 608 514 682 είς
537 609 608 687 μίαν
625 606 656 671 δὲ
673 604 795 688 ἑνότητα
810 607 861 670 καί
886 613 900 651 ⁸
910 610 982 688 μίαν
1004 604 1098 692 ἆρχῆν
1116 612 1169 672 τοῦ
1185 613 1263 672 θεοῦ
1277 609 1328 672 καὶ
1342 606 1457 693 πατρός

162 718 283 778 ΝΜ
299 708 503 793 άναγομίνην,
533 710 585 773 καί
609 710 641 773 ἐκ
657 706 765 790 ταύτης
781 715 833 790 τῆς
849 707 969 792 τριάδος
991 707 1104 794 πατρός
1127 710 1177 773 καί
1200 711 1269 774 υἱοῦ
1291 712 1342 775 καί
1367 708 1456 796 άγίου

294 813 462 893 πνεύματος
485 808 522 875 τά
546 808 645 876 πάντα
671 814 867 889 4κεκτίσθαι,
900 808 956 876 οῦκ
981 807 1053 876 ῦνια
1072 812 1158 890 ποτέ,
1188 809 1255 876 οῦτε
1271 811 1398 879 συνόντα
1411 820 1457 901 τῷ

294 921 373 1003 θεῷ,
397 911 464 979 οῦτε
477 910 724 997 προϋπάρξαντα,
754 911 893 998 γινόμενα
909 912 942 976 δέ
963 915 992 990 ἐξ
1012 908 1068 978 οῦκ
1086 910 1181 980 όντων
1196 917 1238 991 είς
1251 913 1284 982 τό
1300 912 1375 980 είναι
1390 914 1455 981 άπό

294 1014 408 1098 πατρός
422 1018 474 1080 καί
496 1019 566 1081 υίοῦ
588 1017 640 1080 καί
664 1011 750 1100 άγίου
776 1013 959 1098 πνεύματος
990 1017 1042 1080 καί
1065 1022 1171 1081 τοῦτον
1192 1014 1246 1082 τόν
1266 1019 1378 1102 πατέρα
1399 1019 1455 1083 καί

294 1117 364 1184 υίόν
390 1119 441 1183 καί
465 1116 551 1203 άγιον
572 1123 690 1199 πνεῦμα
715 1125 777 1193 τοῖς
803 1116 896 1183 αῦτοῦ
921 1112 1017 1202 άγίοις
1037 1114 1090 1182 καί
1113 1115 1165 1182 ἄπ’
1186 1122 1294 1196 αίῦνος
1311 1119 1455 1196 καταξιά-

294 1240 386 1285 σαντα
402 1222 435 1285 ἐν
451 1217 605 1296 όπτασίαις
622 1226 771 1301 φανῆναι,
792 1217 931 1303 καθάπερ
948 1216 1079 1300 ῆδῦνατο
1099 1221 1221 1298 ἕκαστος
1236 1230 1353 1305 χωρεῖν,
1376 1221 1457 1286 κατά

295 1320 328 1388 τό
343 1320 471 1407 χάρισμα
493 1319 585 1387 αῦτοῦ
602 1320 652 1387 διά
668 1328 721 1403 τῆς
737 1320 894 1404 θεότητος,
925 1319 998 1406 ὅπερ
1018 1324 1161 1404 ἐχαρίζετο
1184 1323 1297 1412 ἑκάστῳ
1320 1331 1381 1389 τῦν
1399 1352 1456 1389 κα-

294 1427 509 1507 ταξιουμένων,
543 1422 585 1506 πῆ
611 1423 665 1506 μέν
687 1426 799 1508 πατέρα
822 1421 1012 1502 θεάσασθαι,
1047 1423 1153 1501 καθείς
1173 1425 1304 1509 ῆδῦνατο
1329 1428 1458 1504 ἕκαστος

293 1527 424 1593 αἰτοῦσαι
447 1532 499 1608 τῆς
526 1532 630 1608 φωνῆς
653 1525 765 1605 αῦτοῦ,
796 1522 837 1602 οίς
859 1523 975 1611 ἐχώρει·
1006 1523 1047 1602 σός
1068 1529 1100 1592 ἐν
1117 1527 1238 1610 στόματι
1255 1537 1310 1594 τοῦ
1326 1526 1455 1596 Ἡσαΐου

293 1632 404 1715 ίλιγεν,
425 1626 521 1707 Ἰδοῦ,
554 1625 674 1710 συνῆσει
689 1625 707 1694 ό
723 1637 795 1704 παῖς
810 1655 869 1712 μου
886 1626 904 1696 ό
919 1628 1084 1714 ἀγαπητός·
1116 1637 1202 1697 τοῦτο
1220 1630 1308 1714 φονῆ
1323 1630 1455 1717 πατρός·

262 1776 266 1782 -
294 1733 346 1797 καί
365 1728 406 1807 σός
424 1728 442 1796 ό
457 1728 571 1812 Δανιῆλ
590 1727 649 1796 είδε
672 1727 724 1796 τόν
746 1731 874 1797 παλαιόν
895 1739 955 1826 τοῖν
973 1729 1106 1815 ῆμερῶν·
1138 1740 1226 1798 τοῦτο
1252 1730 1380 1799 όπτασία
1397 1742 1454 1800 τοῦ

295 1833 417 1916 πατρός.
459 1830 512 1909 Ὡς
525 1833 558 1897 δέ
571 1834 602 1897 ἐν
620 1840 661 1920 τῷ
676 1832 817 1922 προφῆτη
842 1832 949 1912 πάλιν,
977 1832 1051 1919 Ἐγοί
1068 1831 1186 1919 δράσεις
1200 1833 1372 1917 ἐπλῆθυνα,
1402 1837 1454 1901 καί

293 1937 326 2002 ἐν
342 1938 422 2019 χερσί
440 1941 606 2020 προφητῶν
622 1932 796 2018 υίμοιάθην·
826 1944 913 2003 τοῦτο
938 1934 1023 2018 φωνῆ
1041 1939 1125 2002 υίοῦ·
1155 1933 1196 2013 οίς
1214 1938 1247 2003 δέ
1265 1939 1299 2004 ἐν
1310 1934 1452 2021 Ἰεζεκιῆλ,

294 2041 358 2104 Καί
385 2039 471 2120 ἐλαβέ
494 2062 529 2119 με
551 2044 668 2120 πνεῦμα
691 2045 785 2116 θεοῦ,
816 2041 867 2104 καί
891 2039 1007 2121 ἐξίβαλέ
1033 2063 1069 2119 με
1095 2041 1137 2115 είς
1157 2037 1190 2105 τό
1215 2044 1332 2106 πεδίον
1362 2047 1450 2106 τοῦτο

292 2142 360 2226 περὶ
381 2137 467 2225 άγίου
489 2139 664 2222 πνεῦματος.
710 2142 771 2204 Καί
794 2139 887 2206 πολλά
911 2143 971 2206 ἐστι
992 2148 1113 2206 τοιαῦτα
1135 2143 1245 2227 λέγειν,
1277 2134 1322 2207 οῦν
1342 2142 1449 2225 ὀλίγον

292 2242 355 2309 αἰπδ
381 2245 490 2327 μέρους
516 2243 696 2324 μνησθέντες
719 2245 750 2307 ἐν
772 2246 951 2331 παραδρομῇ
974 2245 1016 2318 είς
1039 2240 1072 2308 τό
1097 2247 1191 2322 δεῖξαι
1213 2242 1266 2310 τόν
1282 2249 1445 2328 χαρακτῆρα

291 2351 344 2429 τῆς
359 2347 512 2428 ἐκκλησίας
528 2343 564 2410 τά
581 2343 637 2411 δῦο
662 2343 779 2428 δῆματα
796 2347 1009 2429 παρεθέμεθα,
1043 2350 1158 2429 μυρίων
1179 2343 1283 2426 ὄντων,
1311 2347 1360 2409 καί
1376 2344 1440 2408 ἐπέ-

291 2473 386 2530 κεινα,
421 2455 479 2512 τῶν
504 2443 617 2530 όμοίων
637 2445 749 2513 τοῦτον
771 2449 803 2512 ἐν
824 2456 889 2523 ταῖς
910 2451 1008 2521 θείαις
1032 2457 1176 2532 γραφαῖς,
1201 2452 1322 2520 παλαιᾶς
1341 2445 1440 2508 τεκαὶ

292 2559 398 2634 καινῆς
425 2547 591 2632 διαθήκης,
626 2551 843 2634 ἐμφερομένων.
889 2551 948 2614 Καί
971 2548 1017 2615 ότι
1041 2547 1132 2626 αότός
1157 2547 1257 2635 κάρτος
1279 2550 1385 2612 ἐπίασε
1408 2545 1444 2611 τό

292 2661 379 2734 στῦμα
402 2659 444 2740 τῷ
458 2649 570 2733 Ἀδάμ,
599 2653 651 2734 καί
674 2653 846 2717 ἐνέπνευσεν
872 2653 903 2716 ἐν
920 2651 1003 2740 αὐτῷ
1018 2652 1115 2734 πνοῆν
1131 2659 1219 2734 ζωῆς,
1247 2653 1349 2725 κτίσας
1365 2650 1449 2736 αὐτῷ

292 2753 395 2838 ψυχὴν
417 2761 529 2832 ζῶσαν,
558 2755 609 2818 καί
630 2752 677 2819 ὅτι
702 2751 792 2829 αῦτός
818 2756 928 2820 δέδωκε
953 2753 1004 2821 τόν
1027 2753 1120 2836 νόμον
1143 2760 1185 2844 τῷ
1201 2759 1321 2842 Μωῦσῆ
1343 2749 1450 2827 όθεός

292 2855 391 2942 πατῆρ
409 2859 461 2922 καί
479 2855 547 2932 υίός
564 2858 615 2921 καί
637 2855 723 2942 όίγιον
741 2862 872 2939 πνεῦμα,
903 2853 924 2938 η’
939 2862 991 2940 μία
1008 2856 1129 2939 θεότης,
1158 2858 1208 2921 καί
1225 2854 1272 2921 ὅτι
1286 2858 1317 2921 οἱ
1330 2860 1450 2937 προφῆ-

290 2985 341 3026 ται
353 2957 414 3024 ῦπό
430 2966 483 3041 τῆς
499 2955 592 3041 αῦτῆς
605 2955 748 3040 θεότητος
765 2956 983 3041 α’πεστάλησαν,
1013 2961 1064 3024 καί
1081 2957 1129 3024 ότι
1147 2956 1238 3033 αῦτός
1257 2953 1327 3040 ἡμῖν
1342 2953 1361 3024 δ
1376 2955 1450 3033 θεός

292 3058 484 3127 δἸουδαίονν
505 3086 534 3127 τε
558 3063 609 3126 καί
634 3066 820 3145 Χριστιανῶν
841 3058 883 3126 σόν
906 3058 995 3140 θεός,
1019 3061 1188 3136 Ἰουδαίους
1209 3084 1240 3125 τε
1262 3061 1386 3134 καλέσας
1409 3060 1450 3134 είς

162 3220 180 3241 ,
291 3166 461 3241 δικαίωσιν,
491 3161 562 3240 τοῦς
579 3161 621 3246 μῆ
638 3160 839 3247 α’ρνουμίνους
862 3167 916 3246 τῆν
938 3162 1032 3246 αῦτῆν
1053 3169 1108 3230 τοῦ
1125 3167 1232 3249 κυρίου
1254 3158 1340 3244 ῆμῦν
1354 3159 1449 3242 Ἰησοῦ

292 3271 473 3351 παρουσίαν,
502 3267 554 3330 καί
579 3265 692 3340 πάντας
709 3263 851 3342 σώζοντος
872 3265 942 3342 τοῦς
964 3263 1040 3332 κατά
1057 3264 1112 3350 τῆν
1127 3262 1277 3348 άληθινῆν
1294 3263 1387 3330 αῦτοῦ
1401 3267 1450 3328 πί-

291 3390 356 3434 στιν
370 3372 527 3450 βιοῦντας,
549 3370 599 3432 καί
616 3366 656 3450 μῆ
670 3363 875 3453 α’ρνουμίνους
889 3366 945 3452 τῆν
960 3367 1107 3450 αἰλῆθειαν
1125 3375 1179 3433 τοῦ
1193 3365 1382 3452 κηρύγματος
1396 3372 1451 3447 τῆς

293 3470 437 3553 άληθινῆς
452 3467 638 3556 εῦαγγελικῆς
653 3467 746 3535 αῦιοῦ
770 3474 965 3548 διδασκαλίας.
1003 3464 1097 3536 Ἦλθε
1116 3468 1189 3556 γάρ,
1220 3463 1312 3553 ῆλθεν
1327 3465 1346 3534 ό
1362 3493 1451 3550 μονο-

292 3572 391 3661 γενῆς·
413 3574 464 3638 καὶ
480 3571 576 3647 οῦτας
594 3575 651 3655 ἐχει
668 3569 690 3654 ῆ
708 3572 803 3657 μῆτηρ
822 3570 909 3656 ῆμοῦν
926 3576 1080 3656 ἐκκλησία,
1109 3570 1230 3656 δλιμῆν
1247 3570 1265 3638 δ
1280 3568 1382 3646 εῦδιος
1397 3576 1452 3652 τῆς

293 3673 427 3760 είρῆνης,
458 3671 639 3759 ῆεῦφρασία
656 3671 822 3757 ῆπνίουσα
843 3674 899 3758 τῆν
916 3675 1050 3761 ὓκῦπριν
1076 3682 1130 3757 τῆς
1153 3671 1302 3757 άμπέλου,
1330 3674 1382 3738 καί
1398 3670 1453 3755 βό-

152 3813 206 3860 m.
217 3799 276 3848 lm.
294 3803 367 3864 τρυν
384 3779 518 3862 φέρουσα
533 3773 605 3859 ἡμῖν
626 3783 679 3860 τῆς
693 3775 841 3862 εὐλογίας,
871 3781 922 3843 καί
939 3776 972 3844 τό
987 3782 1146 3843 λυσίπονον
1167 3774 1240 3859 ἡμῖν
1257 3773 1364 3857 οπόμα
1378 3771 1453 3840 καθ’

293 3879 420 3962 δκάστην
440 3876 554 3964 ῆμέραν
576 3876 649 3962 αίμα
673 3886 805 3965 Χριστοῦ
825 3883 1013 3966 χαριζομένη,
1035 3877 1181 3963 άκρατον,
1203 3877 1323 3961 α’ληθές.

326 4051 351 4106 3.
370 4051 428 4120 μίαν
445 4056 523 4105 omia.
540 4057 566 4106 ιἰι
583 4056 634 4106 cod.
653 4056 748 4118 λλιάίς.
918 4049 941 4105 4.
959 4054 1093 4109 κέκτισθαι
1116 4056 1183 4106 codd„
1202 4068 1255 4105 ιιιετ.
1280 4056 1302 4102 τί
1319 4051 1355 4101 ιιλ
1373 4055 1452 4115 princ.

527 4129 529 4134 '
885 4123 1028 4189 κεκτῆσθαι
1043 4125 1111 4174 habat
1127 4136 1210 4185 ιιιοεςο
1226 4123 1280 4172 edit
1297 4121 1380 4171 Ριίαυ-
