3096 5070
439 297 574 349 eauuuu
591 298 652 351 ιιι.
670 299 712 350 m.
729 298 809 351 rou.
828 299 847 348 1.
865 297 962 349 anea.
980 297 1100 348 nxxrr.
1275 283 1338 348 att

189 427 325 481 ereatura
349 416 521 503 opificioque
546 418 753 503 praestantior.
799 416 868 481 Non
893 427 1045 502 propterea
1063 417 1138 500 qnod
1159 416 1340 501 productiaa

190 539 225 583 aa
239 520 373 583 omuibus
389 519 555 596 antecellit,
580 542 639 583 non
658 521 759 582 eadem
780 519 835 582 ista
855 519 974 582 molitu-r
991 540 1025 581 ac
1043 529 1190 602 procreat.
1236 516 1342 602 Neque

190 621 268 685 euim
289 643 362 706 quae
378 622 456 686 illius
473 633 517 686 est
536 622 669 699 bouitas,
694 622 802 685 inuidia
820 620 967 705 tangitur,
1001 621 1232 704 quondoquidem
1250 621 1340 704 ipsam

186 723 220 788 in
237 744 270 788 se
287 724 447 788 bonitatem
468 724 690 810 complectitur,
726 745 801 808 quae
825 744 874 786 rea
897 744 953 785 ιιιιιι
972 722 1080 784 ceteris
1103 733 1233 808 praestat
1248 721 1342 786 omni·

188 824 256 891 bus.
301 824 407 911 Neque
430 824 697 912 perturbationibus
714 825 860 887 obnoxius
877 835 941 900 est,
975 823 1056 887 velut
1077 824 1223 902 inuidiae,
1255 823 1341 887 livori

190 939 250 992 ata.
296 924 395 1010 Quare
412 947 612 1011 qaaecumque
630 929 745 990 demum
763 927 913 1005 existunt,
939 946 955 989 ι
974 926 1063 989 nihilo
1085 927 1219 1010 perfecit.
1262 923 1341 987 Nam

192 1048 266 1111 qnae
288 1029 324 1091 ab
349 1029 412 1113 ipso
437 1029 554 1091 condita
579 1040 664 1109 sunt,
703 1049 834 1113 quaeque
858 1028 1077 1113 incomparabili
1100 1027 1166 1091 eius
1191 1027 1343 1091 divinitate

193 1127 280 1212 longe
295 1128 435 1192 inferiora
454 1140 540 1209 sunt,
574 1153 632 1194 non
652 1133 794 1195 aduersus
817 1131 908 1214 ipsum
935 1129 1100 1215 excogitata
1125 1130 1260 1208 luerunt,
1290 1130 1341 1193 sed

192 1227 315 1293 adeius
337 1230 477 1294 bonorem
501 1254 537 1295 ac
552 1233 694 1314 gloriam,
723 1244 758 1296 ιιι
780 1234 962 1316 magnificam
988 1243 1018 1295 ιι
1038 1231 1165 1295 ἰιιιὶιιίιι
1190 1241 1341 1316 expertem

192 1329 270 1395 illius
294 1331 473 1396 diuinitatem
501 1333 643 1397 indicent.
698 1330 784 1416 Quae
812 1336 926 1418 quidem
954 1336 1077 1420 ipsamet
1104 1343 1150 1395 est
1173 1333 1288 1397 bonitas
1313 1345 1342 1396 et

192 1434 374 1511 substantia,
408 1455 481 1518 quae
496 1457 561 1497 eum
578 1436 615 1498 iis
632 1435 719 1498 rebus
742 1457 814 1519 quas
831 1457 848 1499 e
865 1437 956 1500 nihilo
972 1436 1086 1500 crearit
1108 1455 1162 1498 sua
1183 1435 1342 1499 eommuni-

194 1547 260 1614 ιιι,
286 1537 460 1620 easdemque
477 1549 507 1600 et
524 1557 591 1600 esse
607 1536 670 1599 vult
686 1548 717 1599 et
732 1558 964 1622 unamquamque
981 1560 1033 1625 pro
1051 1547 1171 1601 naturae
1187 1558 1258 1601 suae
1274 1559 1343 1602 cou-

193 1637 303 1701 ditione
323 1659 441 1701 suorum
459 1638 666 1702 beneficiorum
685 1657 753 1701 esse
768 1640 946 1724 participem.
991 1638 1076 1704 Unde
1094 1648 1124 1702 et
1139 1639 1284 1703 sideribus
1302 1640 1344 1704 lu·

192 1760 255 1804 cem
273 1740 437 1825 impertitus
454 1753 517 1819 est,
542 1753 572 1803 et
586 1741 669 1804 coelo
684 1740 889 1824 descriptionis
905 1742 1072 1825 ordinisque
1089 1740 1341 1825 pulchritudinem,

193 1852 224 1907 et
241 1857 356 1921 terrae,
387 1844 574 1928 ceterisque,
605 1865 657 1928 pro
675 1864 711 1907 eo
728 1864 764 1905 ac
781 1843 872 1906 voluit
890 1854 1000 1926 partem
1018 1843 1142 1926 aliquam
1167 1844 1283 1908 uirtutis
1299 1855 1343 1907 at·

192 1945 313 2021 tribuit,
345 1955 374 2007 et
390 1946 503 2028 angelis
519 1966 553 2009 ιι
569 1946 689 2030 reliquis
707 1945 816 2009 sanctis
839 1945 984 2008 urentibus
1008 1945 1253 2010 immortalitatem
1273 1968 1344 2010 con-

193 2049 303 2125 cessit,
327 2058 357 2111 ιι
379 2046 524 2111 bominem
549 2048 674 2132 denique
689 2047 825 2130 imaginis
841 2047 999 2130 dignitate,
1032 2047 1109 2124 vita,
1138 2048 1277 2127 seientia,
1307 2070 1343 2113 ac

192 2148 317 2214 rationis
341 2149 459 2235 proprio
485 2171 606 2213 munere
632 2149 777 2214 donavit,
810 2146 897 2232 Quod
923 2151 1036 2233 quidem
1062 2148 1154 2234 ipsum
1181 2173 1238 2214 arou
1265 2150 1343 2216 illius

192 2253 224 2317 in
244 2254 308 2317 sola
327 2253 477 2316 voluntate
494 2252 617 2334 positum
638 2254 705 2329 luit,
730 2252 812 2337 quasi
829 2253 1009 2328 cunctando,
1039 2261 1070 2313 ιι
1084 2248 1113 2313 in
1131 2253 1255 2316 loturum
1273 2255 1344 2317 deli·

193 2353 340 2433 bernado,
371 2366 402 2418 ut
417 2355 456 2418 ita
476 2356 590 2432 dicam,
623 2356 697 2438 apud
714 2377 747 2418 se
765 2365 921 2433 tractaret,
953 2354 1004 2416 sed
1028 2373 1079 2437 pro
1096 2353 1236 2437 ipsamet,
1268 2376 1343 2439 quae

192 2452 223 2517 ia
238 2455 289 2518 illo
303 2466 365 2532 est,
389 2456 519 2521 bonitate
536 2457 677 2543 perlecit3
700 2458 784 2521 cuius
802 2457 857 2520 boc
874 2455 1020 2540 proprium
1038 2465 1100 2533 est,
1133 2465 1165 2518 ut
1180 2476 1343 2539 congruen-

193 2564 240 2619 ter
257 2556 312 2618 sibi
332 2557 497 2638 contineat,
529 2560 634 2623 efficiat
649 2581 684 2623 ao
701 2560 819 2623 molitur
834 2559 943 2623 omnia.
990 2555 1239 2640 Quemadmodum
1255 2556 1343 2640 igitur

193 2657 269 2741 quod
288 2658 395 2720 dictum
416 2672 478 2737 est,
505 2661 573 2724 nibil
594 2661 742 2745 indignum
760 2673 810 2724 aut
827 2661 966 2724 indecens
984 2659 1106 2722 bonitati
1121 2661 1188 2724 eius
1203 2661 1340 2745 aspersit,

192 2760 244 2823 aed
260 2759 381 2843 gloriam
398 2781 434 2822 ac
451 2783 514 2823 cum
533 2763 749 2847 praedicatione
764 2764 947 2827 coniunctam
963 2761 1105 2846 largitatis
1123 2782 1195 2824 suae
1210 2761 1343 2824 notitiam

192 2861 323 2946 peperit,
348 2862 395 2924 ubi
415 2864 449 2925 ad
470 2884 571 2926 eornm
588 2886 660 2947 quos
677 2865 805 2929 condidit
824 2867 1019 2946 cognitionem
1040 2885 1217 2948 sensumque
1238 2884 1342 2949 perve-

191 2962 252 3043 nit,
284 2963 324 3026 ita
340 2975 370 3026 et
385 2986 496 3028 summa
520 2965 550 3027 in
566 2986 601 3029 eo
617 2966 778 3028 diuinitatis
796 2968 888 3051 gloria
907 2979 971 3045 est,
1005 2989 1062 3030 uon
1087 2968 1135 3030 illa
1155 2967 1268 3051 quidem
1287 2987 1341 3030 ex-

191 3065 338 3129 trinsecus
360 3067 471 3130 adscita
494 3071 564 3146 (uec
583 3067 660 3131 e'nim
687 3067 815 3131 diuinum
843 3090 949 3131 numen
966 3053 1167 3133 accessionem
1187 3071 1273 3132 ullam
1295 3090 1341 3133 re·

191 3167 296 3251 quirit,
329 3169 433 3254 quippe
457 3191 521 3233 cnm
546 3171 668 3254 ipsamet
693 3170 787 3253 gloria
808 3170 866 3247 sit,
904 3171 996 3233 virtus
1020 3171 1099 3255 ipsa,
1134 3171 1340 3236 admirabilitas

191 3266 272 3353 ipsa,
303 3268 366 3354 ipsa
393 3270 601 3356 praedicatio),
636 3273 690 3335 boc
715 3273 877 3355 inquamiu
895 3272 971 3336 illius
994 3271 1116 3355 gloriam
1141 3274 1234 3351 cedit,
1265 3276 1341 3358 quod

191 3380 276 3453 pater
293 3368 356 3454 ipse
370 3384 494 3455 generet
511 3395 528 3436 a
545 3375 624 3439 nullo
639 3375 773 3458 genitus,
799 3385 829 3436 ut
843 3395 882 3437 ex
899 3375 1019 3458 pereuni
1040 3378 1118 3438 tonte
1135 3376 1273 3459 perennis
1291 3397 1342 3440 ae-

192 3490 248 3552 que
267 3470 333 3533 lons
349 3485 482 3553 emanet,
507 3497 572 3540 cum
588 3479 651 3562 ipso
668 3488 698 3540 ιι
716 3499 754 3539 ex
771 3476 856 3561 ipso,
879 3496 896 3540 e
915 3478 1013 3554 lontc,
1037 3477 1171 3560 inquam,
1197 3479 1263 3540 loris
1277 3479 1342 3542 eai-

191 3580 290 3649 atena‚
321 3573 540 3656 deusexdeo,
572 3579 669 3642 lumen
686 3580 721 3642 de
743 3578 870 3656 lumine,
902 3578 950 3662 qui
967 3578 1031 3642 sine
1048 3579 1107 3642 ullo
1125 3577 1208 3650 initio
1225 3599 1342 3665 semper

192 3670 267 3749 luit,
298 3693 356 3736 non
372 3675 521 3740 subiectus
538 3681 679 3762 tempori,
713 3681 786 3744 adeo
803 3693 833 3744 ιιι
852 3692 882 3744 ιι
896 3691 1008 3765 patrem
1026 3681 1100 3744 lilius
1117 3679 1147 3744 in
1165 3703 1197 3744 se
1214 3702 1285 3746 vere
1302 3684 1341 3747 sit

190 3773 382 3858 complexus,
407 3787 437 3837 et
453 3788 536 3860 pater
556 3781 657 3858 lilium,
679 3784 725 3865 qui
743 3804 798 3846 nec
815 3784 864 3847 illo
880 3783 1016 3866 indignus
1033 3793 1097 3860 est,
1122 3804 1176 3847 nec
1192 3785 1339 3870 incompa-

192 3875 276 3940 rabili
298 3875 361 3938 eius
385 3878 580 3942 excellentiae
597 3882 749 3965 quicquam
766 3884 902 3948 detrabit.
949 3882 1099 3969 Siquidem
1117 3907 1174 3949 non
1197 3908 1340 3973 corporea

193 3980 334 4064 quaedam
355 3978 505 4042 distractio
520 3980 614 4044 locum
633 3982 690 4046 illic
711 3983 813 4063 babet,
846 3988 897 4049 sed
915 3988 1035 4051 uerbum
1054 3988 1234 4068 subsistens,
1269 3992 1340 4055 deus

193 4091 307 4167 epatre
333 4081 512 4164 procedens,
544 4081 664 4167 spiritus
686 4085 839 4169 aspicite,
872 4087 944 4149 deus
965 4090 1093 4168 exden,
1129 4112 1231 4155 omnes
1250 4093 1339 4178 syllo-

192 4181 353 4267 gismorum
369 4184 498 4266 argutias
513 4184 691 4264 excludens,
715 4206 749 4248 ac
765 4187 896 4249 fidelibus
914 4187 1003 4251 vitam
1019 4190 1198 4273 concilians,
1222 4195 1339 4259 univer·

194 4283 293 4370 aisque
315 4306 388 4369 quos
405 4296 488 4370 pater
504 4306 556 4372 per
575 4287 667 4372 ipsum
684 4298 714 4352 et
731 4288 767 4351 ab
784 4287 848 4374 ipso
869 4289 1023 4373 produxit,
1055 4293 1110 4357 fida
1125 4296 1277 4374 nimirum,
1310 4308 1340 4362 et

194 4387 361 4472 cognitione
378 4386 531 4468 praeditis,
556 4388 603 4473 qui
619 4389 666 4453 dei
684 4391 742 4455 rim
757 4413 793 4457 ac
809 4389 997 4474 sapientiam,
1029 4414 1104 4475 quae
1120 4396 1339 4481 inquisitionem

192 4525 263 4588 culpo
278 4523 362 4574 babent
379 4519 467 4575 ἐλθών.
818 4524 841 4581 7.
860 4522 979 4581 imminua
1001 4527 1068 4580 codd.
1085 4541 1141 4582 maa.
1156 4535 1178 4582 at
1194 4534 1250 4585 ιιιιι.
1263 4537 1340 4598 petae
