3096 5070
430 327 567 379 romanu
586 327 649 379 ιιι.
663 329 706 378 ιιι.
722 328 806 382 rom.
823 329 855 378 ιι.
873 327 971 379 nana.
986 327 1108 379 nxxrx.
1289 316 1351 379 455

192 458 256 525 rat,
290 469 376 512 nemo
402 458 433 512 ut
459 457 668 512 sacrosanctae
694 447 818 531 uirginis
845 446 1057 512 vehementiori
1080 448 1204 531 qondam
1226 445 1352 511 admira·

193 550 272 614 done
289 561 438 635 permotus
455 570 523 613 sesa
538 549 574 612 ad
592 549 671 612 illius
689 548 820 613 haeresis
838 570 932 633 nugas
950 569 984 613 ac
1002 549 1104 612 deliria
1122 559 1323 612 conuerteret.

278 650 333 716 Est
350 653 428 715 enirn
452 663 512 716 tota
536 653 592 717 ista
611 651 740 715 narratio
757 671 829 716 sanc
849 672 933 735 quam
951 649 1090 729 ridicula,
1124 662 1155 715 ct
1170 650 1350 716 anicularum
1380 653 1442 723 cup.
1454 653 1486 707 V·

192 754 396 818 lucubratione
411 755 510 838 digna.
558 752 676 818 Etenim
693 775 818 841 quanam
839 754 868 816 in
886 753 1049 838 scripturae
1065 758 1147 838 parte
1162 753 1352 818 continebunt

139 849 143 857 ¹
192 855 269 940 Quis
288 856 492 941 prophetarum
512 878 658 940 unquam,
683 856 730 919 rel
749 855 895 919 bominem
914 854 1048 933 adorari,
1074 855 1179 919 nedum
1199 855 1350 919 mulierem

192 958 347 1044 permisit?
390 954 575 1042 Quamquam
598 959 675 1023 caim
704 957 846 1022 selectum
870 958 1013 1042 quoddam
1032 978 1085 1021 aas
1104 967 1190 1041 atque
1209 955 1350 1022 eximium

191 1061 248 1137 sit,
275 1059 461 1123 nibilominus
480 1061 585 1124 mulier
604 1072 668 1140 est,
691 1060 881 1144 eiusdemque
903 1081 967 1124 cum
986 1060 1093 1123 ceteris
1111 1072 1250 1137 naturae,
1282 1058 1352 1122 licet

190 1161 287 1225 animo
305 1171 392 1244 atquc
408 1184 497 1234 seusu
515 1162 701 1248 amplissimis
715 1161 875 1226 bonoribus
890 1163 994 1226 allecta
1013 1162 1070 1239 sit,
1095 1162 1215 1247 perinde
1231 1182 1266 1224 ac
1281 1162 1351 1225 reli-

192 1285 314 1348 quorum
340 1275 507 1329 sanctorum
532 1287 675 1348 corpora,
708 1276 759 1328 aut
779 1264 887 1348 siquid
914 1265 948 1328 ad
972 1265 1094 1348 gloriam
1111 1286 1146 1328 ac
1163 1262 1350 1349 splendorem

191 1365 334 1430 illustrius
352 1368 489 1430 attulero.
536 1365 786 1450 Quemadmodum
812 1365 911 1444 Elias,
944 1367 992 1450 qui
1017 1366 1054 1430 ab
1072 1377 1137 1429 ortu
1155 1387 1209 1429 suo
1227 1363 1484 1448 virgini-anos

193 1479 280 1532 tatem
298 1479 439 1555 perpetuo
456 1470 605 1550 servavit,
631 1481 659 1533 et
678 1469 707 1533 iu
724 1470 837 1533 caelum
856 1480 978 1533 evectus
995 1479 1052 1532 est.
1098 1466 1137 1535 Ut
1156 1465 1284 1532 loannes
1299 1489 1350 1552 pa·

192 1582 274 1649 stoa,
303 1576 355 1653 qm'
368 1577 397 1634 ia
409 1585 509 1654 pectam
523 1573 790 1645 domairirecubm't,
825 1594 905 1653 quem
924 1573 1062 1652 deligebat
1081 1576 1172 1634 Iesus.
1220 1567 1260 1635 Ut
1281 1590 1349 1633 san-
1375 1574 1455 1676 110·Ιὸ

191 1673 321 1737 ctissime
346 1674 394 1738 illa
411 1673 543 1751 Tbecla,
577 1673 624 1737 cui
650 1685 747 1736 tamen
771 1673 859 1757 longe
885 1684 931 1736 est
957 1674 1160 1757 anteponenda
1185 1670 1285 1736 Maria
1310 1671 1347 1735 ob
1365 1686 1389 1725 u
1428 1658 1482 1736 ,ἡ

191 1776 321 1839 coeleste
343 1775 412 1840 illud
435 1778 607 1862 mysterium
631 1776 706 1860 quod
732 1775 762 1838 ia
786 1775 849 1838 eius
868 1785 952 1838 utero
972 1778 1133 1860 perlectum
1153 1785 1210 1839 est.
1257 1772 1349 1858 atqui

192 1899 246 1942 nec
270 1876 351 1941 Elias
376 1878 541 1943 adorandus
558 1889 622 1956 est,
648 1876 764 1942 tametsi
781 1876 875 1940 adbuc
892 1888 1043 1961 superstes
1060 1877 1116 1956 sit,
1148 1897 1242 1960 aeque
1262 1875 1349 1940 loan-

191 2001 262 2057 nes,
293 1979 362 2043 licat
379 1979 515 2064 precibus
534 1991 655 2043 mortem
673 2001 757 2043 snam
774 1978 975 2043 admirabilem
993 2000 1028 2043 ac
1045 1978 1224 2062 singularem
1242 1979 1349 2043 adece-

191 2083 246 2162 rit,
278 2083 326 2146 vel
345 2083 371 2145 id
389 2082 485 2168 potius
505 2081 604 2145 divino
621 2082 660 2144 sit
677 2081 819 2145 benelicio
837 2093 1025 2145 consecutus.
1071 2079 1130 2146 Sed
1148 2102 1203 2144 acc
1220 2079 1347 2159 Thecla,

190 2196 241 2249 aot
256 2184 331 2249 alius
347 2184 490 2271 quispiam
506 2205 523 2248 c
539 2183 651 2255 sacratis
667 2184 817 2248 adoratur.
864 2183 934 2249 Noa
950 2184 1027 2247 enim
1046 2194 1132 2246 vetus
1147 2183 1231 2246 nobis
1245 2203 1348 2269 snper·

189 2287 271 2352 stitia
289 2287 504 2366 dominabitur,
536 2298 568 2350 ut
584 2287 653 2349 vivo
668 2287 723 2349 deo
739 2286 898 2364 derelicto,
923 2307 997 2370 quae
1014 2285 1051 2349 ab
1068 2306 1105 2349 eo
1123 2285 1264 2349 fabricata
1280 2295 1350 2349 sunt
1361 2296 1500 2356 tte-„att

190 2391 314 2456 adorare
333 2390 469 2454 velimus.
516 2393 699 2463 Seruieruat,
723 2389 827 2473 inquit,
851 2401 880 2450 et
899 2393 1107 2450 ueaerota'suat
1122 2399 1283 2449 ereaturam
1294 2410 1349 2469 po·

189 2498 247 2555 tias
261 2514 343 2575 quam
362 2505 534 2566 creatorem,
571 2504 601 2553 et
612 2494 692 2573 potui
709 2494 816 2553 redditi
830 2503 907 2553 suat.
954 2489 1032 2555 Nam
1051 2490 1076 2553 si
1094 2509 1131 2553 ne
1146 2489 1269 2573 angelos
1285 2488 1348 2573 qni·

189 2595 254 2658 dem
272 2594 389 2659 adorari
408 2593 568 2679 permittit,
600 2604 709 2678 quanto
731 2592 827 2656 minus
850 2593 876 2656 id
897 2593 1004 2656 Annae
1025 2593 1101 2655 filiae
1121 2590 1207 2654 tribui
1224 2611 1348 2654 coraces-

189 2695 274 2773 serit‚
290 2717 376 2780 quam
394 2696 436 2760 illi
450 2717 467 2760 e
483 2694 613 2762 loacimo
629 2695 675 2757 dei
691 2694 807 2758 bouitas
821 2694 961 2759 indulsit?
983 2716 1066 2779 quam
1082 2693 1229 2780 precibus,
1255 2692 1349 2757 omui·

190 2818 247 2880 quc
263 2797 352 2860 animi
371 2797 467 2861 studio
488 2821 521 2861 ac
540 2797 748 2873 contentione,
773 2818 879 2883 parens
901 2808 1025 2881 uterque
1046 2796 1226 2882 promeruit?
1248 2794 1288 2857 ita
1306 2805 1349 2858 ta·

191 2919 256 2961 meu
279 2910 311 2963 ut
332 2920 390 2963 non
416 2898 500 2963 uliam
518 2921 604 2984 quam
622 2900 713 2963 ceteri
732 2901 871 2963 mortales
887 2900 1025 2963 nascendi
1045 2897 1242 2962 conditionem
1258 2896 1348 2962 baba·

190 3000 265 3077 crit,
297 3003 348 3065 sed
374 3013 404 3065 nt
423 3001 463 3065 illi
486 3023 503 3065 e
527 3003 602 3066 virili
628 3013 694 3064 satu
718 3023 753 3065 ac
777 3001 879 3065 matris
902 3013 986 3064 utero
1005 3002 1155 3086 prodierit.
1203 2997 1347 3082 Quamvis

190 3113 286 3168 autem
305 3123 343 3167 ex
359 3101 475 3168 Mariae
492 3104 612 3168 historia
630 3127 665 3168 ac
684 3105 842 3169 traditione
863 3104 931 3167 illud
949 3103 1108 3180 habeatur,
1134 3100 1262 3166 loacimo
1281 3103 1347 3167 eius

190 3206 263 3292 patri
284 3205 421 3270 divinitus
447 3210 502 3271 boc
519 3206 548 3270 iu
565 3208 683 3270 deserto
702 3206 865 3271 uuaatiatum
884 3207 991 3269 inisset
1026 3204 1112 3270 Uxor
1127 3214 1175 3268 tua
1194 3204 1345 3291 concepit!

190 3329 248 3372 aon
273 3308 313 3370 ita
338 3317 434 3370 tamea
453 3310 650 3392 accipiendum
675 3319 721 3372 est
745 3309 828 3393 quasi
846 3309 901 3372 boc
919 3311 992 3372 citra
1015 3307 1170 3393 nuptialem
1192 3307 1347 3372 coausocia-

190 3411 298 3474 tiooem
322 3431 358 3473 ac
378 3409 493 3472 virilem
511 3422 605 3474 satum
624 3410 775 3474 acciderit.
822 3409 933 3475 Verum
950 3413 1025 3496 quod
1048 3413 1174 3474 loturum
1195 3422 1260 3473 erat
1278 3409 1347 3472 mis

190 3532 241 3575 sus
259 3533 274 3574 a
293 3511 349 3574 deo
375 3512 549 3595 significavit
572 3514 711 3596 angelus,
744 3533 781 3575 nc
805 3534 860 3597 qua
884 3513 1025 3577 dubitatio
1046 3515 1122 3577 louet
1142 3524 1261 3599 propter
1276 3511 1347 3575 illud

189 3615 265 3697 quod
290 3634 396 3677 revera
417 3614 447 3676 io
470 3613 563 3676 lucem
582 3613 708 3691 editum,
741 3625 770 3676 et
788 3635 805 3677 a
823 3616 877 3678 deo
894 3617 1102 3695 constitutum,
1135 3637 1169 3678 aa
1186 3615 1264 3678 iusto
1280 3612 1346 3678 viro

189 3727 287 3781 natum
312 3718 418 3779 iuerat.
602 3733 607 3763 ι

186 3860 192 3871 ·
275 3814 354 3901 Quin
371 3817 464 3881 cidem
481 3816 524 3881 rei
540 3837 643 3880 sacras
661 3816 763 3879 literas
778 3817 946 3903 adstipulari
963 3820 1107 3885 videmos.
1143 3818 1221 3884 Nam
1237 3817 1344 3886 Esaias
1369 3821 1481 3892 capvt.

189 3921 224 3985 de
241 3921 300 3985 lilio
318 3921 364 3984 dei
382 3921 426 3984 sic
441 3920 637 3983 vaticinatur:
669 3923 745 3980 Ecce
761 3923 842 4000 m'rgo
857 3927 886 3983 ia
904 3934 984 3983 utero
1000 3927 1140 4002 concopulat
1153 3934 1181 3983 et
1193 3927 1290 4004 puroet
1297 3924 1342 4004 fi·
1354 3940 1417 3990 aen.
1430 3942 1452 3999 a,
1463 3942 1497 3992 ιι,

188 4027 257 4087 lium
276 4036 305 4086 et
324 4026 462 4086 uocabant
483 4044 582 4085 nomen
600 4026 661 4083 elas
678 4025 853 4084 Emmanuel.
901 4021 940 4085 Et
957 4024 1092 4106 quoaniam
1110 4024 1245 4107 genitura
1260 4024 1345 4109 virgo

188 4125 357 4204 dicebatur,
391 4136 422 4189 et
437 4135 521 4189 utero
538 4124 668 4187 molieris
683 4125 844 4208 gestandus
859 4125 907 4189 illc
925 4124 1008 4189 cuius
1030 4147 1136 4189 nomen
1153 4127 1227 4190 idem
1245 4139 1343 4208 socrat,

189 4247 224 4289 ac
240 4230 393 4290 Nobiscum
418 4231 503 4303 deus,
536 4248 573 4289 uc
592 4248 648 4311 qua
666 4227 696 4289 in
718 4226 875 4312 prophetae
893 4228 990 4292 animo
1007 4229 1042 4291 de
1061 4229 1102 4292 rei
1120 4228 1246 4292 ueritate
1262 4228 1344 4294 dubi-

189 4327 261 4392 tatio
276 4331 438 4403 resideret,
471 4328 599 4392 oblatum
616 4327 672 4393 sibi
691 4329 785 4394 visum
802 4330 961 4415 instigante
978 4331 1081 4416 spiritu
1100 4343 1203 4397 sancto
1221 4333 1344 4418 propbe-

221 4564 245 4618 2.
264 4563 302 4621 dat
316 4573 416 4621 mcxii
435 4571 554 4624 sauctae.
588 4570 654 4621 Libri
675 4571 747 4635 oslac
763 4565 813 4624 dati.
