3096 5070
260 281 322 345 412
684 290 807 343 ολαοτι
824 290 995 342 manaan

261 418 321 476 τῶν
335 417 462 495 νεκρῶν,
485 412 585 494 ἕτερος
602 409 634 473 δέ
650 410 745 494 μέρος.
792 409 876 472 ’Καί
896 404 1089 488 άπαξαπλῶς,
1113 405 1138 472 ῶ
1153 416 1206 491 τῆς
1223 407 1310 491 ήμῶν
1330 418 1419 475 τεθο-

260 514 391 595 λωμένης
417 518 533 595 γενεᾶς,
562 504 600 594 ής
618 509 637 593 ή
655 510 713 593 ζωή
730 513 761 576 ἒν
777 507 907 598 κινδύνῳ
928 508 1085 588 διάκειται,
1117 514 1150 577 ίκ
1166 512 1352 593 πανταχόθεν
1368 536 1423 577 πε-

261 609 470 701 ριοίντλουμὲνη
486 622 593 688 κακαῖς
615 608 676 677 όπδ
692 611 834 694 διαβόλου
849 615 1024 696 ἐπισποραῖς
1036 612 1244 695 διανοημάτων
1261 639 1291 678 τε
1306 615 1357 678 καί
1372 621 1422 680 λο-

259 723 371 804 γισμῶν
393 719 594 789 κακοπιστίας.
641 720 714 789 Πῶς
740 721 890 797 ίτολμῶσι
914 713 969 798 τήν
993 713 1138 798 άγραντον
1164 717 1333 800 παρθένον,
1365 719 1421 781 καί

259 819 313 902 τήν
329 817 499 903 οἰκητήριον
512 821 745 894 καταξιωθείσαν
760 820 896 903 γενέσθαι
913 825 967 883 τοῦ
978 804 1050 882 υίοῦΙ
1066 825 1178 897 4θεοῦ,
1199 818 1255 901 τήν
1271 821 1312 894 εἰς
1327 817 1421 885 ταύτό

260 929 346 988 τοῦτο
366 924 551 1004 ἒκλεχθεῖσαν
574 921 607 985 ἰκ
625 926 684 983 τῶν
707 918 863 1004 μυριάδων
883 926 961 985 οτοῦ
983 917 1112 1005 Ἰσραήλ,
1147 919 1229 997 ὅπως
1247 929 1352 998 σκεῦος
1368 924 1423 987 κοιλ

260 1023 431 1108 οἰκητήριον
452 1023 640 1105 θήξιωμίνον
662 1023 704 1097 εἰς
725 1032 847 1103 σημεῖον
869 1022 961 1106 μόνον
983 1019 1101 1112 άπάρξη
1124 1030 1264 1101 τοκετῶνς

125 1138 190 1203 Κεφ.
209 1139 239 1204 ς’.
341 1124 477 1190 Ἤκουσα
494 1124 549 1211 γάρ
567 1123 649 1209 παρά
666 1150 745 1199 τινος
762 1123 803 1200 ῶς
822 1149 897 1200 τινες
912 1132 1038 1207 τολμῶσι
1056 1129 1124 1209 περί
1140 1126 1248 1207 ταύτης
1262 1127 1356 1211 λέγειν
1374 1125 1424 1192 ότι

263 1227 334 1310 μετά
360 1227 393 1294 τό
411 1228 611 1314 γεγεννηκέναι
636 1225 688 1291 τόν
709 1234 828 1310 σωτῆρα
851 1227 994 1309 συνήφθη
1018 1227 1114 1312 ἀνδρί.
1159 1230 1219 1292 Καὶ
1241 1228 1278 1293 οὗ
1298 1228 1420 1311 θαυμά·

260 1337 307 1410 ξω.
345 1331 410 1395 Ἀεὶ
426 1329 482 1415 γάρ
501 1327 641 1414 ήάγνοια
656 1336 715 1393 τῶν
731 1328 771 1411 μή
788 1326 823 1393 τά
841 1329 952 1413 ἀκριβῆ
972 1328 1144 1414 ἐγνωκότων
1160 1336 1219 1394 τῶν
1239 1335 1332 1396 θείων
1348 1359 1420 1417 γρα-

261 1440 341 1515 φῶν,
362 1434 436 1515 μηδὲ
453 1436 595 1516 ἱστορίαις
612 1432 875 1517 προςεγγισάντων,
898 1430 952 1512 ἀφ’
970 1434 1076 1517 ἑτέρων
1093 1434 1135 1507 εἰς
1150 1434 1232 1517 ἕτερα
1249 1435 1347 1516 τρέπει
1367 1438 1422 1500 καί

260 1542 390 1624 περισπᾷ
418 1533 493 1600 1τόν
517 1532 569 1598 ἀπ’
594 1537 671 1599 ἰδίου
686 1532 757 1610 νοός
776 1533 957 1617 βουλόμενόν
978 1562 1006 1598 τι
1023 1538 1090 1620 περί
1107 1541 1160 1616 τῆς
1182 1535 1324 1618 ἀληθείας
1341 1539 1421 1620 ἰχνη-

259 1646 363 1703 λστεῖν.
409 1644 535 1720 Πρῶτον
557 1636 611 1721 γάρ
635 1635 682 1701 ὅτε
699 1635 719 1719 ή
735 1639 888 1722 παρθένος
910 1641 1086 1722 παρεδίδοτο
1110 1644 1150 1724 τῷ
1164 1635 1292 1720 Ἰωσήφ,
1323 1639 1418 1723 ’κλή-

261 1768 323 1824 ρων
341 1742 383 1816 εἰς
397 1747 484 1805 τοῦτο
503 1739 737 1824 ἀναγκασάντων
748 1737 841 1823 αάτήν
856 1739 948 1821 ήκειν,
971 1739 1008 1805 οὐ
1024 1737 1180 1824 παρεδόθη
1195 1738 1276 1828 αὐτῷ
1291 1744 1333 1817 εἰς
1348 1764 1419 1807 συν-

261 1841 387 1924 άφειαν,
418 1844 445 1906 εί
461 1846 508 1906 δεῖ
523 1839 558 1906 τά
576 1841 677 1924 ἀληθῆ
693 1844 801 1927 λέγειν,
824 1840 925 1924 ἐπειδή
942 1850 1031 1925 χηρος
1048 1834 1093 1924 ήν.
1136 1839 1220 1906 Ἀλλά
1236 1840 1287 1908 διά
1301 1842 1353 1909 τόν
1367 1843 1418 1910 νό-

263 1971 320 2028 μον
336 1946 390 2027 μὲν
412 1943 487 2028 ἀνήρ
514 1946 649 2026 κέκληται
674 1952 727 2027 τῆς
748 1941 853 2026 αὐτῆς·
886 1943 962 2009 κατά
985 1946 1016 2009 δὲ
1038 1943 1094 2027 τήν
1111 1944 1298 2009 ἀκολουθίαν
1313 1948 1346 2012 έκ
1366 1953 1419 2029 τῆς

110 2073 178 2119 τις.
192 2063 252 2110 lm.
265 2054 325 2113 τῶν
335 2048 490 2112 Ἰουδαίων
506 2045 698 2132 παραδόσεως
714 2050 864 2111 δείκνυται
879 2042 919 2122 ῶς
937 2044 990 2129 οόχ
1006 2049 1103 2112 ἕνεκεν
1121 2054 1176 2112 τοῦ
1190 2054 1349 2131 ζευχθῆναι
1363 2048 1417 2113 αό-

260 2157 302 2238 τηλ
317 2153 495 2233 παρεδίδοτο
515 2147 595 2236 αότρῖ
615 2146 635 2232 ή
650 2150 815 2231 παρθένος,
839 2146 897 2212 ἀλλ’
913 2148 997 2225 ὅπως
1015 2153 1233 2233 διαφυλαχθείη
1251 2153 1292 2226 εἰς
1305 2151 1414 2233 μαρτό-

260 2277 325 2335 ριον
340 2259 399 2316 τῶν
417 2253 579 2334 ίσομὲνων,
610 2254 656 2316 ὅτι
672 2252 709 2315 οὐ
727 2249 822 2326 νόθος
836 2248 857 2333 ή
872 2257 926 2332 τῆς
945 2250 1091 2336 ἐνσάρκου
1114 2257 1278 2334 παρουσίας
1298 2254 1411 2316 οἰκονο-

261 2359 313 2437 μία
329 2353 527 2436 έπεδήμησεν,
549 2353 622 2418 ἀλλά
639 2355 880 2437 μεμαρτυρημένη
901 2356 932 2418 έν
948 2351 1090 2442 ἀληθείη,
1114 2353 1198 2431 ἐκτός
1212 2355 1264 2438 μίν
1281 2354 1408 2436 σπέρμα-

259 2483 311 2533 τος
328 2455 437 2542 ἀνδρός
460 2459 491 2520 ἐν
512 2455 657 2539 πνεύματι
678 2452 752 2543 άγίφ
779 2458 1012 2538 οἰκονομηθεῖσα
1038 2459 1070 2521 ἰν
1088 2456 1218 2544 ἀληθείη.
1263 2462 1336 2531 Πῶς
1352 2452 1409 2539 γάρ

259 2558 392 2643 ήδόνατο
415 2557 586 2634 ότοσοῦτος
604 2561 696 2648 γέρων
717 2559 871 2641 παρθένον
892 2561 966 2636 ἕξειν
986 2568 1129 2644 γυναῖκα,
1158 2555 1199 2624 ῶν
1214 2556 1276 2625 ἀπό
1292 2556 1412 2641 πρῶτης

259 2660 402 2748 γυναικός
417 2669 509 2745 χήρας
529 2668 657 2726 τοσαῦτα
674 2663 739 2742 ἔτης
788 2670 801 2706 ³
815 2653 912 2736 Οὗτος
929 2661 981 2742 μίν
997 2659 1052 2746 γάρ
1071 2658 1213 2744 δ’ίωσήφ
1229 2659 1357 2740 ἀδελφός
1372 2664 1415 2744 γί-

259 2789 340 2830 νεται
360 2770 414 2829 τοῦ
431 2770 560 2842 Κλωπᾶ,
590 2755 629 2845 ήν
649 2763 681 2827 δί
701 2761 767 2838 υίός
785 2770 839 2827 τοῦ
855 2758 981 2845 Ἰακῶβ,
1013 2765 1134 2846 ἐπίκλην
1155 2764 1188 2828 δὲ
1211 2761 1342 2847 Πάνθηρ
1366 2788 1420 2827 κα-

259 2869 412 2949 λουμένου.
452 2864 630 2950 Ἀμφότεροι
656 2857 739 2930 οὗτοι
761 2863 822 2929 ἀπό
848 2873 902 2930 τοῦ
922 2864 1089 2951 Πάνθηρος
1105 2868 1226 2947 ἐπίκλην
1250 2871 1419 2951 γεννῶνται
1484 2877 1487 2883 ’

251 2967 338 3052 Ἔσχε
353 2969 385 3034 δέ
400 2961 487 3044 οὗτος
503 2965 520 3034 ό
534 2965 644 3049 ’ίωσήφ
660 2965 714 3049 τήν
729 2968 782 3049 μὲν
799 2965 918 3051 πρῶτην
941 2967 1035 3033 αὐτοῦ
1050 2977 1176 3053 γυναῖκα
1199 2970 1233 3033 ἐκ
1249 2974 1302 3049 τῆς
1325 2973 1424 3047 φυλῆς

258 3067 373 3149 Ἷράδα,
396 3073 447 3136 καὶ
463 3075 576 3135 κυίσκει
593 3069 674 3157 αὐτῷ
690 3067 764 3151 αὕτη
780 3074 891 3146 παῖδας
908 3068 960 3135 τόν
980 3066 1114 3154 ἀριθμόν
1130 3074 1179 3150 δξ,
1207 3071 1351 3154 τέσσαρας
1367 3069 1422 3151 μέν

260 3172 399 3259 ἀρρενας,
429 3178 551 3256 θηλείας
575 3172 607 3236 δέ
628 3170 701 3248 δύο,
731 3170 869 3256 καθάπερ
888 3170 920 3236 τό
943 3170 1110 3257 εόαγγέλιον
1131 3170 1164 3236 τό
1191 3170 1265 3237 κατά
1287 3169 1422 3257 Μάρκον

294 3382 318 3433 ’2.
344 3383 635 3445 θὶιίίιιφυοπδυοιρτοουλ
659 3383 729 3430 aubia
751 3379 826 3445 μέρος
859 3377 910 3433 τόν.
938 3382 1065 3430 Cama-ias
1078 3381 1197 3430 transtulit
1210 3395 1260 3446 qna
1275 3396 1319 3429 τοι
1333 3387 1360 3428 et
1373 3378 1423 3429 ha-

260 3449 305 3504 καλ
319 3447 483 3512 άπαξαπλῶς.
511 3442 554 3498 Ὦ
568 3450 616 3512 τῆς
630 3449 681 3499 κτλ
718 3451 828 3498 Camurii
860 3447 995 3496 bitaculum
1012 3447 1113 3514 dignam
1131 3457 1205 3507 esset,
1223 3447 1248 3496 in
1264 3447 1360 3513 signum
1376 3463 1422 3497 ιο-

260 3523 335 3570 versia
351 3521 423 3569 verba
439 3516 523 3582 ἔτερος
538 3514 567 3569 δὲ
584 3515 659 3582 μέρος
674 3519 757 3567 amaa.
860 3515 910 3564 lum
933 3513 1038 3582 partas?
1083 3519 1227 3577 θοαίφττεπι
1246 3509 1377 3575 τοκάδων,
1402 3520 1424 3564 τί

294 3586 318 3638 3.
348 3588 480 3636 (ιόίαίιιτιιι
512 3588 572 3647 Ορρ.
600 3587 665 3634 Criu.
691 3599 746 3646 μορ.
767 3582 825 3633 813.
858 3590 977 3645 verterem,
996 3592 1023 3632 at
1040 3600 1083 3632 vas
1096 3593 1121 3633 et
1135 3582 1300 3633 habitaculum
1315 3582 1425 3633 electum

260 3657 350 3718 ιυρφίτλ
374 3652 543 3720 ἐπέρχεσθαι,
572 3655 608 3702 vel
632 3654 707 3701 τιοιλλι
730 3654 826 3701 verbam
859 3650 913 3702 sala
928 3651 1029 3717 insignis
1044 3660 1109 3700 esset
1123 3650 1188 3700 inter
1201 3649 1359 3717 genetrices?
1377 3655 1424 3702 Ρι-

260 3725 377 3786 ίιιῇιιιίυπ
392 3728 416 3770 iu
430 3723 494 3783 ηυοδ
510 3722 570 3769 ι’λλαδ
584 3719 697 3784 τολμῶσι
712 3726 822 3769 transeat.
858 3724 937 3770 ισυίειτ
953 3723 1062 3783 οοφλίουίλ
1079 3718 1118 3778 εἰς
1133 3719 1199 3772 θεῖον
1225 3719 1299 3787 μόνω
1320 3714 1423 3786 δπάρξη

261 3793 311 3854 Εφο
324 3793 404 3873 patius
417 3795 533 3839 παίονται
548 3788 661 3853 τολμῶσι
673 3791 699 3837 ίπ
715 3790 825 3840 κοινοῡσι
857 3786 968 3842 τοκετόν.

261 3862 297 3909 υιί
314 3860 432 3924 ατιμῶοι
894 3856 952 3905 (λιν.
975 3857 1079 3906 V11.-
1116 3850 1425 3909 1.τδνάτι’ίδίουοστ-

294 3924 318 3977 4.
338 3926 409 3986 θεοῦ,
427 3927 489 3988 quad
502 3926 686 3975 desideratura·
699 3926 772 3985 λίθοιο,
789 3938 825 3974 τε·
858 3929 966 3976 rexerant
990 3926 1118 3974 Carnarius
1139 3926 1174 3986 (ιίε
1196 3927 1300 3974 veniant
1323 3923 1424 3989 Latina)

259 3997 384 4057 petendam
407 3999 457 4044 παι
481 4008 511 4042 εκ
531 3994 644 4042 vacabulo
670 3991 740 4057 υἱοῦ,
763 3995 826 4055 quaa
859 3998 879 4042 τί
898 3994 1024 4053 Petamus,
1042 3998 1064 4042 ελ
1079 3996 1114 4041 ita
1129 3994 1186 4042 πίοι·
1202 3995 1274 4055 leam
1291 4005 1343 4040 τυοι
1358 3994 1426 4041 mas

262 4065 416 4125 οθιοτριεεοί.
859 4066 986 4110 correctam
1010 4064 1081 4110 etiam
1104 4064 1130 4110 τ’τι
1153 4062 1205 4111 aad.
1224 4062 1321 4122 ίίλεδίη.
1358 4061 1428 4109 Libri

296 4132 319 4181 ι’).
332 4131 377 4182 τοῦ
388 4131 534 4180 desideratur
546 4132 572 4178 ιἰι
585 4130 639 4179 edit.
649 4132 730 4180 Ριιαυ.
743 4131 824 4178 Calan.
859 4131 930 4190 υυίρο
947 4130 1031 4178 habeat
1049 4125 1092 4181 τὸν
1110 4123 1235 4181 ἀοπιδίου.

261 4205 330 4262 repet.
891 4196 916 4244 2.
936 4198 1022 4245 Contra
1046 4200 1211 4247 casaubonum
1236 4197 1355 4261 (Εσιτοίλλ.
1374 4198 1426 4246 Εε-

295 4265 319 4318 6.
345 4262 484 4332 η’ξιωμίνον
502 4268 551 4315 aad.
571 4268 668 4329 ίίίιιδίφ.
708 4259 823 4330 η’ξιιόμε-
857 4266 910 4313 τίοι.
929 4278 949 4312 ο.
966 4267 1053 4314 Βοτοτι.
1070 4267 1089 4326 ί,
1104 4264 1154 4329 13.)
1170 4270 1191 4315 τί
1205 4267 1310 4314 Gratiam
1326 4264 1425 4329 (λοιιολ.

261 4352 300 4387 νον
324 4337 375 4384 cad.
393 4337 437 4385 len.
461 4339 481 4383 τί
495 4336 550 4383 edit.
565 4337 640 4394 princ.
683 4326 825 4397 η’ξιοίμενος
856 4334 883 4380 ia
904 4332 985 4379 Μολίλ.
1006 4334 1033 4394 ί,
1054 4331 1092 4384 16.
1120 4338 1140 4382 ιλ
1162 4334 1217 4381 Laa
1238 4330 1270 4394 3,
1287 4330 1358 4396 23),
1383 4336 1426 4394 ηυι·

218 4421 221 4425 ·
262 4405 298 4453 ιδ.
316 4406 397 4453 Ραου.
418 4404 550 4451 ῦοεολειατ
565 4405 580 4449 ί.
598 4404 613 4450 λ.
635 4405 768 4462 suspicatus
791 4405 824 4448 τοι
857 4401 915 4448 λιστα
939 4402 1011 4447 verba
1036 4404 1070 4450 ita
1097 4405 1235 4462 acceperant
1260 4415 1289 4449 aa
1314 4403 1335 4449 ιι·
1357 4405 1426 4462 υλερο

260 4465 391 4535 η’ξιωμένη
408 4470 457 4520 τῶν
474 4469 573 4534 σεμνῶν
591 4466 674 4532 μόνον,
692 4471 727 4517 υτί
746 4462 823 4528 ἀξιῶ·
856 4469 1005 4516 sanctissima
1028 4471 1070 4517 ίιοσ
1087 4471 1139 4518 idea
1156 4471 1269 4518 διὀενείυτ
1288 4472 1344 4530 qaia
1367 4475 1426 4519 ιειελ

261 4555 333 4596 τατον
357 4537 393 4598 εἰς
409 4536 516 4604 σημείου
537 4533 613 4604 μόνον
630 4531 729 4604 ὑπάρξῃ
748 4551 822 4588 τοκε-
856 4531 1005 4602 ἐπίκληρος,
1021 4542 1135 4588 amenus
1151 4553 1206 4587 cam
1223 4536 1275 4588 iura
1292 4535 1425 4589 heredita-
