3096 5070
362 265 500 319 raanan
517 266 580 318 rue.
592 267 637 317 ιιι.
652 266 736 318 rou.
750 266 769 316 ι.
787 265 885 317 uana
900 265 1020 317 nxxnr.
1204 251 1267 317 117

115 389 249 454 inductus
272 395 395 451 aeterno
421 386 476 450 deo
494 386 615 470 eiusque
639 384 743 471 spiritu
760 395 864 449 sanctu
881 384 1015 469 neglecto
1033 384 1066 447 ad
1085 396 1150 448 tuas
1166 396 1266 470 partes

116 490 240 556 transire
254 487 351 567 malit,
376 509 411 551 ae
428 488 464 551 de
481 488 581 572 genito
599 490 654 551 dec
670 489 863 573 disputantem
882 487 995 565 audiat,¹
1019 497 1050 549 ut
1066 498 1095 550 et
1111 488 1174 572 ipse
1191 487 1268 550 iuter

115 594 220 661 stultos
235 600 421 668 numeretur,
444 603 474 652 et
490 603 649 653 rreuturcm
668 594 728 651 loco
745 594 883 652 creatoris
897 593 1020 651 adorare
1032 592 1192 662 condiscat,
1216 594 1268 670 qui
1278 610 1344 657 lton.
1359 609 1419 666 ιιι.

114 708 157 760 cat
171 697 331 758 benedictus
345 697 374 754 in
393 696 524 768 saecula,
555 698 670 754 Amen?
712 691 778 756 Nos
800 691 876 754 enim
895 702 1024 754 creatum
1049 713 1107 755 uun
1128 690 1267 754 habemus

114 799 199 863 deum
215 807 268 860 aut
285 796 411 872 tactum,
434 796 485 857 sed
502 795 674 872 increatum,
699 803 730 857 et
745 815 762 857 a
779 793 858 857 nullo
875 793 1040 872 conditum,
1064 803 1179 878 epatre
1197 814 1269 855 vero

114 900 179 965 siue
200 897 285 961 initio
309 896 368 960 ullo
394 917 427 959 ac
452 907 583 981 tempore
604 897 745 980 genitum.
792 891 938 978 Quicquid
961 896 990 959 in
1014 897 1067 959 liae
1086 895 1177 978 geniti
1198 916 1270 958 vnce

116 1000 279 1073 calumniae
297 999 444 1062 struxeris
458 1009 489 1061 et
505 998 640 1082 ambigue
655 998 817 1083 usurparis,
842 1018 906 1061 eam
923 997 975 1061 abs
993 1009 1021 1062 te
1036 998 1191 1060 dictionem
1211 1018 1269 1060 uun

118 1102 286 1180 admittam,
317 1101 432 1164 mmetm
459 1121 496 1163 ue
521 1100 561 1164 ita
585 1099 699 1184 quidem
724 1099 852 1184 accipias
875 1110 908 1163 ut
929 1112 1011 1185 putre
1032 1099 1155 1163 inferior
1177 1100 1271 1162 laetus

121 1203 331 1269 condicatur:
362 1205 461 1283 Neque
476 1207 548 1264 enom
568 1227 584 1264 c
602 1207 691 1283 aptiori
707 1206 848 1282 colligunt
868 1223 954 1276 acas,
985 1225 1074 1284 neque
1096 1224 1134 1263 ec
1157 1203 1271 1263 tribulas
1305 1208 1391 1306 {loppi-

113 1307 210 1388 fiam,
242 1325 337 1388 aeque
362 1303 398 1366 ab
423 1324 459 1367 eo
484 1304 533 1387 qui
558 1324 688 1368 errorem
713 1316 833 1368 secutus
858 1316 904 1367 est
928 1326 1030 1369 sanum
1061 1325 1095 1367 ac
1124 1303 1271 1367 sincerum
1324 1293 1331 1318 '
1370 1296 1376 1310 ’

122 1407 225 1491 dogma
241 1405 384 1492 proficisci
402 1415 510 1491 potest.
556 1403 657 1490 Quare
681 1407 814 1471 domiuus
837 1407 899 1490 ipse
917 1407 1065 1470 silentium
1082 1405 1272 1469 daemonibus

120 1508 243 1588 indixit,
275 1513 332 1586 (tat
346 1529 377 1568 se
395 1511 536 1570 Christum
553 1531 613 1569 ease
626 1510 801 1589 fatebuntur.
849 1507 935 1591 Quod
952 1521 1049 1573 autem
1067 1507 1103 1572 ad
1120 1528 1270 1571 sacrarum
1283 1525 1411 1582 unctu.

120 1610 270 1674 literarum
284 1609 457 1673 senteutiam
474 1622 610 1674 exactum
626 1631 694 1674 esse
710 1610 837 1673 libellum
851 1610 931 1674 illum
943 1610 1066 1690 asseris,
1090 1610 1149 1690 dic,
1169 1609 1274 1673 amabo

122 1723 168 1792 te,
200 1733 341 1797 quaenam
361 1710 478 1776 divinae
498 1713 662 1797 scripturae
683 1734 752 1798 pars
769 1714 875 1776 laetum
894 1713 979 1776 deum
1005 1712 1183 1776 adorandum
1208 1731 1276 1774 esse

121 1815 266 1881 docuerit.
313 1810 399 1896 Quod
415 1813 492 1876 euim
506 1814 653 1900 ingenitus
666 1816 704 1878 sit
720 1815 804 1891 deus,
828 1814 940 1878 dubitat
954 1835 1051 1878 nemo.
1097 1813 1144 1876 Ac
1159 1813 1274 1877 tametsi

122 1915 291 1981 nominatim
314 1915 383 1979 illud
405 1917 436 1980 iu
455 1915 609 2001 scripturis
630 1937 804 2002 expressum
823 1938 881 1979 nou
901 1917 1005 1994 luerit,
1037 1914 1225 1979 nihilomiuus
1244 1926 1277 1978 ut

124 2017 231 2082 dedeo
248 2028 419 2082 constanter
440 2019 480 2080 ita
504 2019 665 2102 cogitemus
690 2040 725 2083 ac
743 2020 946 2105 profiteamur,
978 2040 1043 2082 cum
1066 2028 1149 2082 recta
1171 2019 1276 2101 piaque

126 2118 217 2199 ratio,
240 2130 298 2183 tum
316 2120 468 2204 prudentia
484 2119 545 2205 ipsa
561 2122 728 2206 persuadet.
776 2122 867 2185 Addis
886 2142 976 2200 vero,
1009 2142 1066 2204 quo
1085 2119 1212 2184 athletae
1234 2119 1276 2182 illi

127 2221 185 2302 tui,
215 2221 262 2286 vel
285 2221 397 2285 erroris
423 2222 520 2306 potius
543 2222 635 2302 socii,
675 2222 790 2286 facilius
815 2222 996 2306 intelligant,
1035 2222 1277 2306 quemadmodum

118 2322 208 2403 lecti
223 2334 309 2409 etque
325 2324 463 2408 expedita
480 2325 614 2388 oratione
629 2324 785 2409 unicuique
800 2324 958 2389 obientinui
975 2324 1185 2408 respondeant,
1208 2345 1278 2387 ver·

88 2410 209 2513 §quarm
229 2446 311 2489 more
327 2436 355 2488 te
371 2424 484 2510 singula
501 2427 596 2513 capitu
613 2425 784 2510 digessisse.
830 2425 1028 2512 Quamobrem
1046 2425 1117 2488 haee
1131 2425 1195 2510 ipsa
1216 2436 1276 2505 tua,

102 2525 287 2612 ‚etquidem
306 2526 476 2607 exisu‘mas,
509 2529 692 2607 firmissima,
723 2531 774 2593 sad
800 2530 957 2615 sophistica
982 2538 1171 2613 argumenta,
1203 2546 1278 2611 quae

124 2630 161 2696 ad
185 2621 377 2693 confutandos
402 2632 632 2714 praestantiores
654 2651 785 2715 quosque
809 2632 983 2709 elaborasti,
1015 2641 1047 2693 ut
1070 2651 1103 2692 os
1126 2638 1205 2692 tuum
1229 2649 1279 2692 su-

125 2731 215 2818 perlte
234 2741 337 2794 contra
353 2732 507 2796 veritatem
524 2733 703 2813 extolleres,
728 2732 800 2797 haee
816 2754 887 2812 nos,
912 2733 1041 2817 inquam,
1067 2731 1140 2796 viles
1156 2742 1187 2795 et
1205 2731 1279 2793 idic-

126 2844 190 2913 tae,
223 2853 319 2918 neque
336 2850 384 2919 μ
409 2834 611 2919 primariorum
637 2834 753 2899 illorum
772 2856 911 2913 numero,
941 2836 992 2899 sed
1017 2834 1164 2919 plerisque
1181 2834 1229 2918 qui
1249 2833 1280 2896 iu

126 2946 229 3001 sancta
242 2935 290 2998 dei
306 2935 433 3000 ecclesia
450 2948 608 3001 censentur
622 2935 797 3017 interiores,
820 2939 966 3015 refutare,
998 2937 1039 3000 uti
1057 2936 1203 3015 diximus,
1228 2957 1281 3019 ag·

125 3037 292 3122 gradimur,
324 3059 359 3102 ac
374 3048 452 3103 tuam
475 3039 553 3102 illam
571 3039 747 3104 inconditam
772 3039 1056 3124 abiectissimamque
1073 3038 1280 3124 loquacitatem

127 3140 277 3206 refellere.

213 3239 270 3307 lll.
287 3239 347 3308 Sed
359 3243 501 3308 adversus
518 3254 596 3308 tuum
609 3243 677 3308 illud
690 3244 870 3328 prooemium
883 3243 1023 3307 hactenus
1037 3243 1212 3329 disputatum
1222 3251 1279 3305 cst.

129 3341 228 3408 Venio
251 3364 327 3409 nune
352 3346 388 3408 ad
410 3345 479 3409 illud
502 3357 618 3410 tuorum
644 3345 768 3430 capitum
792 3345 981 3431 principium,
1015 3347 1091 3430 quod
1110 3345 1157 3408 ubi
1178 3366 1282 3430 propn-

132 3466 239 3526 suerc,
267 3449 411 3512 adversus
427 3470 660 3533 unamquamque
676 3469 778 3513 vocem
796 3459 826 3511 et
841 3458 927 3532 caput
943 3469 1025 3511 suam
1043 3447 1248 3511 refutationem
1265 3465 1283 3507 e

133 3547 225 3613 saeris
239 3549 331 3615 literis
344 3571 378 3613 ae
393 3560 475 3614 recta
491 3551 605 3614 ratione
621 3551 831 3636 depromptam,
851 3551 906 3614 hoc
922 3561 968 3613 est
981 3550 1140 3634 logicarum
1154 3547 1282 3610 omnium

131 3660 245 3717 murum
268 3653 469 3737 quaestionum
494 3652 714 3716 dissolutionem
738 3674 897 3738 opponam:
930 3663 960 3716 ut
978 3674 1042 3715 cum
1063 3652 1110 3715 dei
1127 3649 1225 3728 servi,
1248 3647 1284 3710 ii·

131 3753 401 3840 demque.vcriores
427 3753 570 3831 athletae,
602 3773 642 3816 ex
667 3754 702 3818 iis
719 3756 829 3819 uostris
846 3775 931 3840 quam
947 3754 1074 3818 absurda
1091 3752 1130 3816 sit
1151 3750 1284 3814 doctrina

129 3867 181 3922 tua
196 3857 367 3934 didicerint,
388 3854 546 3933 irrideant,
570 3865 599 3917 et
617 3856 687 3919 illud
703 3868 860 3942 usurpent:
886 3859 1024 3938 Superum
1041 3859 1135 3917 cordis
1156 3858 1201 3914 tari
1214 3856 1284 3914 doec
1296 3865 1350 3912 nat.
1363 3867 1397 3924 aa,
1412 3866 1436 3910 n

131 3961 185 4022 te'lri
194 3962 282 4040 fecit:
314 3971 345 4020 tu
366 3963 437 4020 enim
453 3960 555 4018 deiecti
569 3960 637 4018 dccc
652 3962 682 4019 in
704 3964 875 4038 ccgs'tnta‘one
891 3971 955 4033 tuo,
986 3961 1146 4020 Ascendnm
1170 3962 1199 4018 r‘n
1224 3978 1286 4017 coe·
1335 3929 1385 3974 ’ῃ

132 4065 206 4138 lum,
239 4073 269 4124 et
291 4082 378 4142 supro
395 4062 494 4121 stelles
511 4063 586 4122 coeli
601 4081 705 4142 ponam
726 4063 855 4122 thronum
879 4082 987 4122 meum:
1020 4061 1119 4121 sedebo
1146 4064 1175 4121 in
1194 4072 1287 4122 ancnte

167 4229 207 4284 tt.
224 4233 275 4296 σῆς
290 4233 326 4282 cd
341 4231 512 4284 Petuncolon
522 4237 593 4293 repet.
607 4236 696 4286 odiam.
764 4229 802 4283 16.
819 4229 863 4283 τοῦ
878 4231 961 4280 olttum
983 4236 1016 4280 cst
1031 4230 1085 4280 cdtt.
1110 4232 1190 4280 Petne.
1208 4231 1287 4281 Coton.

168 4300 205 4351 ta.
225 4295 347 4368 εὐσεβῶς,
364 4299 427 4361 quod
439 4300 510 4360 culpo
523 4302 587 4350 abeat
600 4304 632 4350 no
646 4304 695 4352 rdt-
728 4305 798 4363 repat

133 4374 172 4434 tta,
187 4371 322 4431 reuocate:
336 4373 431 4429 auoque
445 4367 513 4416 codd.
529 4381 584 4418 mss.
618 4373 695 4434 lano
765 4367 803 4419 17.
822 4368 978 4434 βραχυιήτος
1001 4367 1067 4416 codd
1083 4379 1137 4416 mar.
1159 4367 1291 4427 elaqueat

132 4442 176 4517 epit
192 4438 301 4488 camarti
320 4437 397 4487 umato
413 4433 446 4484 de
459 4432 510 4485 den
526 4433 567 4501 pie
584 4433 634 4487 hcc
649 4454 696 4488 co-
728 4438 784 4488 rdtt.
799 4439 873 4499 princ.
910 4431 1067 4502 βραχύτητος
1080 4435 1117 4484 ed.
1132 4435 1212 4484 Petne

133 4517 221 4573 guare.

1018 4584 1086 4655 15*
