3096 5070
252 297 293 364 ²8
678 314 802 367 ιιοοτι
819 316 989 368 nmmum

251 431 408 510 σχίσματα,
438 430 512 513 μηδλ
539 431 704 516 διαιρέσεις.
752 423 845 497 Οότοι
871 432 903 497 δέ
933 431 975 515 μῆ
992 431 1151 518 νοῆσαντες
1177 432 1230 501 τόν
1250 441 1325 501 νοεῖν
1348 443 1410 503 τὸν

252 524 427 597 ἀποστόλων
453 534 504 598 καί
531 539 585 598 τοῦ
613 532 704 617 λόγου
730 541 785 600 τοῦ
807 536 1026 619 ἐμφερομένου,
1055 544 1109 602 τοῦ
1137 540 1171 603 δν
1200 536 1408 626 τῆΔιατάξεε,

253 631 393 715 ἐνόμισαν
414 633 456 718 μῆ
477 660 538 701 που
561 633 619 720 ἀρα
640 633 713 718 μεεά
732 642 794 702 τοῖν
812 633 965 702 Ἰουδαίων
986 638 1041 723 χρῆ
1063 637 1095 705 τό
1120 637 1227 721 Πάσχα
1255 641 1407 707 ἐπιτελεῖν·

252 733 315 818 ἀμα
343 736 375 802 δλ
404 739 455 803 καὶ
483 739 692 803 πεντεκαεδέκα
721 740 881 804 ίπίσιιοποι
909 739 1063 825 γεγόνασιν
1091 745 1124 810 ἐκ
1154 749 1329 828 περιτομῆς,
1357 743 1410 807 καλ

251 838 339 921 ἐχρῆν
365 837 432 905 τότε
458 845 519 905 τῶν
546 837 719 906 ἐπισκόπων
740 842 774 906 ἐκ
795 849 956 924 περιτομῆς
976 840 1073 909 ὄντων
1095 847 1128 910 ἐν
1145 838 1337 931 Ἰερουσαλῆμ
1357 870 1409 908 κα·

250 941 459 1007 τασταθέντων
477 938 531 1007 τόν
552 940 650 1006 πάντα
664 940 777 1024 κόσμον
799 941 917 1018 τούτοις
937 945 1133 1025 συνέπεσθαι,
1154 949 1205 1012 καλ
1228 943 1288 1029 μετ’
1309 944 1410 1010 αύτοῖν

251 1043 405 1122 ἐπιτελεῖν,
434 1046 484 1108 ἵνα
506 1047 559 1125 μία
579 1069 624 1119 τις
648 1045 768 1129 γίνηται
795 1049 971 1127 συμφωνία,
1002 1048 1053 1111 καλ
1084 1052 1137 1130 μία
1163 1045 1323 1133 όμαλογία,
1355 1050 1409 1129 μία

245 1142 338 1230 ,δορτῆ
355 1147 570 1228 ἐπιτελουμένη.
616 1144 673 1212 Διό
692 1148 811 1211 ἐκείνων
831 1143 852 1228 ῆ
875 1148 1021 1228 ἐπιμέλεια
1042 1146 1094 1214 τόν
1116 1157 1188 1215 νοῦν
1208 1156 1267 1216 τοῖν
1288 1145 1409 1231 ἀνθρύ·

250 1271 318 1312 παν
338 1245 510 1333 συνάγουσα
530 1250 572 1324 είς
592 1249 698 1314 ένωσιν
719 1255 773 1330 τῆς
794 1250 961 1330 ἐκκλησίας,
985 1248 1027 1332 μῆ
1045 1253 1210 1333 δυνηθεῖσα
1232 1249 1282 1316 τόν
1302 1256 1407 1316 τοσοῦ·

250 1373 302 1415 τον
320 1347 429 1433 χρόνον
446 1351 682 1433 ἐπιτελεσθῆναι,
706 1349 859 1432 εὖδοκῆσεε
881 1358 958 1415 θεοῦ
980 1352 1029 1417 ἐπί
1046 1356 1274 1418 Πανσταντίνου
1297 1354 1410 1438 ἐγένετο

129 1461 239 1520 lus-⁸⁸⁸·
253 1447 394 1533 όμονοίας
418 1453 510 1516 ἕνεκα.
556 1449 648 1537 Παρά
674 1460 738 1527 τοῖς
758 1451 936 1528 ἀποστόλοις
957 1453 989 1519 δέ
1010 1451 1044 1519 τό
1066 1453 1156 1537 βητόν
1180 1452 1244 1519 οδι’
1265 1451 1411 1536 όμόνοιαν

254 1554 421 1637 ἐμφέρεται,
436 1551 478 1629 σός
491 1556 725 1637 ἐπιμαρτυροῦσι
744 1556 875 1639 λέγοντες
890 1552 947 1633 ότι,
971 1550 1041 1620 Κάν
1052 1580 1083 1620 τε
1099 1561 1286 1637 πλανηθεῖσα
1312 1557 1411 1638 ομηδέ

251 1650 324 1737 ύμῖν
345 1657 460 1738 μελέτω.
501 1653 551 1734 Ἐξ
572 1653 673 1721 αύτιῖν
695 1656 727 1722 δέ
749 1663 809 1722 τοῖν
830 1659 922 1722 ἐκεῖσε
943 1657 1104 1740 εἰρημένων
1129 1660 1227 1740 βητοῖν
1247 1654 1268 1740 ῆ
1289 1655 1409 1724 ἀντίθε-

158 1810 159 1813 .
252 1777 299 1833 σις
328 1753 504 1840 όφθῆσεται.
551 1756 709 1823 Φάσκουσι
737 1757 794 1843 γάρ
823 1756 877 1840 τῆν
904 1755 1072 1843 ἀγρυιτυίαν
1099 1760 1199 1839 φέρειν
1228 1760 1411 1842 μεσαζόντοιν

251 1865 312 1925 τοῖν
331 1856 471 1943 Ἀζύμων.
520 1857 566 1925 Ού
588 1860 711 1926 δύναται
732 1861 765 1926 δέ
787 1867 875 1926 τοῦτο
896 1861 1024 1928 πάντοτε
1044 1861 1184 1945 γενέσθαι
1206 1863 1238 1927 ἐν
1258 1868 1294 1952 τῆ
1312 1860 1411 1951 ψῆφγι

251 1968 288 2051 τῆ
310 1964 543 2052 λκιιλησιαστικῆ.

219 2279 237 2336 ’.
334 2272 388 2336 Ἐκ
403 2250 495 2375 τρεέε
517 2269 573 2356 γάρ
595 2273 771 2352 συνέστηκεν
793 2267 884 2336 ότοῦ
907 2269 1013 2353 Πάσχα
1034 2270 1213 2354 σύνδεσμος,
1245 2273 1279 2336 έκ
1301 2295 1334 2335 τε
1356 2276 1411 2335 τού

251 2369 376 2455 ῆλιακοῦ
391 2368 507 2456 δρόρυ
521 2371 572 2438 διά
590 2371 645 2455 τῆν
660 2372 808 2457 κυριακῆν
823 2373 873 2436 καί
889 2371 941 2437 τόν
958 2380 1047 2454 μῆνα,
1070 2375 1103 2438 ἔκ
1119 2398 1150 2438 τε
1167 2379 1221 2438 τοῦ
1235 2378 1411 2454 σεληνιακοῦ

252 2476 383 2560 δρόμου,
412 2474 463 2540 διά
486 2474 519 2541 τό
542 2474 618 2541 κατά
638 2473 691 2540 τόν
705 2472 813 2556 νόμον,
842 2472 926 2548 ὅπως
947 2476 980 2539 έν
994 2481 1030 2563 τῆ
1049 2473 1344 2564 τεσσαρεςκαιδεκύτη
1359 2481 1413 2556 τῆς

252 2577 374 2661 σελήνης
387 2585 469 2666 τνθῆ
489 2575 545 2643 ιτό
562 2574 680 2658 Πάσχα,
703 2573 744 2650 εός
761 2572 840 2640 είπεν
853 2572 871 2640 ό
886 2573 986 2658 νόμος.
1018 2574 1094 2642 Ούτε
1109 2569 1165 2641 ούν
1178 2577 1302 2641 δύναται
1317 2573 1412 2658 ἀχθῆ-

251 2706 310 2758 υαε,
327 2678 379 2745 ἐόν
392 2678 434 2762 μῆ
444 2676 562 2767 ύπερβῇ
580 2681 723 2759 ίσημερία,
736 2676 812 2762 Ιὅπερ
828 2677 910 2762 παρά
925 2687 988 2754 τοῖς
999 2675 1154 2755 Ἰουδαίοις
1169 2675 1207 2744 ού
1220 2675 1411 2758 φυλάσσεται,

252 2782 325 2848 ούδέ
338 2781 449 2866 ἀκριβῆ
463 2783 586 2846 θέλουσι
598 2778 738 2861 τοιαύτην
753 2781 892 2845 ἐπιτελεῖν
904 2784 1117 2865 πραγματείαν·
1141 2782 1257 2846 διέπεσε
1269 2777 1325 2865 γάρ
1342 2776 1411 2864 παρ’

251 2883 371 2962 αύτοῖς,
400 2885 452 2947 καὶ
475 2881 624 2964 ῆπύτηται
647 2880 683 2946 τά
711 2878 815 2946 πάντα.
863 2880 948 2964 Πλῆν
972 2885 999 2947 εἰ
1023 2886 1074 2947 καὶ
1096 2881 1242 2965 τοσαύτης
1268 2881 1412 2964 ζητήσεως

252 2982 378 3068 ύπάρχει
391 2982 412 3067 ἦ
425 2983 546 3066 τοιαύτη
564 2983 716 3067 ἀκρίβεια,
746 2983 783 3048 ού
799 2981 849 3048 διό
864 2981 919 3066 τῆν
935 2982 1056 3066 ζῆτησιν
1067 2984 1178 3068 ταύτην
1194 2985 1246 3049 καὶ
1260 2982 1315 3066 τῆν
1330 2981 1412 3064 ἀκρί·

252 3091 336 3170 βειαν
355 3096 419 3162 τοῖς
437 3085 612 3161 ἀποστόλοις
629 3089 757 3168 εῐρηται,
787 3083 859 3150 ἀλλά
875 3083 913 3150 δι’
928 3083 1088 3167 ἀμύνειαν,
1118 3089 1194 3152 ’καλ
1220 3090 1248 3150 εί
1268 3083 1341 3167 μετά
1354 3091 1412 3149 τοῖν

253 3192 370 3275 ἐχθρῶν
384 3195 437 3254 τοῦ
455 3194 586 3274 Χριστοῦ
602 3180 741 3253 ἐπότελεῖν
756 3190 788 3252 ολ
800 3185 960 3252 ἀπόστολοι
976 3190 1174 3271 προςέταξαν,
1196 3185 1238 3263 οός
1255 3179 1338 3251 οὗτοι
1354 3191 1409 3249 διῖ·

252 3298 447 3375 σχυρίζονται,
462 3289 548 3379 πόσῳ
565 3314 598 3376 γε
613 3296 722 3371 μᾶλλον
738 3287 775 3354 δι’
790 3286 933 3370 όμόνοιαν
945 3288 1017 3370 μετά
1035 3297 1088 3371 τῆς
1104 3292 1257 3369 ἐκκλησίας
1276 3285 1329 3368 χρῆ
1348 3287 1410 3348 έπε-

254 3402 362 3473 τελεῖν,
393 3397 444 3458 ἵνα
467 3391 508 3475 μῆ
529 3391 584 3474 τῆν
599 3388 742 3474 όμόνοιαν
759 3390 930 3474 χαρόξοομεν
948 3397 1001 3472 τῆς
1017 3392 1186 3471 ἐκκλησίας;
1209 3395 1274 3462 παῖς
1289 3377 1344 3450 ούν
1360 3382 1412 3449 δύ-

253 3520 339 3561 ναται
353 3503 500 3560 τελεῖσθαι
516 3501 620 3571 τοῦτο,
664 3495 794 3578 Λέγουσι
811 3491 867 3577 γάρ
886 3494 918 3555 οί
930 3491 1017 3554 αύτολ
1033 3487 1194 3554 ἀπόστολοι
1218 3487 1304 3564 λόει,
1318 3485 1412 3551 Ὅταν

254 3599 363 3664 ἐκεῖνοι
377 3595 560 3680 εύοιχαῖνται,
581 3592 666 3678 ύμεῖς
683 3592 872 3676 νηστεύοντες
886 3589 961 3673 ύπέρ
977 3587 1079 3655 αύτολν
1094 3599 1243 3665 πενθεῖτε,
1266 3588 1312 3654 ὅτι
1327 3591 1359 3654 ἐν
1374 3595 1411 3678 τῆ

252 3696 348 3787 ῆμέργ
365 3708 419 3782 τῆς
440 3701 544 3781 ἑορτῆς
563 3697 616 3763 τόν
637 3693 767 3780 Χριστόν
787 3692 989 3775 ἐσταύρωσαν·
1019 3695 1070 3757 καλ
1085 3691 1157 3757 όταν
1175 3691 1260 3757 αύτολ
1277 3697 1412 3758 πενθῶσι

252 3800 289 3865 τά
312 3800 426 3882 ’Ἅζυμα
453 3803 605 3876 ἐσθίοντες
631 3801 663 3864 ἐν
687 3801 835 3879 πικρίσιν,
865 3791 950 3875 ύμεῖς
974 3792 1140 3878 εὐωχεῖσθε.
1185 3800 1349 3879 Συμβαίνει
1377 3795 1410 3859 δέ

254 3899 364 3978 αύτούς
379 3906 411 3969 ἐν
427 3911 555 3991 κυριακῇ
571 3898 791 3988 ῆμίριγἎζυμα
807 3895 975 3978 λαμβάνειν.
1018 3895 1266 3981 Ἐπιφασκούσης
1285 3895 1340 3983 γάρ
1359 3904 1412 3976 τῆς

254 4013 399 4089 κυριακῆς
415 4007 540 4089 ἑσπέρας
554 4005 696 4068 δύνανται
712 4000 800 4073 θύειν
813 3997 847 4064 τό
863 3999 981 4084 Πάσχα·
996 3999 1068 4082 μετά
1088 3997 1145 4086 γάρ
1162 4003 1289 4085 ἑσπέραν
1305 4006 1409 4082 παρελ-

252 4105 364 4184 θόντος
385 4116 439 4174 τοῦ
458 4105 612 4190 σαββάτου
634 4105 671 4171 ού
694 4103 837 4168 δύνανται
855 4105 942 4189 ἐργον
960 4106 1108 4168 ἐπιτελεῖν.
1145 4095 1223 4186 ’Λρα
1238 4101 1294 4187 γάρ
1312 4099 1411 4164 αὐτοῖν

251 4210 427 4289 θνσάντοιυ,
459 4213 487 4274 εί
501 4213 659 4295 ἐγείρονται
676 4204 890 4289 εύωχούμενοι,
912 4212 977 4279 πῶς
998 4202 1083 4287 ἡμεῖς
1100 4207 1132 4270 ἐν
1147 4210 1276 4291 κυριακῇ
1298 4201 1409 4282 πενθῆ-

286 4351 309 4402 5.
324 4346 357 4404 δι’
373 4346 490 4416 ὁμόνοιαν
505 4365 552 4399 ιιοτι
568 4351 636 4399 habet
652 4349 704 4398 οοδ.
718 4348 816 4408 Βλεδίς.
885 4343 909 4392 2.
927 4341 972 4395 καὶ
996 4340 1018 4394 εἰ
1035 4340 1100 4408 μετὰ
1121 4346 1204 4405 εαίμει·
1227 4344 1257 4390 de
1281 4343 1412 4391 τοτίιοευεα

285 4416 310 4469 θ.
328 4423 364 4468 λιι
381 4421 480 4481 forrum
497 4415 597 4481 μηδὲν)
851 4414 954 4472 Patavii,
974 4425 1021 4460 ιεοιι
1037 4413 1066 4460 δι
1079 4415 1193 4461 librorum
1209 4414 1362 4469 οιιοιοειλαίι,
1386 4413 1412 4458 ιἰι

288 4484 346 4535 cn.
358 4487 406 4535 ΧΙ.
417 4513 448 4523 -
471 4487 489 4534 Ι.
503 4486 538 4546 Gs.
547 4486 565 4534 1.
576 4485 682 4547 δοσλῖρετ
693 4484 722 4532 δε
730 4484 814 4533 Emen-
847 4481 931 4541 ηιιίοιιε
943 4481 1001 4528 illud
1014 4477 1036 4530 ελ
1049 4481 1203 4528 desideratur.
1220 4479 1346 4526 Οοτιιαιιυε
1357 4493 1411 4526 con·

253 4553 304 4604 δαί.
322 4555 429 4617 Τιοιμοτ.
445 4552 535 4615 p.116.
847 4549 916 4596 venit
930 4545 952 4594 εἰ
968 4545 1034 4595 enim
1059 4557 1084 4596 et
1107 4561 1163 4596 cum
1187 4543 1300 4595 hostibus
1320 4542 1412 4594 Christi
