3096 5070
263 90 286 147 -b

252 139 323 339 ..i

188 475 290 548 etqua
314 460 430 526 ratione
455 457 657 523 convincenda
680 456 720 519 sit
737 455 889 541 implorata
915 455 960 518 dei
981 477 1036 540 ope
1061 476 1113 540 pro
1133 453 1210 516 virili
1227 453 1346 515 demon-

188 562 364 642 strabimus,
397 575 431 626 ut
447 562 532 625 buius
549 558 698 636 haeresis,
728 579 802 642 quae
819 557 1003 621 idololatriae
1022 556 1232 641 superstitione
1254 556 1348 641 impii-

188 677 331 744 comest,
363 665 489 729 succisis
513 662 659 728 radicibus
682 671 792 725 tantam
810 681 850 723 ex
868 659 974 724 animis
994 660 1185 743 quorumdam
1204 658 1347 722 insaniam

189 792 225 836 ac
246 769 357 834 rabiem
380 767 478 831 divina
501 785 557 850 ope
580 764 695 827 facilius
717 763 891 826 evellamus.
929 751 931 760 ἱ

275 869 365 953 Agite
381 889 474 951 ergo,
498 867 543 930 dei
564 865 675 943 famuli,
700 866 801 929 viriles
817 864 1016 951 concipiamus
1035 865 1160 943 animos,
1184 877 1217 928 nt
1232 864 1350 927 mulier·
1369 873 1429 941 esp.
1445 874 1476 923 11.

191 975 321 1040 cularum
348 971 470 1034 istarum
494 967 692 1032 disturbemus
717 968 887 1032 amentiam.
940 966 1025 1030 Nihil
1054 968 1130 1031 enim
1156 968 1186 1030 in
1215 977 1276 1030 toto
1300 967 1350 1029 iiio

191 1078 329 1160 dogmate
358 1083 476 1158 praeter
508 1071 678 1135 muliebrem
708 1069 875 1156 opinionem
904 1082 967 1149 est,
1011 1092 1045 1133 ac
1076 1070 1216 1154 deceptae
1247 1090 1351 1133 rursus

192 1177 277 1241 Evae
297 1176 448 1252 morbum,
480 1175 544 1238 sive
567 1173 664 1259 potius
686 1174 833 1258 serpentis
860 1172 1035 1236 incitatricis
1058 1174 1092 1236 ad
1110 1173 1215 1236 malum
1239 1171 1352 1235 bestiae

194 1290 225 1342 et
239 1300 306 1341 cum
331 1278 393 1360 ipsa
418 1277 581 1340 coiiocutae
604 1276 732 1339 mendax
749 1276 921 1361 promissi03
953 1295 1028 1359 quae
1051 1274 1121 1338 nibil
1140 1275 1228 1351 affert
1243 1274 1271 1337 in
1292 1294 1353 1336 me·

194 1381 291 1459 dium,
325 1400 420 1463 neque
445 1380 588 1464 promissa
610 1378 742 1464 perficit,
774 1379 826 1440 sed
844 1389 968 1441 mortem
992 1388 1023 1441 et
1037 1379 1161 1440 exitium
1181 1377 1351 1455 consciscit,

194 1485 261 1547 dum
290 1503 324 1546 ea
350 1503 423 1566 quae
449 1502 590 1565 nusquam
616 1482 675 1544 sint
703 1492 837 1564 tanquam
866 1502 936 1544 vera
963 1492 994 1543 et
1020 1481 1180 1544 existentia
1209 1481 1350 1543 nominat.

196 1584 276 1670 Quin
288 1651 290 1654 ,
302 1595 333 1648 et
349 1585 418 1648 iliud
434 1583 538 1662 efficit,
572 1594 604 1648 ut
620 1604 661 1648 ex
686 1583 800 1647 arboris
826 1594 985 1669 conspectu
1008 1583 1036 1646 in
1057 1585 1354 1647 denm'contnmaoes
1381 1599 1439 1642 em.
1454 1599 1474 1643 r.

195 1690 273 1767 sint,
307 1698 338 1751 et
358 1708 376 1751 a
398 1687 522 1750 veritate
545 1685 739 1749 abhorrentes
761 1685 796 1748 sd
821 1686 907 1748 muita
938 1707 973 1749 ac
1004 1687 1120 1750 diversa
1152 1687 1352 1750 traducantur.

194 1789 370 1857 Cuiusmodi
385 1810 458 1853 vero
475 1789 587 1852 semina
605 1789 805 1852 fraudulentus
824 1788 873 1850 itte
887 1788 976 1850 iaciat
993 1809 1032 1850 ex
1052 1789 1116 1852 eius
1137 1790 1235 1852 verbis
1251 1787 1356 1851 existi·

197 1895 402 1978 maripotest‚
434 1892 684 1974 Err'tsi,inquit,
716 1894 791 1952 κίονι
813 1894 863 1951 dri'.
911 1890 1010 1973 Atque
1035 1892 1138 1954 eodem
1158 1891 1242 1976 piane
1270 1891 1355 1953 modo

198 1997 311 2060 bestiae
329 1995 405 2059 illius
420 1993 590 2076 arrogantia
607 2003 694 2076 atque
710 1994 786 2056 fastu
804 1993 927 2055 istorum
947 1992 1066 2077 spiritus
1083 1993 1256 2057 efferuntur.
1290 1990 1356 2075 Qua

198 2099 313 2182 quidem
331 2096 469 2182 snperbia
487 2094 616 2180 proprie,
641 2094 682 2157 uti
699 2095 844 2174 diximus,
872 2105 996 2158 mortem
1022 2094 1071 2158 ilia
1096 2095 1244 2159 conciliat.
1278 2093 1356 2159 Nam

198 2201 288 2266 utvab
315 2199 443 2284 arcuquis
473 2197 653 2282 temporibus
675 2189 710 2259 ad
735 2197 810 2260 bano
836 2219 928 2283 qsque
955 2198 1030 2260 diem
1062 2197 1160 2260 animo
1189 2206 1356 2283 repetamus

200 2303 317 2380 omnia,
350 2301 415 2386 quis
431 2323 489 2364 non
508 2301 588 2363 videt
608 2301 780 2363 daemonum
799 2300 878 2363 iliam
896 2320 964 2363 esse
982 2299 1144 2363 doctrinam
1163 2321 1198 2362 ao
1217 2299 1357 2383 speciem,

203 2416 233 2470 et
255 2407 470 2489 discrepantem
497 2403 638 2466 absecta
665 2401 778 2465 ratione
805 2404 963 2465 conatum?
1011 2400 1170 2484 Nunquam
1192 2402 1288 2481 enim,
1321 2423 1361 2465 ex

204 2529 263 2593 quo
278 2509 403 2571 mundus
423 2507 558 2581 conditus
583 2516 646 2582 est,
678 2505 845 2567 sacerdotio
859 2516 905 2568 est
922 2506 1020 2567 iuncta
1035 2504 1155 2583 mulier,
1187 2526 1221 2568 ae
1242 2524 1279 2567 ne
1294 2502 1361 2567 Eva

205 2611 320 2695 quidem
336 2610 416 2693 ipsa,
439 2610 646 2692 quaesametsi
664 2606 868 2690 gravissimum
886 2606 1020 2671 delictum
1038 2608 1206 2686 admiserit,
1231 2617 1288 2670 tam
1307 2605 1362 2669 im-

204 2714 281 2798 pium
299 2713 418 2774 facinus
429 2721 598 2795 perpetrare
617 2730 764 2793 nunquam
784 2731 856 2774 ausa
876 2712 941 2788 est,
971 2712 1023 2774 sed
1041 2733 1096 2774 nco
1113 2711 1169 2774 ulia
1188 2711 1309 2774 filiarum
1329 2709 1363 2772 ii-

206 2815 273 2878 lius.
319 2811 501 2897 Quamquam
519 2824 549 2876 et
563 2813 640 2877 Abel
664 2813 719 2875 deo
733 2811 856 2876 subinde
878 2834 962 2877 sacra
982 2814 1102 2892 fecerit,
1136 2825 1166 2876 et
1182 2810 1296 2877 Cainus
1314 2834 1364 2875 co·

205 2937 268 2980 ram
292 2915 409 2979 domino
434 2916 578 2979 sacrificis
604 2915 721 2978 minime
747 2925 844 2978 tamen
870 2916 912 2978 ilii
937 2927 1021 2999 grata
1047 2915 1213 2979 celebrarit.
1270 2914 1310 2980 Ut
1335 2926 1365 2978 et

207 3017 329 3097 Enoch,
353 3040 402 3103 qur
394 3017 467 3081 deo
483 3022 610 3100 plneur',t
635 3031 664 3080 et
680 3022 838 3080 bunslctus
852 3031 904 3081 eet.
951 3017 1020 3082 Noe
1038 3040 1110 3082 vero
1129 3019 1221 3082 exiis
1239 3039 1363 3102 quorum
1378 3029 1443 3124 Geu-e
1444 3027 1465 3084 ⁵,
1471 3029 1505 3074 η

207 3124 236 3186 in
253 3142 321 3185 area
337 3122 422 3206 copia
442 3122 639 3199 redundabat,
671 3123 707 3185 ad
723 3122 853 3205 agendas
872 3120 983 3205 gratias
1007 3122 1110 3185 obrutis
1131 3124 1204 3201 deo,
1229 3121 1362 3205 gratique
1376 3131 1438 3176 seer.
1444 3086 1517 3189 iere.

207 3223 296 3289 enimi
320 3224 563 3307 significationem
586 3225 682 3303 dedit,
713 3245 780 3288 cum
800 3223 830 3287 in
857 3225 935 3287 idum
954 3246 970 3288 a
990 3247 1048 3309 qno
1067 3235 1203 3287 servatus
1221 3235 1286 3287 erat
1304 3243 1366 3285 me-

209 3348 320 3392 morem
345 3325 478 3388 beneficii
502 3326 629 3390 animum
652 3338 777 3391 testatus
796 3338 853 3390 est.
898 3325 977 3391 Nam
1001 3339 1031 3390 et
1053 3327 1220 3391 Abraamus
1248 3325 1329 3389 ilie
1322 3346 1365 3388 ru·
1406 3403 1412 3415 ·

209 3441 272 3495 stus
289 3429 345 3491 deo
363 3427 551 3491 sacrificavit.
571 3470 573 3476 ι
597 3427 672 3491 'l'um
688 3426 925 3493 Melchisedecus
946 3435 1079 3492 sacerdos
1095 3435 1144 3492 der·
1156 3433 1301 3502 albicini,
1335 3436 1366 3491 et
1379 3440 1517 3492 umnam.

210 3530 346 3610 isaacus,
379 3530 429 3613 qui
444 3531 498 3593 deo
517 3530 639 3613 placuit,
663 3552 718 3594 uec
738 3552 795 3594 non
813 3543 844 3594 et
859 3529 984 3596 lacobus
1000 3543 1155 3616 utcumque
1173 3534 1266 3616 potnit
1280 3550 1365 3594 sacra
1379 3492 1518 3547 ‘mm'

211 3655 301 3720 super
323 3632 447 3719 lapidem
473 3632 618 3711 offerens,
649 3631 819 3696 clenticula
842 3632 937 3696 oleum
961 3635 1076 3700 infudit.
1123 3632 1216 3699 Cuius
1231 3655 1248 3698 e
1266 3633 1367 3697 liberis

211 3748 314 3823 postea
331 3734 408 3800 Levi
424 3734 581 3798 sacerdotii
602 3731 771 3816 dignitatem
789 3735 932 3814 obtinuit,
957 3757 1048 3821 aquo
1063 3738 1200 3821 deinceps
1218 3734 1367 3821 propagati

211 3851 281 3904 suot
293 3841 342 3925 qui
355 3839 478 3903 eundem
494 3837 627 3900 ordinem
639 3836 818 3920 gradumque
830 3848 1004 3918 tennerunt,
1022 3840 1123 3922 quales
1138 3840 1221 3902 fuere
1230 3835 1366 3923 Moyses,

213 3955 354 4030 propneta
377 3940 462 4004 simul
487 3951 517 4004 et
536 3959 690 4002 sacrorum
709 3939 848 4017 antistes,
880 3951 939 4003 tum
955 3942 1077 4022 Aaron,
1109 3941 1286 4005 etAaronis
1306 3939 1367 4019 filii,

159 4108 162 4113 ,
212 4046 353 4125 Eleazar,
378 4042 518 4120 Phineos,
544 4054 574 4105 et
592 4040 721 4105 ithamar
738 4040 822 4104 buius
839 4063 941 4127 nepos.
988 4041 1067 4128 Quid
1082 4054 1179 4108 autem
1199 4065 1251 4108 eos
1268 4064 1369 4106 omues

215 4167 444 4213 commemorare
469 4165 592 4209 successe
616 4141 730 4229 estqui
754 4144 782 4206 in
802 4155 903 4209 vetere
922 4156 1097 4210 testamento
1114 4148 1169 4209 deo
1186 4146 1371 4210 sacrificasse

216 4251 371 4335 leguntur?
416 4247 667 4332 Quemadmodum
691 4243 840 4326 'achinom
873 4249 950 4311 inter
978 4260 1112 4325 ceteros,
1146 4260 1205 4313 tum
1236 4248 1369 4328 Coritae,

217 4351 396 4417 Gersonitae
419 4362 450 4413 et
470 4347 651 4429 Meraritae,
682 4351 730 4433 qui
754 4371 794 4414 ex
816 4347 988 4415 Levitarum
1017 4352 1120 4414 ordine
1140 4353 1269 4418 fuerunt.
1323 4353 1370 4416 Ad

217 4455 289 4520 baec
313 4456 415 4518 domus
432 4452 499 4528 Eri,
531 4452 652 4536 eiusque
668 4474 874 4532 successores,
908 4457 957 4539 qui
976 4454 1123 4540 exipsius
1145 4456 1320 4538 cognatione
1337 4455 1367 4518 in
1381 4473 1400 4516 r.
1413 4470 1499 4526 amr.

217 4559 303 4623 domo
318 4555 490 4620 Abimeiecb
506 4565 536 4618 et
548 4555 693 4619 Abiathar
706 4559 881 4638 extiterunt,
906 4559 946 4622 uti
965 4553 1102 4623 Chelcias
1121 4578 1156 4622 ac
1168 4555 1254 4638 Buei,
1280 4579 1372 4640 usque

268 4652 573 4715 eorpmttsermeol.11.s.
1130 4665 1171 4729 29

432 334 569 406 romanu
587 331 707 387 meru.
724 335 808 387 rom.
819 337 851 386 11.
870 334 971 386 aren.
982 335 1106 386 cxxix.
1281 308 1345 386 rto
