3096 5070
423 286 563 340 rinnau
580 286 643 338 ura.
662 288 706 339 ιιι.
723 287 805 339 rou.
821 288 852 338 n.
870 288 970 339 anea.
984 289 1130 342 cxxrrrr.
1287 275 1350 341 trs

199 407 245 471 nis
264 406 552 492 adumbrationisqoe
566 406 661 490 gratia
679 407 753 490 quod
771 408 853 491 regia
870 408 1010 492 quaedam
1029 408 1099 472 insit
1112 409 1141 472 in
1156 408 1242 472 leone
1258 408 1352 492 digni·

197 520 259 588 tas,
293 510 388 594 sitque
409 510 575 573 animalium
604 509 731 571 omnium
756 509 981 573 audacissimum
1006 531 1040 573 ae
1064 511 1252 574 fortissimum
1274 521 1305 575 et
1321 510 1351 574 in

196 613 304 678 ceteris
321 613 456 686 omnibns
474 622 594 696 aspectu
617 610 874 690 iucundissimum,
909 634 967 675 non
990 612 1116 676 absurde
1135 624 1257 676 matrem
1273 611 1351 676 illius

194 715 326 780 leaenam
342 714 562 800 appellabimus.
610 710 670 797 Qui
684 714 761 776 enim
778 714 824 777 leo
838 714 976 798 generari
995 725 1090 798 potest
1107 715 1161 780 uisi
1177 725 1270 779 mater
1285 714 1350 779 eius

194 818 296 882 leaena
321 816 507 880 nominetur?
552 811 691 880 Ceterum
711 815 874 880 uti-leaena
896 819 1025 881 seeundo
1044 839 1101 881 uon
1125 817 1216 903 parit,
1247 816 1287 880 ita
1302 837 1350 880 sa-

194 931 349 985 crosancta
367 919 451 1002 virgo
467 916 565 981 Maria
581 918 702 982 alterius
717 929 818 1004 partus
833 939 942 1003 expers
959 920 1028 998 luit,
1063 941 1097 982 ao
1121 920 1229 984 nullom
1246 941 1351 1005 eorpo-

196 1023 237 1088 ris
261 1021 466 1086 commercium
491 1021 637 1084 exercuit.

281 1121 360 1208 Quin
390 1134 420 1186 et
449 1122 524 1186 aliud
557 1134 711 1208 praeterea
736 1124 976 1209 contemplemur.
1032 1123 1100 1187 Fuit
1130 1125 1179 1188 illa
1211 1137 1504 1210 perpetuaequxttt.

197 1223 310 1290 Christi
329 1247 447 1304 comes,
480 1246 535 1289 nee
551 1225 587 1288 ab
605 1225 669 1288 eins
683 1226 833 1290 consortio
850 1227 976 1291 divarlsa.
1023 1233 1143 1290 Vocatus
1158 1232 1295 1289 estlesus
1312 1232 1504 1304 admoneat.

195 1334 326 1410 neptuim
360 1328 457 1392 statim
473 1328 532 1391 illio
548 1341 638 1390 muter
652 1333 712 1390 eins
726 1340 755 1390 et
764 1331 874 1411 fratres
889 1330 1062 1409 adsuerunt,
1094 1351 1148 1393 nee
1165 1351 1286 1413 nsquam
1304 1327 1351 1394 lo-

195 1432 277 1517 seplti
304 1431 425 1494 mentio.
471 1435 546 1509 Quid
565 1434 636 1492 midi
650 1442 678 1492 et
694 1433 762 1505 o‘li,
795 1435 917 1493 mulr'cr?
947 1437 1067 1495 nondum
1090 1437 1167 1494 oenr't
1187 1436 1258 1494 born
1275 1454 1345 1495 uteo.

194 1531 265 1598 Non
282 1535 373 1612 dixit,
405 1529 482 1616 Quid
503 1533 569 1596 mibi
591 1544 620 1596 et
637 1533 721 1596 vobis
737 1533 882 1597 homines.
930 1532 1002 1598 ltem
1026 1536 1128 1599 aderat
1147 1532 1245 1599 Maria
1262 1532 1349 1620 Mag·

194 1637 316 1715 dalens,
342 1647 371 1699 et
387 1633 484 1700 Maria
503 1632 669 1721 (limphae,
693 1647 722 1698 et
742 1632 838 1699 Maria
854 1647 947 1699 mater
963 1636 1050 1715 Rufi,
1083 1647 1114 1700 et
1130 1639 1222 1701 altera
1238 1635 1346 1715 Maria,

195 1750 226 1804 et
244 1736 363 1803 Salome
386 1760 451 1801 eum
474 1737 538 1800 aliis
564 1738 745 1801 mulieribus.
791 1735 861 1801 Non
886 1739 960 1801 dixit
981 1739 1040 1801 illie
1065 1736 1218 1825 losephnm
1245 1739 1347 1820 luisse,

196 1843 245 1908 vel
264 1839 399 1904 laoobum
426 1842 545 1903 fratrem
567 1840 687 1902 domini.
734 1837 791 1922 Qui
810 1840 924 1923 quidem
941 1841 1099 1925 nonaginta
1116 1862 1171 1906 sex
1188 1863 1280 1906 annos
1298 1864 1349 1906 na·

195 1955 243 2009 tus
267 1964 306 2007 ex
332 1941 644 2019 laurissamensis,
675 1963 740 2006 oum
769 1953 937 2026 perpetuam
961 1943 1157 2027 virginitatem
1184 1956 1347 2010 servasset.

196 2042 290 2111 Cuius
316 2054 403 2129 capot
428 2065 573 2127 nunquam
597 2044 676 2106 lerro
701 2045 854 2107 detonsum
873 2055 942 2123 est3
975 2067 1069 2129 neque
1093 2045 1119 2108 is
1141 2046 1254 2110 balneis
1278 2068 1348 2111 usus

196 2160 258 2226 est,
292 2168 385 2231 neque
409 2146 567 2210 animatum
589 2145 740 2229 quiequam
760 2148 795 2210 ad
813 2145 914 2223 eibum
929 2147 1075 2226 adhibuit,
1110 2170 1203 2232 neque
1222 2151 1349 2214 tunicam

195 2252 316 2315 alteram
336 2249 446 2329 induit,
470 2250 521 2312 sed
539 2249 616 2313 lineo
635 2249 750 2333 palliolo
766 2250 907 2313 duntaxat
924 2272 995 2314 usus
1011 2261 1075 2326 est,
1109 2251 1348 2335 quemadmodum

193 2363 320 2417 testatur
336 2352 532 2436 evangelium.
576 2355 681 2431 Fugit,
706 2351 815 2435 inquit,
839 2356 1001 2415 adolescens
1018 2357 1118 2415 relicta
1132 2358 1265 2430 ιεἰιάοιιι,
1289 2377 1345 2436 quo
1375 2381 1450 2428 nne

193 2468 258 2518 erot
271 2460 400 2516 omr'ctus.
447 2451 524 2518 Naar
544 2450 671 2517 loannes
687 2464 716 2516 et
735 2452 856 2519 lacobus
873 2477 929 2518 una
946 2477 1010 2518 ouen
1028 2453 1136 2519 lacobo
1154 2467 1255 2521 nostro
1272 2457 1348 2520 idem
1384 2435 1417 2491 ¹⁴⁹
1430 2435 1465 2480 ⁶¹·

194 2558 270 2622 illud.
290 2558 367 2621 vitae
387 2556 550 2621 institutum
575 2555 703 2641 amplexi
729 2566 817 2636 sunt3
850 2580 971 2641 quorum
992 2559 1048 2621 dno
1071 2559 1184 2643 priores
1202 2557 1349 2623 Zebedaei

195 2660 264 2737 lilii,
288 2669 453 2743 postremus
470 2659 585 2744 loseplri
603 2660 678 2723 ttius
695 2659 802 2722 domini
819 2661 911 2723 irater
926 2661 1086 2745 appellatus
1107 2672 1170 2739 est,
1196 2662 1270 2744 qnod
1293 2681 1349 2724 una

195 2782 260 2825 oum
279 2762 342 2845 ipso
360 2761 488 2825 nutritus
507 2774 593 2845 atque
611 2763 768 2840 educatus,
792 2761 829 2825 ab
847 2783 940 2846 eoque
963 2763 1060 2826 fratris
1078 2746 1151 2826 loco*
1163 2764 1201 2826 sit
1220 2762 1348 2840 habitus,

196 2872 316 2947 propter
334 2861 411 2924 illam
428 2863 540 2926 seilicet
562 2884 646 2946 quam
671 2884 737 2926 oum
758 2861 855 2927 Maria
875 2865 1014 2949 loseplrns
1035 2866 1280 2930 necessitudinem
1299 2865 1350 2928 ba·

194 2963 274 3041 buit,
308 2964 430 3047 quocum
461 2976 524 3028 erat
549 2967 598 3029 illa
625 2966 793 3029 coniuncta.
848 2963 989 3031 Ceterum
1018 2969 1073 3032 soli
1102 2968 1169 3031 boio
1191 2967 1296 3032 laoobo
1322 2968 1349 3031 id

195 3065 316 3129 honoris
335 3067 504 3131 attributum
526 3081 589 3146 cst,
622 3068 712 3130 semel
732 3079 763 3132 ut
777 3071 933 3152 quotannis
954 3071 983 3132 in
1001 3081 1287 3135 sanctasanctorum
1305 3071 1350 3133 in·

194 3168 386 3251 graderetur,
421 3171 496 3253 qnod
525 3179 554 3232 et
578 3168 755 3235 Nazarenus
782 3183 881 3249 esset,
915 3183 945 3235 et
971 3193 1035 3236 oum
1061 3172 1236 3236 sacerdotali
1258 3173 1349 3258 stirpe

195 3270 381 3334 coniunctus.
427 3269 513 3336 Unde
537 3283 567 3334 et
589 3271 688 3338 Maria
708 3274 812 3358 duplici
834 3296 898 3336 oum
922 3273 1093 3338 Elizabetba
1119 3276 1294 3359 cognatione
1315 3295 1349 3338 ao

195 3373 410 3435 necessitudine
431 3374 586 3438 coniuncte
606 3377 676 3452 luit,
700 3387 731 3438 et
749 3375 872 3439 lacobus
888 3378 1045 3440 sacerdotii
1065 3377 1206 3460 dignitate
1225 3377 1349 3462 praesti·

194 3474 239 3536 tit.
287 3470 527 3558 Quandoquidem
548 3477 622 3539 dnae
647 3477 714 3540 illae
734 3478 828 3541 tribus
846 3478 926 3542 solae
946 3479 1070 3543 invicem
1089 3481 1253 3565 nuptiarum
1270 3502 1349 3543 conr-

196 3575 305 3637 mercio
326 3576 540 3658 iungebantur,
564 3578 664 3661 regia,
696 3579 832 3662 inquam,
862 3583 1137 3663 cumsaoerdotali,
1168 3584 1349 3646 etsaoerdo-

194 3677 261 3742 tulis
279 3700 343 3741 enm
369 3678 462 3761 regia.
510 3676 760 3761 Quemadmodum
780 3681 926 3745 olim'snb
946 3685 1126 3768 egressionis
1150 3704 1188 3747 ex
1207 3685 1344 3768 Aegypto
1358 3707 1500 3766 usuum

192 3791 305 3866 tempus
332 3779 470 3844 Naesson
497 3782 591 3844 tribus
617 3782 705 3845 ludae
730 3782 864 3867 princeps
888 3782 1090 3849 Elizabetbam
1117 3785 1192 3848 illum
1220 3786 1346 3869 priorem

191 3883 321 3949 daronis
343 3883 427 3946 liliam
450 3883 545 3947 duxit.
593 3881 642 3945 Ex
664 3903 721 3966 quo
747 3883 851 3946 lactum
875 3895 920 3948 est
944 3898 975 3949 ut
993 3888 1159 3972 complures
1184 3887 1348 3951 haeretico-

191 4008 254 4051 rum
273 3997 372 4050 sectae
392 3982 502 4050 Christi
523 3985 632 4049 domini
651 3984 816 4069 prosapiam
837 4008 871 4049 ao
889 3989 1091 4073 genealogiam
1117 3990 1270 4074 ignorent,
1303 4002 1346 4053 at-

191 4109 246 4172 que
269 4089 401 4166 obillam
419 4110 501 4152 suam
523 4089 745 4152 haesitationem
774 4089 858 4151 iidem
880 4075 1040 4172 arrogent,⁴
1069 4112 1103 4154 ac
1121 4092 1275 4155 ueritatem
1297 4115 1348 4178 op-

190 4210 320 4273 pugnare
336 4212 369 4255 se
388 4200 505 4277 putent,
530 4212 594 4253 curn
612 4189 681 4254 illud
702 4189 861 4255 obiiciunt:
894 4189 955 4274 Qui
970 4191 1031 4255 lieri
1052 4204 1148 4276 potest
1164 4205 1195 4257 ut
1214 4215 1288 4278 quae
1306 4217 1345 4260 ex

190 4406 335 4455 quemquem
352 4401 372 4445 et
388 4398 454 4458 infre
470 4410 523 4458 cop.
543 4394 580 4446 16.
598 4398 680 4447 codam
703 4410 751 4447 voe
784 4400 825 4447 sed
839 4400 903 4448 boor.
915 4396 958 4461 69,
968 4397 1009 4450 23.
1026 4402 1151 4449 doluimus
1165 4404 1219 4450 item
1234 4393 1280 4453 oda
1292 4399 1346 4454 doru

188 4467 321 4511 meummt.
347 4464 749 4527 mpnomoenomsuprccope.
784 4460 833 4518 eiad
860 4467 910 4518 τῶν
935 4466 1031 4536 χρόνων
1056 4461 1157 4535 Ἰωσήφ
1181 4469 1225 4522 τοῦ
1250 4466 1345 4537 ταύτης

182 4527 278 4596 ’Μαρία
293 4527 338 4597 μὲι
353 4528 401 4597 γὰρ
417 4527 577 4598 apposueras
590 4533 627 4604 τῷ
639 4527 749 4600 Ἰωσήφ,
783 4529 920 4604 depascenti.
