3096 5070
285 269 347 334 522
712 284 832 337 αιαστι
851 285 1020 336 nmmum!

285 402 336 466 καλ
350 401 494 481 ταφέντα,
516 402 567 465 καλ
586 399 768 480 ἀναστάντα,
790 403 841 466 καλ
857 398 1021 467 άνελθόντα
1038 403 1070 467 έν
1088 401 1176 491 θόξη,
1200 403 1359 486 ἐρχόμενον
1378 411 1448 488 πρῖ-

284 528 334 568 ναι
348 509 458 581 ζῶντας
480 504 531 568 καί
547 502 686 587 νεκροός,
717 501 758 579 ῶς
775 505 854 586 ἔφην
875 506 905 569 έν
922 502 1067 592 άληθείγ,
1097 497 1134 570 οὗ
1153 512 1205 587 τῆς
1225 509 1371 587 βασιλείας
1385 503 1448 573 οάιε

286 607 368 671 lom
388 606 475 681 τέλος.

148 709 216 781 KQ·
235 708 277 775 εἴ·
373 709 433 772 Καί
457 705 513 793 γάρ
529 706 657 772 πιστεύει
674 704 695 790 ή
711 704 806 792 μήτηρ
828 703 913 790 ήμῶν
936 705 1011 789 αὕτη
1031 705 1137 794 ήάγία
1153 711 1304 791 ἐκκλησία,
1332 707 1448 788 καλῶς

285 807 360 900 αὐτῇ
377 809 499 892 άληθῶς
521 809 716 895 κεκήρυκται,
738 811 789 875 καὶ
805 808 927 892 άληθῶς
943 813 1165 894 προστέτακται,
1193 811 1240 877 ότι
1256 811 1443 895 κοιμηθησό-

144 953 196 1000 m.
209 941 267 987 ιιει
285 922 365 996 μιθα
385 916 435 978 καί
458 910 684 994 άναστησόμεθα
709 910 765 977 σόν
786 910 899 994 σάματι
921 913 1031 1001 τούτῳ,
1063 911 1118 978 σάν
1142 921 1225 1003 ψνγῇ
1248 913 1355 1005 ταότη,
1386 913 1448 980 σάν
1505 948 1524 987 «ι.

283 1018 371 1082 παντὶ
385 1021 427 1104 τῷ
442 1012 573 1103 ήμετέρφ
588 1012 695 1092 σκεύει,
716 1017 768 1078 ’ίνα
784 1016 906 1090 έκαστος
921 1014 1059 1105 άπολάβη
1076 1014 1151 1099 πρός
1167 1015 1332 1101 άέπραξεν.
1367 1017 1446 1084 Ὅτι

284 1117 341 1204 γάρ
367 1115 527 1192 άνάστασις
552 1124 679 1199 νεκρῶν,
713 1119 763 1181 καί
785 1122 881 1202 κρίσις
901 1116 1039 1196 αίάνιος,
1068 1121 1119 1184 καί
1142 1123 1273 1202 βασιλεία
1296 1121 1445 1206 οὐρανῶν,

284 1223 336 1286 καλ
367 1218 536 1295 ἀνάπαυσις
563 1228 625 1294 τοῖς
655 1223 796 1299 δικαίοις,
828 1222 880 1285 καλ
908 1226 1088 1304 κληρονομία
1115 1229 1242 1302 πιστῶν,
1274 1223 1325 1287 καί
1354 1223 1447 1309 χορός

288 1322 383 1406 1μετά
400 1324 547 1409 άγγέλιαν,
576 1329 636 1387 τῶν
653 1322 854 1406 τετηρηκότων
876 1320 928 1404 τήν
943 1327 1057 1400 πίστιν,
1088 1326 1140 1389 καὶ
1160 1322 1215 1407 τήν
1228 1321 1361 1410 άγνείαν,
1389 1327 1447 1391 καλ

282 1424 336 1509 τήν
352 1429 468 1503 έλπίόα,
491 1426 542 1489 καλ
557 1423 612 1501 τάς
626 1431 681 1490 τοῦ
695 1428 803 1509 κυρίου
818 1423 952 1504 ἐντολάς,
974 1420 1074 1508 άληθῆ
1091 1428 1166 1506 έστι,
1188 1429 1239 1492 καὶ
1252 1426 1445 1512 κεκήρυκται,

283 1530 335 1594 ιιαλ
356 1527 558 1610 ήσφάλησται,
589 1529 640 1591 καί
667 1531 873 1607 πεπίστευται,
903 1527 949 1594 ότι
972 1519 1055 1594 οὗτοι
1077 1525 1290 1611 άναστήσονται
1307 1532 1349 1605 είς
1364 1528 1448 1614 ζωήν

283 1629 420 1708 αίτόνιον,
451 1627 526 1694 κατά
547 1626 580 1694 τό
601 1631 800 1715 γεγραμμένον
825 1632 858 1696 έν
880 1638 943 1705 τοῖς
967 1628 1153 1716 εὐαγγελίοις.
1188 1630 1267 1697 Ὅσα
1290 1630 1346 1718 γάρ
1367 1634 1447 1718 λέγει

282 1735 333 1799 καλ
352 1730 370 1798 ό
386 1730 567 1809 άπόστολος,
597 1734 648 1796 καὶ
673 1739 764 1796 πᾶσαι
783 1735 817 1796 αί
831 1730 911 1817 άγιαι
929 1735 1056 1817 γραφαί,
1089 1731 1221 1815 άληθινά
1237 1733 1387 1820 τυγχάνει,
1419 1738 1449 1801 ελ

281 1837 331 1902 καλ
349 1831 430 1919 παρά
444 1843 508 1910 τοῖς
523 1832 701 1918 άπιστήσασι
718 1836 770 1898 καὶ
788 1841 888 1910 κακῶς
907 1835 1080 1916 νενοηκόσιν
1097 1837 1202 1919 έιέρας
1220 1833 1447 1920 ὑπολαμβάνον-

282 1964 338 2003 ται.
382 1935 466 2019 Ἡμῖν
491 1937 524 2002 δέ
549 1935 624 2019 αὕτη
645 1932 666 2017 ή
682 1939 793 2015 πίστις,
823 1938 875 2000 καλ
898 1933 1013 2027 αὕτηή
1029 1935 1115 2021 τιμή,
1144 1940 1196 2003 καλ
1218 1937 1294 2022 αὕτη
1310 1935 1331 2022 ή
1348 1938 1444 2026 μήτηρ

282 2036 368 2124 ήμῶν
393 2037 583 2123 ήέκιιλησία,
615 2035 666 2104 διά
689 2042 814 2113 πίστεως
834 2037 986 2120 σάζομῑα,
1016 2041 1069 2104 καὶ
1091 2043 1208 2117 ἐλπίδος
1229 2045 1442 2128 κρατννομένη

282 2145 333 2208 καὶ
360 2144 462 2233 ιἰγιίπη
489 2148 620 2226 Χριστοῦ
644 2143 842 2223 τελειουμένη,
875 2143 908 2206 έν
924 2166 955 2206 τε
975 2149 1011 2231 τῇ
1029 2140 1185 2231 όμολογίγ,
1215 2147 1248 2210 έν
1267 2154 1372 2221 τετοῑς
1385 2171 1441 2225 μν-

282 2250 428 2331 στηρίοις,
450 2247 483 2310 έν
500 2270 530 2309 τε
546 2250 583 2333 τῇ
600 2250 653 2308 τοῦ
669 2251 796 2329 λουτροῦ
811 2248 967 2332 καθαρσίῳ
987 2243 1127 2326 δυνάμει,
1157 2244 1221 2326 ὅτι,
1249 2244 1436 2320 Ἀπελθόντες

282 2352 442 2430 βαπτίσατε
457 2349 500 2423 είς
528 2344 649 2429 ’ὄνομα
668 2346 796 2433 πατρός,
826 2349 878 2412 καί
900 2350 985 2428 υἱοῦ,
1015 2350 1067 2412 καὶ
1089 2345 1176 2434 άγίου
1193 2347 1363 2430 πνιόματος,
1392 2348 1434 2421 είς

281 2447 377 2533 ὄνομα
393 2451 424 2514 δὲ
440 2456 549 2532 θελκῆς
563 2447 701 2533 τριάδος,
736 2449 898 2530 ὀνομασίας
914 2450 1007 2532 μηδὲν
1024 2449 1197 2535 8διαφοράν
1213 2447 1344 2535 έγσόσης,
1373 2444 1434 2512 ἄλλ’

281 2551 327 2619 ότι
341 2551 416 2628 θεός
430 2548 473 2628 ελς
486 2549 559 2634 ήμῖν
577 2553 609 2617 ἐν
624 2549 723 2640 νόμῳ,
745 2552 795 2615 καλ
811 2553 843 2617 έν
859 2550 1047 2636 προφήταις,
1070 2556 1120 2618 καλ
1137 2555 1168 2619 έν
1180 2552 1361 2638 ελσγγελίοις,
1382 2551 1437 2614 καί

281 2656 315 2721 έν
328 2653 517 2734 άποστόλοις,
541 2655 573 2719 έν
587 2661 698 2740 παλαιᾷ
716 2655 766 2718 καλ
784 2660 873 2743 καινή
889 2652 1022 2743 διαθήκη
1041 2654 1232 2740 κεκήρυκται,
1262 2654 1316 2719 καλ
1333 2650 1443 2737 κατήγ-

281 2766 391 2844 γελται,
414 2754 528 2840 πατήρ,
552 2757 603 2821 καὶ
619 2753 702 2836 υἱός,
724 2758 775 2820 καὶ
792 2756 879 2841 άγιον
895 2763 1028 2839 πνεῦμα,
1058 2756 1099 2839 μή
1118 2785 1163 2836 τις
1179 2752 1353 2837 4συναλιφή
1370 2746 1447 2819 οὖσα

280 2857 441 2942 ήθεότης,
474 2857 546 2922 ἄλλά
568 2855 652 2943 τριάς
671 2850 775 2923 ὖοῦσα
792 2856 886 2933 ὄντος
901 2863 1010 2939 τελεία,
1039 2861 1146 2936 τέλειος
1161 2857 1179 2928 ό
1194 2857 1308 2942 πατήρ,
1337 2858 1445 2932 τέλειος

282 2959 300 3028 ό
317 2960 398 3043 υἱός,
420 2962 528 3026 τέλειον
544 2959 577 3026 τό
593 2949 710 3042 πνεῦμα
724 2959 759 3025 τό
775 2958 875 3045 άγιον,
898 2965 951 3042 μία
964 2960 1090 3043 θεότης,
1113 2959 1156 3038 ελς
1170 2961 1259 3043 θεός,
1282 2952 1306 3050 β
1325 2957 1445 3043 ήδόξα,

282 3062 353 3147 τιμή
374 3065 425 3129 καὶ
445 3060 558 3148 κράτος
579 3065 622 3138 είς
642 3060 714 3138 τοός
739 3065 850 3138 αίῶνας
871 3069 932 3127 τῶν
953 3062 1085 3143 αίόνον,
1106 3061 1207 3148 Ἀμήν.

144 3298 264 3371 [Μ’.
367 3269 452 3351 Αὕτη
468 3270 547 3334 έστίν
564 3264 585 3350 ή
600 3271 708 3344 πίστις,
730 3264 818 3350 ήτῆς
834 3263 978 3352 ήμετέρας
994 3276 1070 3351 ζωῆς
1088 3273 1283 3355 πραγματεία,
1305 3273 1392 3333 τοῦτο
1407 3265 1444 3333 τό

281 3375 400 3458 Ῑρεισμα
413 3379 466 3452 τῆς
486 3368 644 3453 άληθείας,
666 3368 741 3452 αὕτη
758 3367 779 3452 ή
795 3371 951 3453 παρθένος
972 3377 1104 3455 Χριστοῦ
1128 3373 1179 3436 καὶ
1196 3368 1352 3455 περιστερά
1369 3366 1446 3434 άιια-

281 3501 350 3556 κος,
380 3474 455 3556 αὕτη
477 3475 556 3539 έστλν
577 3469 598 3555 ή
615 3469 674 3554 ζωή
693 3473 745 3536 καλ
766 3468 787 3553 ή
808 3473 890 3548 ἐλπίς
905 3474 957 3537 καὶ
980 3470 1173 3556 ήβεβαίωσις
1189 3480 1242 3555 τῆς
1260 3471 1446 3555 ἀφθαρσίας.

281 3574 365 3642 ’Λλλά
392 3582 554 3662 παρακαλῶ
572 3573 687 3650 πάντας
709 3570 789 3655 άμάς
809 3572 881 3649 τοός
898 3575 1125 3660 ἐντυγχάνοντας
1146 3581 1313 3662 συγγνῶναι
1331 3579 1368 3661 τῇ
1386 3574 1448 3662 έμῇ

281 3677 467 3762 ταπεινότητι
487 3680 540 3744 καλ
556 3674 698 3764 άσθενείγι
722 3682 777 3740 τοῦ
793 3675 977 3760 βραχυτάτου
994 3704 1053 3760 μου
1073 3685 1146 3756 νοῦ,
1177 3685 1231 3744 τοῦ
1252 3673 1313 3741 άπό
1331 3681 1449 3740 πολλοῦ

281 3788 341 3847 τῶν
352 3782 491 3865 αίρέσεαν
504 3783 551 3846 λοῦ
565 3777 832 3864 ἆποναρκήσαντος
846 3780 897 3842 καλ
916 3776 1197 3865 1ιῖποσιγγάναντος,
1221 3777 1262 3856 ῶς
1274 3774 1451 3844 άποπτόον

280 3910 330 3960 τος
348 3888 434 3966 δίκην
440 3933 448 3962 ,
470 3885 523 3948 καλ
540 3888 759 3960 hmanas,
791 3876 830 3945 δι’
848 3871 892 3945 τόν
907 3879 974 3963 ήτοι
989 3880 1145 3967 αὐστηρῶς
1161 3880 1237 3966 πρός
1252 3907 1334 3956 τινας
1352 3880 1452 3964 φερό-

282 4010 368 4069 μενος
384 3986 498 4069 ήνίχθη
517 3982 567 4051 διά
582 3982 736 4070 βημάτων,
766 3982 788 4065 ή
803 3983 928 4058 καλέσας
945 3980 1029 4059 τινάς
1044 3984 1235 4068 άλητηρίονς,
1264 3981 1286 4065 ἢ
1302 3979 1450 4068 άγόρτας,

144 4117 264 4179 mun,
282 4087 574 4171 ήπεπλανημένους,
605 4084 823 4170 ήάπατεῶνας.
869 4082 929 4150 Διά
946 4085 1002 4171 γάρ
1021 4083 1074 4151 τόν
1090 4084 1183 4151 πολόν
1199 4084 1293 4152 πόνον
1310 4090 1364 4149 τοῦ
1382 4086 1450 4171 λοῦ,

317 4262 375 4311 ιιι».
397 4263 480 4313 xvn.
499 4293 527 4300 -
567 4265 588 4312 ι.
615 4259 680 4329 μετὰ
702 4262 770 4312 παι
786 4274 843 4311 πα.
914 4261 938 4309 5.
957 4249 1023 4313 οὖσα
1040 4264 1124 4326 omma
1140 4261 1191 4312 αα.
1209 4261 1306 4321 τινας.

282 4325 337 4397 μετ’
355 4332 417 4381 τσιλί.
915 4326 975 4377 Cn.
993 4330 1086 4379 xvul.
1107 4356 1138 4367 -
1184 4329 1203 4379 ί.
1232 4321 1451 4395 άτιοσικγόναντας

314 4398 338 4448 2
355 4396 383 4451 τὸ
402 4393 482 4465 ὄνομα
498 4401 549 4450 cod.
568 4400 663 4461 Ιθιεσλρ.
874 4397 910 4447 τσ-
929 4400 1026 4460 Ριίαν.,
1051 4412 1080 4448 ιτ
1097 4399 1147 4450 οοτλ
1168 4399 1271 4450 Ρατιτίπι·
1293 4400 1449 4462 auctoritato,

315 4466 340 4515 3.
359 4459 475 4532 διάφορον
493 4469 657 4528 suspicabatur
675 4467 793 4525 Ρτίανίιιτ.
873 4467 977 4515 eiusdem
992 4469 1083 4516 Ρτίαυὶι·
1097 4469 1242 4526 testimonio,
1258 4466 1347 4526 dequo
1362 4470 1449 4519 ίοπιεη

314 4531 336 4585 λ.
357 4532 492 4602 συναλοιφή
510 4537 574 4589 editi.
873 4534 968 4597 σαοῑιο,
985 4549 1038 4587 cum
1058 4535 1126 4585 οοσσ.
1138 4537 1185 4587 ίαν.
1204 4539 1225 4585 εί
1243 4534 1341 4596 Rhodia.
1360 4541 1449 4598 (ρνετι
