3096 5070
267 246 328 312 184
685 253 807 307 ιιιεατι
825 251 994 306 τειεκιιειι

264 373 353 442 λαιάν
370 372 521 457 διαθήκην
541 369 643 461 βάβδρι
664 371 751 460 μόνη.
793 368 866 436 ‘Tuo'
886 376 939 436 τοῦ
958 375 1035 436 θεοῦ
1053 372 1087 437 δέ
1101 367 1319 455 άπεσταλμένος
1333 374 1366 441 έν
1380 381 1425 463 τχῖ

269 482 410 555 ελςελθιῑν
431 479 473 552 εἰς
490 479 645 561 Αἴγυπτον
658 478 847 559 προςτλθεται
863 471 945 561 αὐτῷ
959 475 1001 548 εές
1018 471 1164 556 βοήθειαν
1174 472 1293 560 ’Δαριάν
1306 472 1325 541 δ
1338 475 1425 542 δδιλ-

267 577 327 662 φδς
341 577 444 645 αὐτοῦ.
488 573 565 644 Εἶτα
581 575 653 658 μετά
669 574 704 642 τό
722 581 874 642 πιστεῦσαι
888 574 970 662 αὐτῷ
984 571 1037 640 τδν
1052 572 1183 657 άδελφδν
1198 577 1333 662 συνήχθη
1346 576 1425 663 πρός

265 678 358 749 αότδν
375 678 547 766 ήγερουσλα
567 680 617 744 καλ
641 680 672 744 ολ
691 677 816 764 άρχηγολ
834 683 887 743 τοῦ
908 683 983 743 λαοῦ
1006 675 1069 741 κατ’
1087 679 1179 744 έκεῖνο
1201 686 1317 765 καιροῦ.
1362 681 1426 747 m

266 781 338 867 μετά
361 790 455 848 ταῦτα
479 781 698 867 κρατυνομένου
722 786 777 845 τοῦ
798 781 903 864 έργου,
933 781 985 844 καλ
1008 787 1061 863 τῆς
1089 777 1273 856 άκολουθλας
1298 802 1426 868 συναγο-

265 888 371 971 μένης,
401 885 554 969 διεπέρασε
578 881 631 965 τήν
654 880 816 947 θάλασσαν.
861 883 922 945 Καὶ
946 878 1031 947 οὔποτ
1052 874 1129 964 ἦσαν
1148 881 1223 949 κατά
1245 880 1297 949 τόν
1319 882 1421 967 νόμον,

265 989 322 1064 έοις
335 985 384 1052 διε
402 988 506 1071 κύριος
522 982 614 1050 αὐτόν
627 991 708 1049 καλεῖ
724 985 767 1060 εἰς
783 982 816 1048 τδ
834 980 911 1067 ὅρος.
956 986 1068 1049 Δι’διοσι
1083 985 1116 1050 δέ
1134 982 1215 1075 αὐτῷ
1232 984 1285 1062 τάς
1302 985 1424 1069 πτόχας,

266 1091 319 1156 καλ
335 1085 542 1154 ὑποδείκνυσιν
565 1085 648 1176 αὐτῷ
665 1084 775 1167 σκηνήν
804 1083 1041 1151 ’κατασκευάσαι
1047 1136 1056 1164 ,
1085 1084 1233 1172 άρχηγοός
1248 1112 1278 1153 τε
1294 1085 1425 1173 προστή-

266 1199 393 1268 σασθαι,
432 1188 606 1274 δεκάρχους,
643 1184 929 1269 πεντηκοντάρχους,
968 1186 1214 1272 ἑκατοντάρχους,
1247 1188 1424 1275 χιλιάρχους.

267 1295 328 1359 Καὶ
344 1289 420 1382 δρᾷς
433 1298 498 1367 πῶς
513 1288 549 1357 τά
564 1289 721 1376 πράγματα
738 1287 925 1368 πλατόνεταις
960 1287 1049 1375 Ὅρα,
1073 1292 1157 1372 φησὶ,
1179 1291 1312 1376 ποιήσεις
1326 1290 1426 1358 πάντα

266 1392 342 1461 κατά
366 1392 419 1459 τόν
443 1391 540 1459 τόπον
566 1391 618 1458 τόν
640 1393 793 1475 δειχθέντα
812 1412 858 1457 σοι
874 1393 907 1457 έν
919 1397 960 1480 τῷ
977 1389 1041 1478 ὄρει
1057 1399 1150 1480 Σινρῑ.
1194 1396 1256 1459 Καὶ
1272 1392 1345 1482 δρᾷς
1359 1401 1427 1472 παῖς

267 1497 433 1582 προςετέθη
458 1502 494 1584 τῇ
519 1498 683 1582 νομοθεσλγ
708 1490 874 1575 έπτάμυξος
896 1498 1011 1575 λυχνέα,
1040 1494 1159 1581 ποδήρη
1185 1494 1316 1582 ἱερατικά
1339 1494 1426 1563 ένδά·

268 1625 362 1683 ματα,
394 1595 533 1673 κάδωνές
547 1622 576 1661 τε
589 1598 641 1663 καλ
656 1593 800 1679 μαυδόαι,
830 1597 976 1678 έποτμέδες
991 1599 1088 1662 τεκαὶ
1104 1597 1251 1684 κιδάριις,
1273 1603 1373 1682 μλτραι
1391 1624 1426 1667 τε

267 1703 318 1766 καλ
336 1703 430 1766 λέθοιν
447 1697 604 1782 διαφόρων
623 1700 791 1776 συνθέσεις,
812 1697 942 1777 κόαθοι,
964 1703 1106 1779 θυΐσκαι,
1135 1707 1290 1786 λουτῆρες,
1318 1709 1427 1766 θυσια-

267 1801 387 1889 στήρια,
410 1805 546 1885 τρυβλλα,
568 1797 751 1885 μασμαροόθ,
782 1798 868 1866 άτινά
885 1802 945 1866 έστι
959 1800 1167 1888 διϋληστήρια,
1189 1800 1322 1885 μιδικτδθ
1338 1800 1429 1869 δτινα

266 1911 427 1971 καλοῦνται
446 1901 573 1987 κόαθοι,
598 1899 787 1986 θμαχωνιδθ,
816 1903 925 1978 αἵτινές
943 1905 997 1968 εἰσι
1011 1902 1126 1986 βάσεις,
1148 1905 1200 1969 καλ
1215 1902 1325 1989 ὅσαπερ
1341 1900 1360 1971 ό
1375 1903 1428 1971 νό·

268 2033 325 2091 μσς
344 2007 520 2091 διαλέγεται,
546 2006 715 2090 Χερουβλμ,
743 2006 793 2070 καλ
809 2000 845 2070 τά
863 2002 951 2082 ἄλλα,
980 2002 1107 2089 κιβωτός
1121 2004 1287 2090 διαθήκης,
1309 2003 1426 2088 άναφο-

269 2117 331 2195 ρεῖς
352 2133 382 2174 τε
407 2110 458 2173 καλ
473 2107 640 2184 δακτύλιοι,
661 2105 756 2189 σκηνή
775 2131 805 2172 τε
819 2108 869 2172 καλ
883 2108 996 2193 δέρρεις
1013 2109 1064 2172 καὶ
1081 2109 1209 2193 δέρματα
1226 2106 1424 2194 4ήρνθροδιι·

268 2212 399 2294 νομένα,
431 2207 555 2296 άγκάλαι
570 2234 600 2274 τε
615 2210 667 2274 καλ
681 2207 716 2275 τά
733 2205 820 2288 άλλα,
851 2211 1000 2295 πυλαρολ,
1023 2213 1075 2275 καλ
1089 2208 1246 2296 σάλπιγγες
1262 2213 1359 2278 έλαταλ
1373 2212 1424 2277 παλ

269 2310 435 2395 καμπύλαι,
466 2315 517 2378 καλ
543 2320 677 2397 ’χρυσαῖ
700 2312 751 2376 καλ
776 2309 919 2397 άργυραῐ,
949 2319 1069 2394 χαλκαῖ,
1101 2316 1290 2398 οκερατίναι,
1319 2314 1369 2379 καλ
1383 2309 1430 2377 τά.

269 2413 341 2480 ἄλλα
366 2413 478 2498 ὅσαπερ
497 2411 516 2480 δ
533 2412 625 2497 νόμος
645 2415 720 2495 έφη,
753 2417 858 2478 θυσλαι
880 2410 1038 2498 διάφοροι,
1071 2417 1263 2483 διδασκαλλαι.
1302 2410 1421 2497 Ἐκτιδή

267 2517 403 2602 άπαρχῆς
421 2523 514 2583 ταῦτα
531 2513 588 2582 οόκ
604 2507 659 2599 ἦν,
688 2506 748 2599 άρα
772 2513 845 2598 μετά
869 2514 903 2582 τό
918 2518 1055 2601 γενέσθαι
1073 2515 1128 2599 τήν
1145 2517 1227 2595 τάξιν
1249 2514 1307 2583 οάκ
1324 2519 1425 2600 ελληφε

267 2617 304 2685 τά
321 2618 494 2706 πράγματος
526 2617 613 2684 Οδτοι
630 2618 682 2683 καὶ
699 2614 735 2682 τά
751 2615 832 2703 παρά
849 2625 890 2706 τῷ
907 2614 1061 2707 άποστόλρτ
1078 2621 1278 2705 γεγραμμένα,
1307 2622 1364 2696 λος
1378 2616 1429 2687 ὅτε

269 2720 441 2803 έπλατόνθη
460 2719 647 2804 ήέκκλησέα,
670 2720 726 2796 έοις
743 2718 791 2786 ὅτε
808 2723 850 2797 εἰς
862 2719 895 2786 τό
912 2723 989 2786 λδιον
1008 2723 1117 2805 μέτρον
1135 2720 1283 2804 ἐλήλακεν,
1305 2723 1362 2797 δας
1377 2718 1429 2788 διε

269 2822 322 2890 τόν
346 2822 461 2905 κόσμον
484 2830 538 2905 τῆς
562 2823 707 2897 συνέσεως
730 2821 902 2888 δικαιότατα
925 2825 957 2889 έκ
981 2822 1093 2908 πατρός
1114 2825 1166 2889 καλ
1184 2826 1253 2890 υλοῦ
1269 2825 1321 2891 καλ
1340 2820 1428 2911 άγίον

270 2924 440 3009 πνεύματος
462 2921 657 3015 ρι’κονόμηται.
702 2926 764 2989 Καὶ
784 2927 885 2991 έπεσεν
907 2922 925 2992 ὁ
944 2932 999 2990 τοῦ
1016 2924 1135 3012 Ἀερλου
1156 2924 1252 3012 λόγος.

354 3131 414 3194 Καλ
433 3127 477 3195 δτι
493 3129 547 3210 μὲν
563 3125 601 3195 οδ
617 3129 742 3195 δύναται
765 3125 871 3195 ταότδν
891 3126 966 3195 εἶναι
983 3129 1116 3196 διδάσκει
1135 3127 1154 3197 δ
1169 3140 1255 3208 θεῖος
1268 3134 1356 3217 λόγος
1369 3138 1428 3199 τοῦ

270 3229 357 3317 άγλου
377 3231 557 3312 άποστόλου,
585 3237 629 3309 τλς
653 3233 706 3314 μέν
726 3234 805 3298 έστιν
821 3233 997 3310 ἐπίσκοπος,
1029 3236 1072 3308 τίς
1089 3234 1121 3298 δέ
1137 3236 1199 3299 έστι
1214 3232 1424 3320 πρεσβύτερος,

273 3331 315 3412 ὥς
330 3337 406 3420 λέγει
425 3337 563 3424 Τιμοθέῳ
582 3333 735 3423 έπισκόπρο
748 3331 826 3414 ὄντι,
851 3332 1085 3419 7Πρεσβότερον
1102 3333 1143 3418 μή
1159 3334 1331 3426 ἐπιπλήξῃς,
1353 3334 1428 3403 άλλδ

145 3482 198 3529 Μ,
211 3471 256 3518 010.
269 3436 432 3522 παρακάλει
449 3434 490 3514 οἷς
504 3439 625 3521 πατέρα.
674 3443 709 3501 Τι’
723 3432 778 3518 εἶχε
793 3440 916 3521 πρᾶγμα
930 3438 1092 3502 έπίσκοπον
1105 3439 1293 3526 πρεσβυτέρῳ
1308 3436 1349 3522 μή
1362 3440 1426 3505 έπε-

267 3538 419 3623 πλήττειν,
449 3543 477 3604 εἰ
489 3538 529 3622 μή
548 3531 587 3621 ήν
605 3535 678 3623 όπὲρ
695 3536 747 3604 τόν
762 3537 960 3623 πρεσβύτερον
979 3541 1053 3621 έχων
1068 3537 1122 3622 τήν
1137 3542 1287 3619 έξουσλυνς
1319 3537 1360 3618 ολς
1374 3542 1428 3607 καλ

267 3641 355 3708 πάλιν
369 3644 461 3728 λέγει,
494 3639 579 3706 Kato}
596 3642 797 3726 πρεσβυτέρου
819 3639 860 3723 μή
876 3644 984 3724 ταχέως
1007 3647 1185 3727 κατηγορίαν
1204 3645 1307 3725 δέχου,
1343 3644 1371 3708 εἰ
1383 3643 1427 3727 μή

266 3770 295 3809 τι
310 3747 359 3811 έπλ
375 3744 431 3811 δόο
447 3745 498 3809 καὶ
511 3750 600 3828 τριοῖν
617 3742 783 3829 μαρτύριον.
828 3745 890 3809 Καλ
906 3741 962 3809 οόκ
976 3740 1038 3809 εἶπέ
1058 3770 1112 3809 τινι
1131 3751 1189 3810 τῶν
1206 3747 1425 3829 πρεσβυτέριον,

268 3845 326 3930 Μή
341 3849 410 3935 δέξη
423 3851 602 3930 κατηγορλαν
614 3845 688 3912 κατά
703 3844 878 3926 ἐπισκόπου,
899 3846 971 3912 οὐδὲ
984 3849 1097 3932 ἔγραψε
1115 3849 1208 3931 οπερὶ
1222 3855 1282 3913 τοῖν
1294 3849 1426 3930 πρεσβυ-

267 3952 359 4034 τέριον
373 3950 431 4014 τινλ
447 3946 487 4032 μή
504 3947 689 4031 ἐπιπλήττειν
705 3948 866 4037 έπισκόπρτ.
901 3952 962 4014 Kal
978 3946 1054 4037 όρᾷς
1071 3946 1117 4013 ότι
1129 3948 1240 4027 παντός
1255 3957 1308 4016 τοῦ
1322 3952 1355 4016 έκ
1370 3957 1427 4017 τοῦ

264 4051 409 4134 ’διαβόλου
430 4053 709 4135 παρασαλευομένου
731 4049 751 4134 ή
772 4059 883 4127 πτῶσις
904 4049 941 4117 οό
962 4049 1054 4136 μικρά
1077 4056 1120 4128 τές
1142 4055 1233 4131 έστινς

138 4258 203 4328 Κῑφ-
219 4256 251 4321 ε’·
344 4253 469 4338 Ἴδοιμεν
484 4256 516 4321 δέ
531 4259 581 4322 καὶ
597 4255 633 4321 τά
649 4254 718 4321 άλλα
733 4254 834 4336 αότοῡ,
856 4257 905 4321 καλ
922 4257 1176 4340 διασκοπήσιομεν.
1210 4259 1270 4323 Καλ
1288 4258 1356 4340 περὶ
1370 4265 1425 4324 τοῦ

300 4379 525 4432 2.κατασκενᾶσαι
534 4382 602 4430 codd.
610 4395 665 4430 mu.
674 4386 695 4430 ιε
705 4381 741 4430 ιδ.
750 4383 826 4442 ροισι.
861 4381 911 4428 cod.
926 4382 971 4430 λιιι.
989 4396 1042 4430 cum
1057 4395 1151 4431 ιοιιιτο.
1185 4376 1427 4448 ήρυθρονδαιοτμένα

300 4445 324 4497 3.
344 4444 469 4514 μεχιονιδὶ
485 4450 535 4497 cod.
555 4450 650 4509 θλοδιγ.
861 4449 924 4497 edm

299 4510 324 4564 4.
347 4507 576 4582 η’ρνῖιροθανωμένα
599 4518 650 4566 cod.
669 4517 781 4579 θήκαις,
807 4519 828 4565 τι
895 4516 918 4565 ὁ.
944 4515 1036 4586 χρυσαλ
1060 4515 1105 4571 καὶ
1129 4512 1236 4585 dmm
1260 4515 1304 4570 καὶ
1328 4515 1426 4586 χαλκσλ
