3096 5070
297 356 300 363 .
395 304 531 357 raanan
548 303 613 355 tto.
627 303 672 354 ιιι.
689 301 772 356 rou.
785 303 804 353 1.
821 299 1043 353 assumti.
1251 285 1291 350 63

137 427 341 498 assuetam,
374 423 433 488 lilio
449 444 538 509 porro
558 421 605 485 dei
624 424 673 485 vel
696 420 814 485 nomine
837 430 940 495 tenus,
971 419 1018 483 vel
1034 417 1127 482 solum
1146 417 1292 481 hominem

137 528 287 613 appellas3
322 537 353 589 ut
371 526 479 590 diversi
498 546 514 587 a
533 544 567 587 se
583 525 701 607 generis
720 522 808 586 lilium
826 522 967 606 producat
984 520 1073 597 deus,
1107 518 1213 604 quique
1230 519 1293 582 sola

137 630 176 694 sit
190 629 345 714 adoptione
360 628 454 706 tilius3
485 626 647 689 cuiusmodi
663 626 692 688 in
709 624 765 687 illis
782 625 856 687 locis
871 622 1062 706 exprimitur,
1087 625 1174 684 Filios
1188 625 1287 702 genm',
1303 632 1365 729 ppt
1379 633 1400 688 1,
1411 635 1437 729 p¹5

138 743 167 793 et
181 735 323 805 euultuci,
348 731 436 807 item,
460 731 620 807 decepistis
638 731 768 807 spria'tum
789 729 962 806 adoptiones,
995 723 1081 798 item,
1111 724 1227 806 Affirte
1241 687 1445 792 offla:

139 839 231 907 mrito,
247 836 315 914 filii
328 837 383 894 dei.
431 826 507 893 Cum
528 829 617 912 igitur
634 827 773 891 Asterius
791 827 879 891 lilium
893 837 1032 910 paternae
1047 825 1211 904 esseutiae,
1235 825 1294 889 vir·

139 937 228 1015 tutis,
263 933 396 1009 consilii,
427 930 597 1014 gloriaeque
619 929 697 993 nulla
724 950 755 993 re
776 928 921 992 diversam
944 927 1100 1011 imaginem
1128 946 1195 990 esse
1209 928 1292 1004 velit,

139 1057 263 1100 necesse
279 1045 325 1098 est
343 1042 373 1095 ut
390 1042 545 1117 paternas,
569 1031 651 1094 velut
665 1031 695 1093 in
716 1031 791 1111 lilio,
816 1042 901 1094 notas
921 1051 955 1092 ac
974 1029 1081 1113 ligurus
1102 1029 1200 1093 inesse
1221 1028 1293 1091 iudi-

139 1136 273 1213 oarerit,
305 1155 398 1218 eaque
421 1154 496 1219 quac
513 1135 549 1197 de
567 1125 650 1218 palte
673 1133 770 1196 antimo
787 1132 992 1218 concipiuntur
1012 1133 1042 1194 in
1061 1131 1120 1194 tilio
1139 1151 1293 1215 expressa,

140 1238 188 1302 vel
203 1238 230 1300 ei
250 1257 410 1314 concessa,
444 1256 518 1321 quae
544 1257 602 1299 nou
625 1235 683 1298 sint
707 1235 825 1321 abipso
847 1245 929 1320 putre
949 1233 1078 1297 diversa.
1123 1230 1205 1317 llrgo
1224 1233 1295 1296 haec

141 1359 216 1422 quae
238 1338 356 1403 dixerat
379 1339 474 1403 omnia
494 1359 561 1401 esse
584 1338 647 1400 vult
661 1336 762 1401 filium.
808 1334 878 1400 Nou
898 1336 975 1400 euim
994 1336 1073 1399 velut
1094 1334 1294 1399 adttmbratam

142 1440 287 1504 coloribus
309 1441 464 1525 imaginem
488 1440 644 1524 cogitavit,
679 1460 773 1524 neque
798 1439 913 1503 tertium
937 1437 1077 1521 pictorem
1100 1437 1232 1518 invexit,
1263 1450 1295 1503 ut

142 1543 332 1628 discrepantis
350 1564 366 1606 a
386 1554 468 1628 patre
485 1542 534 1605 lilii
552 1542 594 1604 sic
615 1556 750 1625 tanquam
775 1540 922 1603 coloribus
940 1539 1094 1624 qualitates
1111 1540 1178 1604 alibi
1195 1542 1294 1626 expri-

139 1656 251 1725 meret,
283 1644 370 1729 idque
393 1645 486 1730 ipsum
509 1644 670 1728 appellaret
691 1642 791 1705 filium.
837 1640 902 1705 lloc
925 1643 1002 1705 enim
1026 1653 1056 1705 tu
1072 1643 1136 1706 sive
1153 1647 1292 1728 prudens,

137 1746 200 1810 sine
216 1747 383 1832 imprudens
399 1745 528 1824 asseris,
562 1766 628 1808 cum
644 1744 684 1807 ita
701 1743 841 1829 loqueris.
882 1745 972 1829 lgitur
987 1743 1012 1808 si
1033 1745 1180 1808 essentiae
1196 1746 1293 1831 imago

139 1858 203 1924 est,
234 1848 364 1911 essentia
379 1847 442 1932 ipsa
458 1866 525 1910 esse
545 1868 603 1909 non
621 1856 736 1930 potest,
762 1866 855 1929 neque
872 1846 1041 1924 consilium,
1065 1847 1090 1909 si
1108 1847 1206 1932 imago
1224 1871 1294 1912 cou-

140 1949 197 2011 silii
215 1960 271 2012 est.
316 1946 429 2012 Nostra
445 1969 518 2012 vero
532 1948 692 2027 sententia,
716 1948 740 2010 si
755 1947 903 2010 essentiae
922 1949 989 2011 viva
1005 1948 1045 2011 sit
1059 1948 1168 2032 imago,
1193 1970 1294 2015 esseu-

140 2050 180 2113 tia
197 2050 258 2135 ipsa
278 2070 345 2114 esse
371 2060 484 2134 potest,
516 2059 618 2134 estque
636 2070 752 2113 revera.
798 2049 896 2134 Atque
914 2051 954 2112 ita
974 2050 1121 2114 essentiae
1138 2051 1292 2135 imaginem

140 2171 207 2216 esse
225 2151 415 2229 eonfitemur,
439 2151 474 2215 ad
493 2161 627 2214 exactam
644 2152 723 2214 vitae
742 2161 772 2215 et
788 2150 914 2214 actionis
934 2151 1151 2215 similitudinem
1171 2173 1294 2238 expres·

139 2273 215 2318 sam.
261 2251 374 2316 Eodem
397 2253 482 2315 modo
502 2264 533 2316 et
550 2252 664 2315 consilii
681 2253 838 2338 imaginem
854 2253 1008 2316 consilium
1029 2255 1168 2334 lauimus,
1198 2261 1298 2337 magni
1307 2271 1436 2322 asum

139 2360 249 2418 emineat
273 2359 389 2418 consilii·
405 2358 553 2436 angelum,
586 2375 622 2418 ao
645 2365 792 2440 postremo
817 2356 929 2439 gloriae
952 2366 981 2418 et
1000 2355 1117 2419 virtutis
1138 2358 1293 2442 imaginem

141 2458 263 2542 gloriam
280 2479 315 2522 ao
330 2457 466 2521 uirtutem
486 2477 553 2520 esse
575 2457 739 2521 statuimus.
786 2456 870 2542 Quae
888 2457 1001 2541 quidem
1020 2457 1116 2520 omnia
1135 2458 1180 2522 tis
1197 2460 1296 2524 verbis

139 2581 157 2624 a
173 2555 293 2626 Christo
312 2560 513 2623 declat-autur:
538 2563 621 2621 Sa‘eut
628 2571 714 2641 poter
726 2561 812 2622 tabet
826 2566 911 2623 uitam
927 2565 956 2622 in
975 2565 1081 2641 seipso,
1113 2565 1155 2621 sie
1172 2565 1447 2635 dedicationemque

133 2665 203 2743 filiis
221 2668 306 2725 uitam
329 2663 432 2724 dobere
451 2667 481 2723 r'n
497 2667 604 2743 serpso.-
636 2673 684 2741 et,
708 2666 791 2724 Sicut
802 2674 887 2744 puter
900 2668 1023 2725 crescitur
1035 2673 1159 2724 mortuos
1175 2674 1204 2724 et
1220 2669 1289 2726 m'ot'-
1339 2641 1364 2677 ⁰⁸
1375 2634 1407 2677 ἰ’

138 2768 220 2843 ficut.
268 2763 418 2828 Eiusmodi
436 2764 539 2849 quippe
559 2784 667 2843 voces,
698 2769 797 2839 Sr'eut,
829 2771 887 2840 stc,
913 2765 1133 2828 similitudinem
1150 2768 1292 2849 quandum

143 2866 296 2950 imaginis,
320 2877 350 2930 et
372 2867 407 2929 ad
429 2866 620 2950 imitationem
643 2884 815 2950 expressam
838 2867 961 2952 effigiem
984 2869 1197 2930 demonstrant.

229 2966 345 3031 Deinde
362 2969 460 3053 paucis
475 2967 654 3045 interiectis,
678 2966 748 3032 Nou
765 2969 855 3047 enim,
878 2970 988 3053 inquit,
1012 2969 1140 3033 divinum
1159 2970 1292 3050 verbum,
1322 2978 1382 3048 cap.
1396 2981 1431 3030 x.

143 3073 225 3135 lesus
240 3070 354 3133 seilicet
368 3071 458 3133 vitam
477 3081 506 3133 et
525 3070 764 3155 pulchritudinem
781 3082 810 3134 et
829 3073 966 3136 decorem
987 3072 1118 3136 tribuens
1136 3071 1213 3136 vitae
1231 3074 1293 3158 ipse

142 3193 177 3236 ao
195 3171 415 3257 pulchritudinis
432 3181 461 3234 et
476 3173 591 3234 decoris
604 3193 713 3257 expers
728 3184 784 3251 cst,
809 3174 839 3236 in
856 3185 961 3252 morte,
985 3175 1031 3238 vel
1048 3194 1085 3238 eo
1100 3185 1176 3238 statu
1192 3176 1220 3238 in
1237 3197 1294 3260 quo

141 3274 347 3338 nihilomnino
366 3275 421 3353 sit,
454 3276 646 3353 constitutus,
678 3276 729 3338 sed
753 3286 890 3360 paternas
913 3275 943 3339 iu
971 3297 1004 3340 se
1025 3287 1109 3341 notas
1131 3277 1219 3341 habet
1241 3297 1295 3341 ex·

141 3397 276 3460 pressas3
309 3397 367 3439 non
389 3376 468 3460 quasi
492 3377 567 3440 alter
588 3376 650 3461 ipse
674 3377 729 3455 sit,
760 3389 791 3441 et
806 3378 871 3442 aliis
896 3379 1006 3463 figurae
1032 3378 1109 3442 notis
1131 3379 1293 3465 praeditus,

141 3497 243 3541 verum
269 3490 299 3542 et
315 3477 418 3542 ineius
439 3478 567 3542 essentia
595 3480 728 3563 propriae
751 3480 828 3543 illius
854 3490 940 3544 notae
965 3482 1076 3564 positae
1098 3491 1185 3557 suut,
1218 3481 1293 3544 etin

143 3579 267 3661 propriis
287 3580 364 3643 notis
382 3581 510 3644 essentia
526 3581 671 3646 consistit.
718 3578 859 3647 Ceterum
878 3581 975 3666 imago
992 3604 1057 3645 cum
1073 3583 1211 3658 alterius,
1235 3602 1293 3645 non

144 3677 357 3762 suimetipsius
374 3680 470 3765 imago
487 3679 543 3755 sit,
568 3689 599 3741 ut
617 3680 724 3762 etipse
742 3683 860 3760 statuis,
884 3686 1062 3769 exemplaris
1078 3685 1108 3748 in
1124 3703 1157 3746 sc
1173 3683 1294 3767 liguram

143 3798 251 3863 gerens
267 3779 463 3842 diversitatem
480 3780 604 3857 indicat,
636 3782 687 3843 sed
703 3782 846 3845 eiusmodi
863 3784 1060 3848 diversitatem
1077 3805 1152 3869 quae
1169 3784 1243 3847 idem
1260 3805 1294 3848 ac

144 3879 303 3944 similitudo
319 3879 368 3942 sit.
413 3878 483 3943 Nou
506 3880 583 3942 enim
602 3882 755 3966 suiipsius
777 3887 912 3948 existens
934 3885 983 3948 ille
1006 3886 1087 3970 ipse,
1118 3886 1169 3948 sed
1197 3888 1294 3952 cuius-

144 3981 222 4068 piam
240 3981 362 4046 alterius
381 3991 425 4043 est
442 3981 539 4064 imago
555 3981 668 4064 imago,
691 3984 826 4067 iuquam,
851 4008 909 4049 uon
929 3985 1114 4069 aspectabilis
1132 3986 1189 4050 dei.
1235 3985 1293 4054 Pa-

143 4083 198 4148 tris
214 4082 304 4169 igitur
321 4083 419 4166 imago
436 4083 511 4146 lilius
528 4093 590 4160 est,
615 4082 719 4146 mneos
739 4085 837 4168 utique
853 4087 1000 4166 virentis,
1034 4098 1114 4154 motu
1131 4100 1216 4175 atque
1233 4094 1293 4157 elli-

177 4321 202 4373 2.
220 4317 289 4382 tede,
308 4315 384 4390 [ἀλλ’]
405 4317 538 4388 ι’Ἰησοῦς
553 4323 589 4374 ed.
602 4324 701 4375 Petoutt
735 4323 827 4375 Nouae
848 4324 914 4375 enim
929 4326 1030 4377 vmbom
1047 4325 1107 4378 deos
1121 4327 1178 4379 est?
1213 4332 1292 4381 immo

142 4392 225 4441 itatius
238 4393 336 4453 {mtosse
348 4404 420 4454 mom
435 4394 479 4454 {eet
491 4394 619 4455 distingues
631 4395 701 4442 iater-
735 4395 816 4457 lesus,
843 4410 991 4463 quamquam
1010 4395 1063 4464 ipse
1078 4396 1154 4448 situm
1172 4409 1292 4465 praestet,

142 4461 268 4538 muttonis
285 4463 351 4522 agno
374 4453 414 4511 ot
431 4457 480 4526 γὰρ
501 4455 516 4514 ὁ
537 4457 610 4525 λόγος
626 4455 701 4522 θεός
736 4467 786 4514 cett.

151 4521 210 4577 Atl'
224 4520 239 4579 ὅ
254 4520 372 4593 Ἰησοῦς,
400 4522 414 4580 ὅ
429 4525 545 4597 παρέχων
560 4533 628 4591 cett,
643 4529 667 4579 tt.
681 4543 700 4580 e
768 4530 791 4586 a
809 4527 839 4584 ad
856 4532 907 4584 cod
924 4531 1021 4595 nauta.
