3096 5070
387 305 525 358 eunoun
543 306 607 359 ιιι.
620 307 666 360 nt.
681 306 766 362 rou.
779 308 799 359 r.
815 305 915 359 nean
928 307 1051 360 nxxrn.
1236 298 1297 362 tto

138 447 227 508 vero,
256 427 432 513 sapientiam
456 425 545 493 lilium
569 427 730 512 asapienti
754 427 810 495 deo
834 447 869 492 ιι
894 436 994 512 patre,
1027 437 1057 491 et
1077 436 1109 491 ut
1128 446 1186 491 uno
1206 426 1298 493 verbo

138 529 251 610 dicam,
275 530 366 597 lilium
383 531 474 616 patris
491 529 694 614 undecumque
714 529 857 608 similem,
891 529 933 592 uti
951 527 1040 593 lilium
1062 529 1166 615 petris.
1211 529 1257 594 Ac
1273 529 1300 596 si

138 633 204 717 quis
221 634 319 718 aliqua
334 634 429 699 solum
445 654 487 696 ex
503 641 587 716 parte
604 629 728 696 similem
746 653 814 696 esse
831 629 925 710 dicet,
951 641 983 695 ut
999 643 1067 696 autc
1083 631 1223 717 scriptum
1238 641 1298 713 est,

138 735 174 801 ab
191 736 319 802 ecclesie
336 735 479 801 catholica
498 732 625 797 alienum
645 754 714 799 csse
731 754 857 813 censeo,
882 753 919 798 eo
936 735 1012 819 quod
1031 755 1048 798 e
1063 755 1215 799 sacrarum
1235 734 1301 798 lite·

138 860 237 903 rarum
265 837 447 924 praescripto
472 835 546 921 patri
571 834 695 898 similem
718 856 786 900 esse
812 836 901 901 lilium
925 858 985 901 non
1008 846 1161 922 agnoscet.
1206 833 1302 901 Lecta

139 952 186 1008 est
208 941 281 1006 haec
306 937 501 1023 subscriptio,
535 949 565 1001 ct
583 934 702 1001 Valenti
720 939 837 1002 tradita.
882 937 1016 1004 Adluere
1031 936 1172 1018 Marcus,
1205 935 1301 1003 Geor·

137 1043 221 1128 gius,
246 1040 404 1120 Ursstius,
429 1037 597 1105 Germanus
612 1049 643 1104 et
656 1038 860 1127 llypatianus,
884 1041 1032 1129 episcopi,
1064 1063 1130 1106 cum
1148 1040 1302 1128 presbyte-

139 1147 181 1211 ris
203 1167 238 1209 ac
261 1142 394 1208 diaconis
417 1141 558 1228 pluribus.

226 1244 292 1310 llas
309 1268 397 1332 porro
414 1245 556 1331 epistolae
575 1266 593 1311 ι
609 1245 694 1310 uobis
711 1245 758 1310 hic
775 1255 909 1310 attentae
927 1256 1012 1325 suut,
1038 1256 1069 1310 ut
1084 1245 1155 1312 illud
1170 1246 1301 1311 eruditus
1350 1258 1409 1326 cap.

140 1349 264 1435 quisquc
281 1370 419 1414 accerse
435 1349 501 1413 lidei
519 1348 670 1414 studiosus
685 1347 829 1432 intelligat
846 1371 905 1413 uon
918 1347 1047 1413 inaniter
1063 1370 1099 1413 ec
1115 1351 1180 1414 sinc
1194 1369 1301 1415 caussa
1324 1326 1423 1379 mn·

141 1475 196 1518 nos
222 1453 252 1517 in
275 1453 400 1538 aliquem
433 1451 553 1531 invehi,
590 1451 643 1516 scd
674 1451 849 1518 certissimis
880 1450 1102 1536 probationibus
1130 1451 1184 1516 niti
1211 1451 1300 1516 velle.

141 1553 281 1622 Ceterum
302 1556 379 1619 idem
405 1554 446 1619 illi
467 1574 571 1619 rursus
587 1575 606 1618 ι
620 1552 685 1618 suis
701 1554 920 1634 discesserunt,
955 1577 1021 1618 curu
1044 1553 1081 1618 uls
1103 1554 1218 1641 privata
1235 1555 1304 1619 odis

141 1659 337 1744 humanasque
358 1657 523 1722 simultates
544 1668 575 1721 et
588 1657 801 1721 aemulationes
825 1677 893 1722 sese
910 1657 1037 1723 invicem
1055 1657 1158 1742 iurgiis
1176 1658 1305 1724 lacesse·

140 1772 223 1841 reut,
256 1771 289 1824 et
307 1760 343 1824 de
361 1759 524 1845 principatu
548 1760 775 1824 contenderent.
819 1760 867 1822 lle
885 1771 945 1823 tum
964 1756 1217 1825 semiarianorum
1232 1760 1305 1824 isto·

141 1885 205 1928 rum
229 1861 360 1949 pertibus
384 1862 475 1926 robur
497 1862 643 1942 accessit,
679 1861 708 1925 in
731 1860 835 1946 quibus
857 1863 940 1927 luere
961 1859 1110 1943 Basilius,
1143 1859 1303 1947 Georgius,

142 1963 284 2031 Silvanus
301 1986 335 2028 ιι
351 1965 443 2028 ιιιιιί
463 1965 567 2048 quibus
584 1964 683 2028 carreis
698 1964 848 2029 brachium
866 1964 1035 2030 adiumento
1050 1976 1132 2044 erat,
1156 1961 1306 2030 Constan-

142 2069 213 2132 tiuru
232 2068 438 2151 imperatorem
455 2066 598 2149 intelligo.
644 2063 809 2132 0btiuuerc
826 2077 923 2131 taruco
939 2068 1121 2151 postmodum
1136 2065 1304 2148 Eudonius,

142 2181 174 2234 ct
190 2167 339 2253 Georgius
358 2167 597 2247 Alexandrinus,
621 2179 652 2232 ct
668 2167 802 2234 llusoiua
819 2168 1037 2239 Antiocheuus.
1084 2167 1213 2236 Basilius
1233 2190 1305 2234 vero

142 2295 177 2337 ιι
195 2270 344 2355 Georgius
357 2268 548 2335 Luodiceuus
573 2291 639 2334 cnm
664 2272 726 2336 suis
744 2272 858 2337 minore
874 2273 904 2336 iu
921 2273 1016 2358 pretio
1040 2293 1109 2337 esse
1131 2283 1305 2358 coeperunt,

143 2396 208 2439 cu·
234 2374 376 2439 hactenus
398 2373 553 2459 plurimum
574 2374 751 2438 auctoritate
771 2374 945 2441 valuissent.
989 2373 1040 2439 Ex
1061 2374 1099 2439 iis
1118 2395 1236 2440 rursum
1257 2373 1307 2438 alii

143 2477 179 2542 ab
198 2478 300 2541 cadem
325 2476 442 2541 haeresi
462 2498 497 2541 ιι
514 2477 629 2562 syuodo
648 2475 754 2542 divulsi
769 2488 854 2557 suut,
885 2478 959 2542 adeo
980 2489 1011 2542 ut
1027 2477 1208 2542 Arianorum
1225 2487 1307 2541 secta

143 2580 198 2644 tris
225 2579 256 2644 iu
281 2580 440 2644 lactionum
467 2579 593 2644 divortia
622 2579 803 2643 discesserit.
857 2578 936 2644 Nam
961 2580 1093 2645 Aeacius
1119 2576 1307 2645 Palaestinos

146 2679 313 2747 Caesareus
328 2682 501 2768 episcopus,
535 2704 601 2747 oum
618 2679 762 2762 Melctio,
794 2692 824 2746 et
839 2680 952 2748 Uranio
969 2682 1085 2769 Tyrio,
1116 2692 1147 2746 et
1161 2680 1308 2768 Eutychio

146 2780 440 2870 Eleutheropolitano
461 2806 513 2870 pro
530 2806 567 2849 eo
583 2804 642 2870 quo
658 2785 688 2849 in
705 2781 849 2871 Gyrillum
866 2784 1172 2874 Hierosolymitauum
1194 2785 1261 2849 odio
1278 2793 1310 2849 et

147 2884 257 2952 invidia
270 2887 432 2970 llsgrabat,
455 2884 588 2966 Basilio,
613 2909 648 2952 ιι
664 2885 797 2973 Georgio
813 2885 1005 2967 Laodiceno,
1030 2884 1153 2954 Silvano
1174 2885 1309 2952 Tarsen-

147 2987 192 3066 si,
223 2985 346 3054 Eleusio
367 2985 539 3076 Gyziceuo,
568 2987 749 3056 Macedonio
768 2987 1117 3077 Constantinopolitano,
1150 2987 1308 3055 Euststlsic

146 3086 333 3171 Sebasteno,
366 3104 396 3156 et
411 3092 532 3157 Aniano
551 3092 740 3158 Antiocheno
757 3093 887 3179 seipsum
909 3094 1063 3181 opposuit,
1094 3094 1142 3180 qui
1162 3104 1222 3158 tum
1237 3114 1308 3158 cou-

145 3192 240 3257 stituti
257 3215 322 3258 cum
345 3206 462 3276 essem,
495 3191 564 3261 snus
580 3196 609 3260 in
625 3217 677 3262 cos
695 3196 776 3262 vires
792 3195 912 3281 collegit
927 3196 1076 3276 Aeacius,
1106 3217 1141 3261 ιι
1158 3194 1309 3261 turbarum

147 3297 303 3382 plurimum
325 3297 466 3363 concivit.
512 3295 557 3363 lta
582 3300 689 3364 lactum
714 3310 761 3364 est
776 3309 809 3363 ut
824 3320 888 3364 cum
908 3299 938 3363 in
959 3301 1060 3364 eadem
1079 3299 1189 3384 alioqui
1206 3318 1310 3365 omnes

106 3475 113 3486 ι
147 3400 285 3484 opinione
309 3401 424 3480 forent,
456 3421 516 3466 uon
537 3402 642 3466 eodem
668 3413 765 3466 tamen
789 3403 877 3467 modo
899 3402 1007 3487 singuli
1024 3400 1219 3489 professionis
1237 3419 1310 3466 suae

148 3501 301 3567 turmulam
325 3503 544 3596 conciperent·
565 3514 594 3567 et
613 3525 630 3568 a
649 3525 682 3568 se
702 3505 830 3569 invicem
853 3504 1042 3569 dissiderent.
1088 3502 1139 3569 Ex
1162 3525 1219 3588 qua
1235 3502 1310 3566 divi·

147 3602 232 3672 sione
255 3603 285 3666 iu
310 3615 372 3669 tres
399 3604 482 3685 illas,
514 3626 588 3690 quus
614 3607 701 3670 modo
726 3606 874 3685 diximus,
906 3607 1051 3671 factiones
1071 3604 1205 3669 distracti
1229 3614 1309 3668 sunt.

149 3701 266 3768 Etenim
285 3702 414 3771 Aeacius
439 3728 504 3771 cum
528 3707 592 3772 suis
617 3728 712 3791 neque
732 3708 1011 3774 consubstantialem
1030 3707 1178 3773 lambatur
1194 3727 1262 3771 csse
1279 3705 1312 3768 d·

147 3804 236 3893 lium,
261 3826 357 3891 neque
376 3820 542 3874 creaturam
560 3830 600 3873 ex
618 3820 783 3874 ceterarum
801 3812 903 3876 ordine
921 3833 956 3876 ac
970 3831 1106 3875 numero.
1151 3806 1193 3872 Et
1211 3828 1312 3893 quum·

148 3908 194 3973 ris
212 3909 314 3973 eadem
330 3931 395 3974 cum
411 3910 477 3974 aliis
494 3911 658 3988 sentirent,
683 3932 765 3977 suam
781 3923 878 3978 tumen
895 3913 1060 4000 opinionem
1076 3909 1310 3991 dissimulabant,

147 4031 182 4076 se
206 4013 331 4097 tempori
354 4013 521 4079 servientes
543 4021 698 4078 creaturae
725 4035 830 4078 nomen
854 4014 972 4080 silentio
995 4012 1214 4100 praeteribunt,
1245 4035 1312 4079 cum

147 4112 264 4179 interim
283 4115 354 4180 citit
369 4116 405 4181 ab
422 4115 545 4182 Arianis
566 4115 755 4181 dissiderent.
802 4113 912 4180 Verum
931 4138 984 4203 per
1001 4116 1069 4180 illud
1096 4126 1210 4204 tempus
1236 4118 1312 4204 quod

148 4316 196 4369 τα,
225 4300 291 4358 κατά
317 4320 346 4358 τι
370 4265 420 4359 teil
451 4300 535 4359 adreio
562 4299 719 4387 πριτιύσις
747 4320 820 4373 psum
836 4301 954 4386 eruperit,
973 4312 1000 4354 et
1016 4309 1066 4355 cett.

148 4374 434 4494 lediunocmlsicullcnlll
458 4376 541 4495 um
555 4375 719 4492 ’.ἐπιθῇ
781 4369 808 4492 d.
821 4370 851 4493 dl
866 4370 1204 4494 dddtldoldlosssldlfddaolcs.
1220 4447 1291 4506 repet.

148 4506 221 4558 mutis
237 4519 325 4562 contre
342 4509 438 4580 ipsum,
456 4510 524 4562 idem
543 4508 647 4561 Asuuius
663 4507 715 4560 sei·

1062 4594 1113 4665 8.
