3096 5070
393 253 530 362 rinnau
548 309 613 360 arn.
624 308 669 360 ru.
686 307 770 360 rou.
781 308 802 358 1.
821 306 922 358 naeu.
935 306 1055 358 nxxur.
1243 297 1304 361 133

143 428 271 516 pientiae
292 448 399 493 nomeu
418 428 513 514 ipsum
537 427 572 490 ad
595 447 711 491 omnem
733 426 879 513 passionis
902 427 1113 492 excludendam
1137 428 1304 515 opinionem

141 532 257 597 suffieit.

182 632 338 699 Veram
359 656 416 719 quo
432 633 550 697 tandem
572 632 703 717 rapimur
719 632 782 696 eius
801 633 849 717 qui
870 633 910 696 ita
927 631 1046 718 scripsit
1065 630 1167 712 obiiti,
1198 637 1305 697 Oula·-
1354 635 1414 702 ⁰¹¹9·

141 743 208 800 tudo
230 743 407 810 divitia-an,
440 740 596 817 supientiae
618 746 648 796 et
663 739 797 798 amentiae
811 739 874 797 dea:
908 757 990 817 quum
1013 680 1457 826 riroompreiensa‘balrtrpfflwip

140 852 208 903 sunt
230 845 335 903 iudaeae
358 845 436 912 ee',ua
451 850 498 899 et
522 839 732 918 navortigobalea
755 842 816 898 υἰιιι
840 842 926 899 eries?
968 835 1034 901 Nos
1053 837 1130 900 enim
1154 838 1304 902 doctorem

141 942 282 1007 habemus
314 941 447 1005 veritatis
478 940 628 1025 spiritum3
669 959 753 1024 quem
788 939 872 1002 uobis
905 949 1094 1024 posteaquam
1127 939 1157 1003 in
1189 941 1302 1004 eoelum

141 1045 275 1109 aseendit
298 1043 420 1126 targitus
447 1054 493 1106 est
516 1042 668 1106 dominus:
704 1045 740 1103 ut
763 1045 905 1103 ιιΆιιιιιιιιι
921 1064 993 1124 quoe
1008 1064 1027 1103 a
1043 1045 1095 1103 deo
1113 1046 1456 1118 denumerationem

140 1149 237 1209 nobis.-
269 1151 299 1208 in
316 1167 371 1227 quo
388 1157 418 1207 et
431 1149 586 1227 loquentur,
619 1166 675 1206 noa
698 1148 727 1206 a'a
750 1147 856 1205 edoctas
874 1147 1012 1207 humanae
1026 1149 1182 1225 aepr'eatrire
1199 1147 1302 1221 ιιινῠιί,

139 1253 221 1311 aeda
238 1251 389 1329 disciplina
413 1253 533 1329 aperitur
550 1252 690 1329 acceptas,
721 1249 900 1327 spiritalibus
925 1250 1069 1328 spiritulia
1093 1260 1301 1328 comparentes,

140 1355 169 1412 a'n
195 1372 250 1431 pao
276 1353 393 1411 caltinus
416 1354 629 1426 eruderatum
662 1349 745 1413 cuius
764 1350 858 1432 gratia
879 1350 1040 1433 ignominia
1059 1349 1217 1427 afficimur,
1252 1369 1304 1433 per

140 1473 225 1537 quem
251 1452 410 1538 prophetae
433 1452 582 1517 vaticinati
606 1462 692 1531 suut,
727 1472 744 1515 a
768 1473 827 1535 quo
848 1451 916 1516 iusti
934 1450 1068 1514 homines
1085 1472 1138 1537 per
1157 1451 1232 1514 viam
1253 1451 1304 1515 de-

140 1556 316 1636 ductisunt,
349 1576 401 1641 per
423 1576 508 1640 quem
527 1555 719 1618 consiliamur
737 1553 809 1617 filio.
856 1551 933 1638 Quid
949 1554 1055 1617 attinet
1071 1553 1162 1638 igitur
1177 1552 1208 1616 iu
1225 1553 1303 1617 iuius

139 1668 271 1722 naturam
288 1657 458 1742 inquireret
502 1655 613 1720 Nonne
631 1657 704 1742 apud
722 1655 839 1719 vossio
866 1666 1005 1740 tanquam
1022 1655 1170 1742 spiritales
1189 1677 1302 1720 sermo·

138 1779 204 1824 uem
224 1760 425 1824 instituimus?
468 1758 545 1824 Nam
563 1760 598 1822 ad
615 1759 690 1822 alios
705 1759 761 1821 ista
779 1759 945 1844 pertinent:
979 1763 1115 1838 Quonim
1129 1782 1186 1821 aaa
1199 1781 1300 1841 possu-
1312 1769 1387 1816 amor.
1400 1769 1422 1826 ι,
1435 1770 1456 1818 ι.

137 1884 198 1924 raus
220 1864 298 1924 voirs
323 1867 403 1945 loqui
418 1875 550 1944 tanquam
572 1863 768 1943 spiritalibus,
803 1865 854 1922 sed
874 1874 1006 1943 tuaquom
1025 1863 1199 1923 carnalibus.
1246 1859 1303 1926 Est

137 1965 206 2029 ittot
232 1984 306 2027 vero
330 1965 536 2043 metuendum,
570 1986 607 2028 ne
631 1984 672 2028 ex
691 1984 791 2027 earum
816 1984 1005 2048 rerumquae
1023 1963 1230 2049 comprehendi
1250 1985 1302 2027 ne-

138 2076 248 2151 queunt
265 2065 421 2129 ambitioso
438 2066 554 2145 studio,
586 2078 732 2130 eteorum
753 2086 828 2150 quae
846 2065 1020 2149 investigari
1039 2087 1098 2129 nou
1113 2077 1238 2151 possunt
1256 2067 1300 2130 in-

137 2167 296 2253 quisitione
319 2168 348 2230 iu
374 2167 545 2231 altissimam
567 2167 723 2254 impietatis
748 2168 920 2252 voraginem
946 2167 1122 2233 incidamus.
1166 2173 1208 2232 Et
1222 2174 1295 2246 dene,
1312 2180 1441 2239 sonum

136 2275 257 2352 Sapiens
271 2291 337 2346 ero,
371 2281 401 2332 et
424 2275 485 2351 apso
511 2273 623 2350 longatus
641 2292 660 2332 a
676 2293 719 2333 are
740 2276 858 2333 recessit
874 2292 956 2353 quam
974 2282 1054 2345 eroa-
1087 2283 1118 2333 et
1133 2276 1300 2335 altrisriaunr

136 2384 179 2435 est
191 2374 385 2456 profundum.-
409 2379 473 2455 quas
485 2378 608 2435 ιἰιιιιιιὶιι
622 2376 705 2434 illud.
752 2370 977 2437 Meminerimus
998 2372 1074 2436 enim
1093 2373 1157 2437 eius
1175 2375 1222 2459 qui
1244 2376 1341 2439 ista

137 2476 228 2541 dixit:
260 2481 309 2539 ua
322 2489 407 2557 parte
422 2481 631 2557 cognoscamus,
663 2488 693 2537 et
706 2499 744 2537 ea
756 2487 842 2558 purte
862 2480 1073 2558 prophetamus.
1123 2480 1191 2539 Cam
1206 2489 1452 2599 autempqpn
1376 2491 1453 2546 ..aaa

136 2583 246 2641 uenerat
262 2583 340 2660 quod
355 2581 513 2660 perfectum
531 2591 589 2654 est,
613 2581 797 2641 eoaouobatur
810 2583 886 2662 quod
901 2603 939 2641 ea
948 2591 1034 2661 purte
1049 2590 1109 2640 est:
1139 2601 1164 2641 sa
1180 2584 1243 2661 quai
1257 2586 1299 2642 ιιι·-
1354 2544 1452 2600 Μῌ

136 2685 220 2742 detur
233 2686 324 2756 seire,
348 2686 471 2743 aoaduan
485 2686 564 2744 noor't
576 2686 803 2764 quemadmodum
820 2693 951 2763 oporteat
964 2685 1049 2744 scere.
1097 2678 1299 2765 Quamobrem

137 2784 298 2847 verendum
322 2783 407 2848 nobis
432 2795 480 2848 est
505 2805 559 2864 ne,
594 2785 660 2848 dum
686 2784 722 2847 de
749 2785 795 2847 his
820 2805 896 2869 quae
911 2785 1029 2870 assequi
1049 2807 1108 2850 non
1129 2804 1297 2870 possumus,

138 2906 195 2969 quo
217 2885 282 2948 iure
306 2907 420 2971 quaque
445 2887 552 2950 iniuria
568 2887 717 2972 disputare
735 2888 889 2966 voionus,
921 2907 958 2950 ue
975 2888 1011 2951 de
1030 2887 1073 2951 his
1093 2888 1207 2972 quidem
1224 2907 1298 2971 quae

138 2985 284 3071 attingere
310 3009 464 3073 possumus
496 2989 660 3105 disputandi
686 2989 809 3053 saunitas
836 2990 1029 3074 relinquatur.
1080 2988 1157 3053 Nam
1184 3010 1223 3052 ex
1243 2989 1298 3052 fide

137 3089 235 3173 loqui,
261 3111 318 3153 uon
338 3112 379 3154 ex
399 3091 537 3176 hisquae
557 3091 699 3178 quispiam
729 3091 875 3175 loquitur,
909 3092 993 3155 fidem
1020 3091 1159 3156 adhibere
1190 3112 1299 3157 conve·

137 3192 199 3255 nit·
225 3197 342 3255 Credrile'
358 3198 447 3269 enain,
472 3194 583 3278 inquit,
614 3206 733 3276 propter
749 3199 824 3277 quod
840 3207 869 3256 el
886 3197 996 3256 loeutus
1011 3218 1082 3257 sum.
1131 3191 1232 3278 Quare
1247 3195 1296 3280 qui
1329 3209 1413 3254 eamn

137 3295 173 3357 de
189 3294 306 3380 propria
325 3296 517 3380 generatione
537 3295 610 3360 certi
626 3298 697 3360 nihii
714 3297 858 3361 affirmare
876 3318 1044 3383 possumus,
1057 3319 1123 3362 eum
1142 3296 1188 3361 dei
1206 3318 1297 3382 gene·
1323 3260 1369 3318 ¹⁶³
1383 3262 1416 3307 ¹⁹

135 3396 280 3460 rationem
294 3398 411 3461 ouriose
434 3409 669 3482 persor-utamur,
703 3409 733 3462 et
752 3399 906 3462 ambitiose
924 3399 1074 3485 explicaro
1092 3400 1141 3463 itta
1161 3400 1298 3484 aggredi·

137 3519 214 3579 mur,
238 3519 336 3562 nonne
354 3500 511 3564 timendum
530 3510 577 3564 est
591 3522 628 3564 ne
644 3501 702 3581 his,
727 3501 775 3586 qui
791 3523 849 3565 nou
864 3503 1034 3588 disciptinae
1053 3505 1140 3567 modo
1155 3502 1296 3586 linguam,

136 3601 189 3664 sed
206 3611 235 3663 et
251 3600 476 3685 opportunitatis
492 3602 535 3666 ad.
555 3604 708 3668 dicendum
734 3605 886 3668 seientiam
912 3607 1045 3685 oontert,
1068 3616 1197 3668 nostram
1219 3604 1298 3667 iiiam

137 3701 349 3766 addicendum
375 3705 563 3790 praecipitem
589 3705 740 3770 audaciam
763 3706 881 3771 silentio
907 3708 1043 3771 damnet?
1094 3705 1180 3789 Quod
1206 3706 1293 3769 beato
1319 3720 1407 3770 unat

136 3805 177 3868 itti
204 3802 366 3868 Zachariae
391 3807 525 3890 contigit.
571 3805 630 3890 Qui
652 3806 768 3890 quidem
793 3809 843 3874 titii
868 3810 1050 3873 nativitatem
1074 3808 1217 3871 nuntianti
1240 3808 1297 3873 sibi

137 3906 244 3991 angelo
262 3905 379 3970 minime
397 3909 534 3988 eredens,
559 3929 593 3972 ao
610 3909 656 3971 dei
674 3909 797 3992 gratiam
814 3922 844 3974 et
858 3912 996 3975 virtutem
1012 3910 1156 3974 humanae
1173 3911 1297 3975 rationis

137 4008 294 4074 momentis
311 4030 346 4072 ao
362 4011 539 4096 ponderibus
555 4010 734 4089 aestimans,
759 4032 916 4097 secumque
934 4014 996 4099 ipse
1014 4011 1167 4094 dubitans,
1192 4015 1296 4099 enquid

136 4124 241 4177 natura
257 4122 419 4197 pateretur,
442 4124 475 4177 ut
492 4114 576 4177 senio
596 4114 806 4178 contentusero
824 4135 883 4179 auu
901 4115 1011 4178 liberos
1028 4115 1203 4199 susciperet,
1228 4117 1294 4201 quid

137 4216 252 4279 demum
269 4214 434 4299 eloquitur?
479 4221 632 4296 Quomodo,
655 4215 768 4302 inquit,
783 4219 854 4300 sore
870 4223 925 4279 asta
942 4225 1132 4298 cognoscum?
1152 4226 1294 4299 egoenim

136 4340 197 4379 sum
212 4340 309 4392 aenea,
333 4331 363 4379 et
377 4342 451 4382 uuor
465 4342 526 4382 meu
538 4325 708 4401 proeessi‘t
694 4343 723 4383 an
740 4323 839 4383 deeius
854 4325 924 4382 ιιιὶι.
972 4319 1057 4386 Unde
1073 4321 1170 4385 statim
1190 4322 1292 4403 audiit,

137 4425 213 4481 ane
226 4426 283 4482 erra
299 4433 394 4484 terem
410 4435 439 4484 et
455 4445 510 4485 noa
522 4427 632 4505 potera's
649 4427 735 4506 loque.
782 4419 823 4486 Et
846 4444 903 4486 oon
928 4434 1043 4509 poterat
1067 4425 1145 4511 loqui
1165 4446 1231 4491 sum
1247 4447 1294 4493 ea·

137 4530 183 4586 set
206 4543 355 4604 egressus.
