3096 5070
278 40 334 161 θ

381 327 518 380 rinnau
535 323 598 377 ιιι.
613 323 658 376 ιιι.
675 324 909 378 romonum.
922 325 1043 378 ιιιιιιιι.
1229 313 1290 380 113

131 446 208 512 musa
234 444 382 531 Scriptum
401 465 418 507 a
436 445 522 510 vobis
538 456 584 536 est
601 444 725 509 similem
743 466 810 509 esso
826 445 978 510 voluntate
996 445 1103 524 dlium,
1127 446 1291 512 substantia

133 550 321 629 dissimilem3
353 548 429 612 unde
446 549 516 612 illud
532 557 636 611 eontra
658 547 847 634 scripsimus,
883 569 942 611 non
960 547 1208 629 solavoluntate,
1240 549 1293 614 sed

133 664 163 718 et
179 653 343 718 substantia
360 650 484 714 similem
501 670 581 713 esse.
626 646 774 733 Quoniam
797 651 887 735 igitur
910 650 995 735 primi
1013 649 1195 714 substantiae
1212 671 1293 715 meu-

132 758 242 821 tionem
261 754 389 832 lecistis,
414 773 479 816 eum
495 751 665 815 dissimilem
682 773 750 816 esse
765 752 928 817 substantia
943 751 1099 832 dixeritis,
1125 763 1212 838 atque
1228 753 1294 817 idoo

133 858 316 924 substantiae
331 874 438 920 nomen
455 874 472 917 e
492 855 587 917 medio
604 853 708 917 tollere
729 856 890 934 studeatis,
924 877 981 940 quo
1004 855 1068 918 sola
1087 850 1238 919 vuluntate
1256 855 1297 918 si·

135 961 233 1026 milem
260 981 328 1024 esse
351 957 515 1021 defendatis
538 956 646 1036 lilium,
680 955 706 1020 si
721 977 763 1020 ex
778 958 868 1021 animi
888 958 980 1021 vestri
1002 957 1150 1022 sententia
1169 957 1295 1022 similem

134 1065 165 1128 in
182 1063 317 1128 omnibus
332 1081 400 1124 esse
416 1059 490 1144 patri
508 1059 596 1123 fllium
620 1061 774 1139 statuatis,
806 1060 940 1124 damnate
963 1060 1030 1124 illos
1047 1060 1233 1124 anathemate
1247 1060 1297 1143 qui

135 1164 333 1230 similitudinis
349 1163 516 1226 discrimine
532 1172 713 1247 agnoscunt,
746 1172 832 1245 atque
849 1161 888 1227 ita
901 1163 1071 1227 scribitotec
1104 1160 1137 1227 Si
1154 1163 1219 1248 quis
1238 1184 1297 1226 non

135 1268 165 1332 in
185 1266 319 1331 omnibus
344 1266 466 1330 similem
492 1284 560 1328 esse
584 1264 659 1349 patri
683 1264 771 1327 lilium
796 1264 923 1343 dixerit,
957 1264 1199 1349 quemadmodum
1222 1262 1298 1350 patri

136 1370 241 1434 similis
259 1368 413 1446 estibus,
445 1368 497 1432 sed
521 1367 672 1431 voluntate
692 1366 833 1447 similem,
863 1366 1028 1434 substantia
1042 1367 1212 1432 dissimilem
1230 1385 1299 1431 esso

138 1472 265 1550 dixerit,
297 1471 452 1536 anathema
472 1470 523 1533 sit.
569 1466 730 1532 Praeterea
746 1469 772 1531 si
788 1469 970 1535 substantiae
989 1491 1096 1534 nomen
1121 1489 1299 1533 commemo-

138 1595 204 1639 rare
223 1573 331 1652 velint,
364 1594 399 1637 ac
421 1573 484 1637 suis
502 1571 633 1658 ipsorum
655 1571 919 1656 subscriptionibus
942 1572 1106 1657 refragari,
1140 1572 1217 1636 lacta
1236 1570 1300 1635 ubi·

138 1698 194 1763 que
213 1676 398 1741 substantiae
423 1675 572 1739 mentione
595 1672 633 1738 iis
651 1694 724 1758 quae
742 1685 841 1759 patres
859 1676 983 1760 professi
1000 1686 1071 1739 sunt
1086 1674 1298 1753 assentiantur,

138 1803 196 1845 non
222 1779 374 1843 voluntate
395 1779 503 1856 modo,
536 1777 588 1842 sed
609 1786 640 1840 et
656 1776 733 1861 quod
751 1778 786 1839 ad
805 1797 873 1840 esse
891 1775 986 1863 ipsum
1001 1778 1124 1857 attinet,
1155 1798 1189 1840 ac
1205 1777 1300 1841 subsi-

136 1882 294 1960 stentiam,
325 1891 356 1944 ct
376 1879 586 1958 existentiam,
620 1889 709 1963 atque
727 1879 757 1941 in
777 1879 912 1942 omnibns
934 1880 1060 1964 denique
1082 1879 1206 1944 similem
1232 1899 1300 1943 esse

139 1986 213 2071 patri
228 1984 316 2047 lilium
332 1992 485 2061 asserant,
508 1982 748 2066 quemadmodum
764 1981 869 2047 simibs
884 1993 931 2046 est
947 1983 1021 2069 patri
1040 1983 1132 2062 lilius,
1158 1982 1199 2045 uti
1216 2003 1301 2047 sacra

139 2088 243 2152 literae
266 2097 276 2149 t
296 2094 423 2153 utantur.

225 2107 366 2253 calnam
391 2185 556 2271 propositae
575 2185 616 2250 illi
638 2186 704 2251 bdei
721 2186 921 2266 confessioni,
951 2208 1007 2272 qua
1026 2186 1101 2251 lilius
1118 2187 1148 2251 in
1165 2187 1301 2252 omnibus

140 2292 214 2378 patri
238 2289 343 2355 similis
366 2308 435 2353 esse
460 2288 613 2368 delinitur,
644 2289 684 2352 ita
707 2288 957 2374 subscripserunt.
1002 2286 1124 2353 blancus
1147 2291 1302 2376 episcopus

141 2393 322 2458 Arethusiae
339 2391 379 2454 ita
396 2392 486 2455 credo
503 2401 534 2455 et
548 2390 646 2455 sentio
663 2401 693 2456 ut
711 2411 799 2477 snpra
817 2392 956 2477 scriptum
976 2403 1033 2457 est.
1079 2388 1193 2456 Eodem
1215 2391 1302 2455 modo

141 2508 171 2560 et
188 2497 237 2581 qui
254 2496 377 2559 aderant
401 2493 651 2580 subscripserunt.
696 2493 740 2558 At
755 2491 868 2558 Valens
884 2493 960 2558 bunc
978 2494 1008 2558 io
1025 2495 1159 2558 modum:
1192 2492 1303 2577 Quem-

139 2598 295 2662 admodum
318 2617 354 2661 ea
376 2607 463 2662 nocte
489 2619 574 2682 quarn
600 2596 664 2661 dies
686 2593 880 2661 Pentecostes
904 2609 1007 2661 secuta
1025 2607 1089 2677 est,
1120 2594 1303 2682 superiorem

142 2700 218 2763 banc
234 2698 479 2785 subscriptionem
497 2699 694 2778 ediderimus,
726 2709 835 2762 norunt
860 2699 986 2784 quitum
1010 2709 1183 2786 praesentes
1205 2709 1317 2776 erant,

143 2822 179 2865 ac
194 2803 258 2886 pios
274 2800 407 2887 inprimis
423 2802 600 2886 imperator,
631 2801 705 2886 apud
720 2822 807 2885 quem
825 2812 855 2865 et
867 2802 932 2865 siue
945 2803 1134 2889 scriptoasum
1148 2811 1179 2865 et
1194 2799 1304 2885 scripto

143 2913 337 2968 contestatus.
383 2902 454 2968 Post
476 2903 630 2968 baeccum
650 2902 761 2968 Valens
778 2924 833 2968 suo
851 2925 934 2968 more
949 2904 1189 2990 subscripsisset,
1222 2913 1252 2967 et
1267 2903 1305 2966 ad

144 3005 389 3091 subscriptionem
405 3007 581 3087 addidisset,
612 3005 737 3070 similem
757 3026 824 3070 esse
847 3006 924 3091 patri
941 3007 1050 3086 lilium,
1086 3005 1304 3093 praetermissis

144 3106 190 3172 bis
208 3107 349 3188 vocibus,
381 3112 416 3171 ln
432 3111 576 3185 omnibus,
610 3129 735 3193 cumque
752 3129 788 3172 ea
806 3129 839 3172 re
857 3109 1055 3189 declarasset,
1089 3130 1175 3194 quem
1191 3110 1221 3173 in
1236 3129 1304 3173 seu·

144 3231 209 3275 sum
225 3230 351 3296 eaquae
368 3211 478 3297 scripta
495 3214 612 3276 lucrant
627 3210 837 3297 approbasset,
870 3232 904 3274 ac
921 3213 1161 3296 quemadmodum
1180 3210 1306 3276 consub-

144 3313 291 3377 stantialis
309 3335 414 3378 vocem
431 3314 627 3399 intelligeret,
661 3312 726 3399 pius
745 3313 800 3377 boc
819 3314 981 3400 imperator
997 3315 1184 3394 observarit,
1216 3326 1247 3378 et
1260 3324 1305 3393 ut,

144 3419 179 3477 In
195 3418 340 3492 omnibns,
374 3416 518 3481 adiiceret
539 3417 655 3501 co'e'git,
689 3416 776 3500 idque
802 3425 834 3479 ιιι
855 3416 953 3481 iussus
976 3427 1041 3481 erat
1063 3417 1219 3503 praestitit.
1264 3415 1309 3480 At

146 3512 275 3582 Basilius
295 3519 461 3605 suspicatus
486 3539 575 3583 voces
599 3518 685 3597 illas,
717 3522 918 3594 leonnatus,
950 3540 990 3583 ex
1014 3519 1130 3604 propria
1150 3529 1250 3582 mente
1272 3538 1307 3581 ac

146 3637 237 3685 seusu
252 3621 288 3683 ad
308 3621 461 3695 turmulam
480 3623 630 3700 adiectas,
665 3641 731 3684 cum
747 3622 914 3707 exemplum
932 3621 1127 3707 professionis
1146 3619 1225 3684 illius
1247 3617 1307 3683 Va-

145 3718 294 3809 leffium
313 3718 380 3785 suis
393 3722 501 3799 babere
519 3725 625 3801 vellet,
657 3724 734 3806 quod
758 3744 859 3788 secum
876 3724 913 3786 ad
927 3723 1148 3787 Ariminensem
1163 3722 1309 3807 synodum
1331 3763 1333 3766 -

147 3810 297 3901 delesset,
332 3822 393 3886 bot·
404 3825 490 3887 modu
505 3823 697 3906 subscripsit:
730 3822 860 3890 Basilius
875 3825 1031 3911 efficopus
1050 3825 1191 3911 Ancyrae
1207 3825 1309 3905 credo,

100 3930 106 3949 ’·
148 3936 178 3988 ιι
194 3923 344 3990 assentior
361 3924 399 3989 iis
422 3947 497 4010 quae
521 3947 611 4012 supra
628 3925 737 4010 scripta
756 3937 840 4006 suut,
875 3927 1000 3992 similem
1019 3929 1049 3991 in
1068 3928 1202 3992 omnibus
1220 3926 1310 3991 conli-

149 4037 215 4091 tens
234 4028 325 4114 patris
348 4046 417 4094 esse
433 4028 535 4093 lilium.
580 4033 615 4092 ln
634 4029 762 4089 omnebus
780 4049 853 4093 vero
876 4051 942 4094 cum
966 4031 1049 4110 dico,
1083 4051 1142 4093 nun
1161 4031 1311 4094 voluntate

74 4108 111 4196 ,a
145 4129 409 4214 salumintelligo,
445 4133 496 4195 sed
515 4144 545 4197 et
561 4130 753 4197 subsistentia
769 4141 799 4194 et
817 4132 995 4211 existentia,
1025 4079 1157 4217 adeoque
1180 4132 1310 4198 essentia

120 4240 124 4247 ’
140 4228 230 4329 ipsa,
254 4241 357 4337 utppte
373 4229 465 4296 fllium
474 4235 585 4323 ,quod
601 4247 706 4299 sacrae
725 4233 830 4297 literae
846 4233 1037 4314 confirmant,
1068 4233 1200 4319 spiritum
1218 4256 1235 4298 e
1251 4233 1312 4320 spi·

142 4331 244 4419 mu,
240 4320 340 4425 mittut
359 4332 472 4418 svin,
492 4330 765 4417 lumenelumine,
789 4335 875 4400 deum
893 4355 935 4399 ex
950 4336 1025 4416 deo
1049 4356 1151 4401 verum
1169 4335 1313 4401 bliumex

10 4488 17 4519 ¹·
167 4518 183 4547 ,ἑ
215 4428 635 4543 δειιιιιθιιιᾶιῗιοιῖςτάἴσ
644 4473 711 4541 don,
745 4476 947 4526 busemctnentto
931 4472 1316 4539 ‹mtsqnomqucmeomoeobutt

351 4537 453 4615 mlh
475 4558 566 4608 αριστι
632 4513 713 4621 μοι
745 4543 1316 4609 namnmttononqooprommontsenemmn

417 4619 581 4675 ‚campum
635 4614 710 4663 ment·
743 4612 825 4663 botro.
