3096 5070
423 244 560 330 rauaan
577 276 640 328 um.
653 276 698 327 m.
715 277 797 329 rou.
814 278 847 328 u.
865 275 965 328 naua.
983 276 1117 330 uxxun.
1283 263 1347 339 dtu

189 399 280 485 igitur
300 397 404 461 iisdem
424 407 509 460 erant
531 395 684 460 nobiseum
707 394 911 460 affectionibus
932 396 1075 460 obnoxii?
1118 393 1229 463 Verum
1250 395 1349 461 omnia

189 521 328 588 sepossc
353 521 406 586 per
428 519 513 577 sese,
545 497 667 582 fierique
686 497 778 582 ipsius
801 509 892 577 uutu,
924 499 973 563 vel
995 520 1053 568 nou
1074 498 1137 562 dari
1162 518 1249 582 posse
1276 500 1349 563 deus

188 605 349 671 ostendere
369 602 473 665 voluit.
519 600 566 664 Ac
589 621 626 662 ue
647 601 782 665 fortassis
806 601 894 684 aliqui
918 601 954 664 ob
969 601 1112 686 stupenda
1132 602 1182 665 itta
1205 599 1347 686 prodigia,

190 728 265 792 quae
293 705 323 768 in
348 705 465 768 illorum
485 703 609 786 gratiam
635 702 726 765 adeo
742 703 818 764 iacta
837 704 970 782 ruerant,
1003 703 1127 789 amplius
1144 702 1278 787 quiddam
1296 703 1349 768 ta-

190 830 278 874 mauo
304 807 472 871 conditione
498 804 528 867 in
555 803 612 867 ittis
637 803 774 868 extitisse
800 805 952 883 crederet,
984 816 1016 868 ut
1041 806 1107 868 huie
1130 807 1225 868 errori
1249 815 1350 870 nostra

190 931 295 977 caussa
313 908 500 985 consuleret,
525 905 670 992 scriptura
685 927 771 971 sacra
786 907 830 970 sic
846 906 1002 993 praecipita
1032 910 1143 971 notat
1160 913 1503 990 uumquuqoemmmm

186 1016 328 1097 para'llum
341 1014 468 1094 ferreum
485 1015 513 1072 in
530 1031 605 1071 sonu
621 1030 691 1085 sam,
716 1021 822 1071 utrum
839 1015 868 1071 in
883 1013 979 1091 ola'quo
996 1014 1056 1073 loco
1072 1015 1221 1085 desederat,
1237 1013 1346 1094 sedeat,

190 1128 219 1184 et
232 1127 343 1177 stercus
357 1134 438 1174 suum
455 1117 581 1193 operain:
612 1116 743 1194 queuntium
754 1117 878 1193 populus
897 1125 1013 1174 sanetus
1030 1119 1098 1175 estis
1114 1125 1142 1175 et
1156 1117 1285 1175 dominus
1299 1115 1351 1174 do·

189 1221 307 1281 ditatio
324 1220 413 1278 medio
428 1227 596 1277 castrorum.
645 1210 740 1297 Quam
765 1215 794 1277 in
810 1236 871 1278 rem
889 1213 1020 1280 Hebraei
1037 1216 1180 1300 quandam
1196 1215 1349 1280 historiam

192 1331 436 1397 commemorant,
471 1317 593 1400 figuram
620 1316 698 1380 iliam
722 1337 756 1380 ac
785 1328 884 1404 typum
911 1317 1060 1402 aliquanto
1088 1319 1228 1404 temporis
1254 1316 1350 1402 spatio

191 1441 418 1508 perseverasse,
449 1421 584 1504 quamdiu
609 1418 683 1483 deus
707 1419 735 1482 in
763 1420 806 1484 his
834 1420 889 1485 hoc
912 1420 1074 1506 prodigium
1102 1423 1218 1485 efficere
1241 1420 1347 1484 voluit.

192 1527 239 1590 Ac
255 1525 323 1589 iicet
341 1522 477 1588 carnibus
496 1532 526 1585 et
544 1521 744 1598 coturnicibus
761 1534 972 1604 vescerentur,
1003 1545 1150 1607 uunquam
1173 1535 1272 1588 tamen
1297 1542 1350 1607 per

191 1628 260 1693 ittud
284 1637 396 1711 tempus
419 1624 561 1688 eiusmodi
585 1635 708 1688 naturae
731 1626 924 1690 necessitates
947 1637 1088 1712 expertos
1110 1626 1177 1690 idos
1200 1626 1304 1693 fuisse.

279 1726 340 1793 iam
363 1749 436 1792 vero
460 1727 485 1792 si
504 1747 520 1790 a
539 1724 656 1791 ludaeis
684 1727 720 1790 ad
741 1728 882 1792 maiorum
908 1749 1027 1792 suorum
1047 1730 1137 1794 decus
1158 1740 1189 1793 ct
1210 1729 1347 1814 glorian,
1400 1749 1461 1816 ctu·

190 1831 239 1895 vel
265 1831 301 1894 ad
324 1831 466 1914 gratiam,
498 1828 555 1893 ista
578 1829 743 1913 fiuguntur,
775 1830 821 1892 uei
846 1850 886 1894 es
910 1832 952 1894 rei
977 1832 1102 1896 ueritate
1127 1831 1344 1918 praedicantur,
1379 1818 1464 1872 xm·

192 1954 365 2018 quamquam
379 1931 514 1996 homiues
533 1930 599 1994 ilios
619 1932 710 1995 fuisse
730 1952 852 2016 quorum
867 1932 1018 2016 dignitatis
1035 1934 1227 2018 patrocinium
1245 1954 1348 1999 susce·

193 2046 318 2122 parunt,
343 2045 373 2098 et
388 2031 610 2118 corruptibiles,
636 2055 694 2097 nou
712 2035 783 2098 deos
800 2035 851 2098 sed
871 2055 910 2098 ex
927 2056 1016 2100 earne
1033 2038 1174 2120 sanguine
1193 2037 1348 2122 animaque

193 2138 373 2224 compositos
395 2134 531 2208 extitisse
551 2153 610 2199 nou
633 2136 815 2215 dubitemus,
849 2138 914 2221 quis
937 2149 994 2202 tam
1020 2139 1132 2202 atrocia
1154 2149 1184 2202 et
1203 2138 1350 2214 horrenda

192 2243 228 2304 de
243 2237 365 2305 Christo
383 2238 489 2322 deique
502 2237 595 2301 verbo
610 2238 732 2302 coelitus
746 2239 856 2324 allapso
871 2261 905 2306 ae
920 2240 956 2302 de
969 2241 1098 2324 gloriosa
1113 2261 1242 2325 ueraque
1257 2241 1350 2326 ipsius

191 2328 405 2408 incarnatione
419 2341 523 2404 iactari
540 2339 575 2403 ab
592 2339 649 2404 iliis
667 2339 813 2423 patienter
830 2343 947 2405 audiat?
990 2339 1057 2425 Qua
1074 2344 1188 2429 quidem
1205 2344 1235 2407 in
1253 2342 1351 2407 incar·

192 2447 311 2531 potione
336 2445 424 2523 illud,
456 2443 533 2527 quod
557 2442 666 2506 dictum
692 2454 755 2523 est,
788 2443 936 2530 implevit,
971 2449 1105 2508 Teutates
1123 2450 1502 2527 peromntuutnear.s.1n

190 2553 288 2624 homo,
319 2551 425 2630 absque
443 2558 571 2628 morato.
618 2542 736 2608 Etenim
761 2544 828 2610 licet
851 2559 954 2612 nostra
977 2568 1066 2611 carne
1091 2548 1239 2632 praeditus
1259 2549 1347 2627 foret,

191 2662 306 2735 poterat
328 2648 516 2714 nihilomiuus
543 2648 591 2711 ida
614 2646 696 2732 ipsa,
728 2669 802 2732 quae
818 2671 834 2712 a
852 2646 936 2714 uobis
955 2651 1098 2717 habentur
1114 2650 1194 2729 viiia,
1220 2662 1350 2735 praeter·

189 2753 326 2829 mittere,
359 2772 450 2836 eaque
466 2762 619 2837 praestare
641 2750 754 2829 solum,
787 2773 861 2835 quae
879 2752 1048 2818 honestiora
1071 2774 1106 2817 ac
1124 2753 1241 2817 divinae
1260 2753 1351 2816 maic-

192 2854 259 2916 stati
281 2874 412 2938 congrua
438 2853 630 2932 videbantur,
663 2864 762 2937 utpote
789 2874 842 2938 per
866 2875 950 2939 quem
976 2867 1006 2919 et
1029 2854 1230 2921 lsradiitaruuu
1253 2855 1350 2943 capidi

192 2975 250 3023 uon
276 2956 483 3035 excreverint,
515 2977 570 3020 nec
589 2976 691 3019 eorum
708 2958 883 3020 vestimenta
901 2958 1004 3021 sordes
1020 2959 1240 3040 contraxerint,
1275 2981 1349 3046 quae

193 3058 306 3137 omnia,
330 3058 357 3122 si
373 3058 521 3122 traditioni
539 3058 704 3138 credimus,
727 3058 786 3122 iliis
801 3060 982 3123 acciderunt.
1028 3058 1115 3144 Quod
1133 3074 1228 3126 autem
1248 3074 1349 3128 vestes

192 3160 340 3224 hominum
362 3161 495 3226 manibus
522 3172 679 3225 contextas
700 3156 837 3225 Christus
858 3162 1008 3240 habuerit,
1031 3166 1127 3228 'entra
1146 3187 1261 3229 omnem
1279 3188 1350 3229 eon-

191 3263 366 3327 troversiam
389 3274 445 3327 est.
489 3269 597 3329 Purtt'ti
615 3275 684 3326 sunt
705 3269 777 3326 enam
802 3270 963 3327 castaneam
985 3271 1061 3341 etus,
1091 3278 1119 3328 et
1139 3280 1343 3349 supersectam
1383 3267 1463 3314 ¹⁰⁸⁸¹¹0

190 3371 251 3428 aas
265 3370 401 3429 aaaron
418 3378 531 3428 aaron
555 3365 665 3450 »Qum
681 3366 706 3428 a
722 3366 868 3442 troarnum
885 3368 1010 3432 aratu—n
1026 3370 1118 3434 vesus
1133 3370 1258 3439 aarum
1273 3391 1345 3434 con·
1382 3321 1462 3419 1ἰέι

192 3469 286 3546 tecta,
319 3467 536 3552 otiqueelana
555 3467 674 3552 linoque
697 3479 839 3532 contexta
857 3469 964 3533 iuerat.
1012 3469 1095 3552 Quae
1114 3484 1212 3536 autern
1231 3472 1347 3537 exliuo
1378 3425 1466 3534 iffi

191 3579 292 3633 essent
319 3569 424 3634 lauare
447 3571 542 3645 iacta,
573 3570 678 3654 opinor
696 3569 790 3634 anima
809 3592 843 3634 ac
860 3592 950 3636 sensu
973 3575 1124 3638 carebant.
1171 3573 1282 3640 Verum
1300 3575 1349 3639 ubi

191 3671 352 3737 diuinitatis
366 3691 438 3735 suae
456 3671 615 3755 potentiam
630 3671 759 3735 indicare
779 3673 873 3737 visum
889 3684 952 3752 est,
984 3678 1193 3740 transformato
1211 3697 1347 3763 corpore,

190 3779 302 3838 Faca'em
326 3797 406 3837 suem
429 3778 498 3835 solis
520 3779 614 3836 eastun
633 3777 838 3853 splendentem,
871 3799 906 3838 uc
928 3784 1091 3841 auctomento
1106 3801 1159 3841 saco
1181 3785 1254 3841 niuis
1274 3801 1350 3844 more

189 3882 339 3941 condentia
360 3882 536 3940 monstravit.
584 3872 666 3938 Nihil
685 3886 730 3938 est
747 3877 823 3940 enim
841 3900 899 3942 uon
919 3883 1101 3966 praepotenti
1122 3882 1176 3944 deo
1197 3881 1346 3966 possibile,

189 3991 222 4046 ut
244 3982 289 4045 uel
312 4001 347 4044 ea
375 3999 508 4064 quoque,
541 3998 617 4063 quae
640 3998 731 4041 seusu
754 4000 788 4042 aa
812 3982 916 4066 spiritu
946 3992 1084 4061 careant,
1116 3995 1282 4062 momento,
1314 4007 1348 4050 ae

107 4152 109 4157 ,
190 4095 309 4170 praeter
331 4103 447 4146 comem
469 4080 704 4166 expectationem
722 4080 752 4144 iu
769 4083 891 4167 gloriam
911 4085 1004 4170 possit
1019 4085 1262 4171 splendoremque
1278 4108 1348 4152 cou-

189 4197 320 4250 vertere.
367 4184 618 4269 Quemadmodum
643 4183 672 4246 iu
692 4181 807 4270 Moysis
832 4186 935 4269 virga,
970 4198 1000 4249 et
1016 4185 1216 4251 israelitarum
1234 4190 1347 4254 calcea-

189 4289 295 4352 meutis
317 4288 457 4351 ostendit.
503 4285 559 4351 Est
581 4287 658 4351 enirn
682 4289 757 4373 apud
782 4309 884 4352 omnes
903 4288 931 4352 in
949 4291 1087 4353 confesso
1112 4291 1261 4376 apostolos
1278 4314 1347 4358 san·

190 4456 225 4507 tia
242 4474 272 4507 oc
293 4457 375 4510 inania
399 4457 432 4508 ad
449 4457 553 4525 gloriam
569 4476 600 4509 ec
616 4457 753 4510 claritatem
788 4456 861 4520 θίξιν,
879 4455 994 4523 namot,
1008 4459 1042 4514 66
1057 4467 1078 4514 ti
1093 4459 1135 4518 69.
1149 4459 1347 4529 stnpttettordnd

190 4534 347 4581 musmutet.
384 4530 456 4580 ttoer.
464 4528 493 4581 31
498 4564 507 4592 ,
521 4533 542 4582 t.
561 4530 623 4580 matt
636 4522 684 4583 tini
696 4527 754 4600 μίαν
788 4525 868 4596 dieta,
888 4533 922 4580 uti
936 4531 959 4582 iu
975 4531 991 4580 d.
