<?xml version="1.0" encoding="UTF-8"?>
<!DOCTYPE html PUBLIC "-//W3C//DTD XHTML 1.0 Transitional//EN"
    "http://www.w3.org/TR/xhtml1/DTD/xhtml1-transitional.dtd">
<html xmlns="http://www.w3.org/1999/xhtml" xml:lang="en" lang="en">
 <head>
  <title>
</title>
<meta http-equiv="Content-Type" content="text/html;charset=utf-8" />
  <meta name='ocr-system' content='tesseract 3.04.00' />
  <meta name='ocr-capabilities' content='ocr_page ocr_carea ocr_par ocr_line ocrx_word'/>
</head>
<body>
  <div class='ocr_page' id='page_1' title='image "./corporishaerese00unkngoog/corporishaerese00unkngoog_0774.png"; bbox 0 0 3096 5070; ppageno 0'>
   <div class='ocr_carea' id='block_1_1' title="bbox 638 302 1343 370">
    <p class='ocr_par' dir='ltr' id='par_1_1' title="bbox 638 302 1343 370">
     <span class='ocr_line' id='line_1_1' title="bbox 638 302 1343 370; baseline -0.009 -1"><span class='ocrx_word' id='word_1_1' title='bbox 638 318 749 370; x_wconf 77' lang='lat' dir='ltr'>trtuux</span> <span class='ocrx_word' id='word_1_2' title='bbox 766 315 895 369; x_wconf 78' lang='grc'><strong>1711117771.</strong></span> <span class='ocrx_word' id='word_1_3' title='bbox 1281 302 1343 366; x_wconf 78' lang='grc'>767</span> 
     </span>
    </p>
   </div>
   <div class='ocr_carea' id='block_1_2' title="bbox 128 435 1403 3484">
    <p class='ocr_par' dir='ltr' id='par_1_2' title="bbox 222 435 1343 675">
     <span class='ocr_line' id='line_1_2' title="bbox 223 435 752 506; baseline 0.002 -18"><span class='ocrx_word' id='word_1_4' title='bbox 223 435 349 506; x_wconf 73' lang='lat' dir='ltr'>principe·</span> <span class='ocrx_word' id='word_1_5' title='bbox 372 437 520 504; x_wconf 88' lang='lat' dir='ltr'>prodierunt</span> <span class='ocrx_word' id='word_1_6' title='bbox 545 441 569 487; x_wconf 88' lang='grc'>0.</span> <span class='ocrx_word' id='word_1_7' title='bbox 588 466 620 477; x_wconf 96' lang='grc'>-</span> <span class='ocrx_word' id='word_1_8' title='bbox 663 448 752 506; x_wconf 76' lang='lat' dir='ltr'>poete-</span> 
     </span>
     <span class='ocr_line' id='line_1_3' title="bbox 222 505 1079 591; baseline 0 -18"><span class='ocrx_word' id='word_1_9' title='bbox 222 537 306 573; x_wconf 84' lang='lat' dir='ltr'>rurum</span> <span class='ocrx_word' id='word_1_10' title='bbox 322 520 414 572; x_wconf 89' lang='lat' dir='ltr'>Noemi</span> <span class='ocrx_word' id='word_1_11' title='bbox 434 522 460 572; x_wconf 91' lang='lat' dir='ltr'>iu</span> <span class='ocrx_word' id='word_1_12' title='bbox 484 521 564 574; x_wconf 80' lang='lat' dir='ltr'>variae</span> <span class='ocrx_word' id='word_1_13' title='bbox 582 522 649 574; x_wconf 77' lang='lat' dir='ltr'>orbiu</span> <span class='ocrx_word' id='word_1_14' title='bbox 664 523 749 591; x_wconf 87' lang='lat' dir='ltr'>regio·</span> <span class='ocrx_word' id='word_1_15' title='bbox 1049 505 1079 552; x_wconf 85' lang='lat'>⁰·</span> 
     </span>
     <span class='ocr_line' id='line_1_4' title="bbox 224 602 1343 675; baseline -0.007 -17"><span class='ocrx_word' id='word_1_16' title='bbox 224 624 267 658; x_wconf 82' lang='lat' dir='ltr'>nea</span> <span class='ocrx_word' id='word_1_17' title='bbox 286 606 407 675; x_wconf 72' lang='lat' dir='ltr'>digressio</span> <span class='ocrx_word' id='word_1_18' title='bbox 426 610 448 655; x_wconf 94' lang='grc'>7.</span> <span class='ocrx_word' id='word_1_19' title='bbox 785 606 897 674; x_wconf 80' lang='lat' dir='ltr'>Odryaua</span> <span class='ocrx_word' id='word_1_20' title='bbox 914 603 1098 672; x_wconf 72' lang='lat' dir='ltr'>antiquissimus</span> <span class='ocrx_word' id='word_1_21' title='bbox 1121 620 1164 653; x_wconf 86' lang='lat' dir='ltr'>rex</span> <span class='ocrx_word' id='word_1_22' title='bbox 1178 602 1304 654; x_wconf 85' lang='lat' dir='ltr'>Thracum</span> <span class='ocrx_word' id='word_1_23' title='bbox 1320 607 1343 652; x_wconf 85' lang='lat'>8.</span> 
     </span>
    </p>

    <p class='ocr_par' dir='ltr' id='par_1_3' title="bbox 189 685 1345 929">
     <span class='ocr_line' id='line_1_5' title="bbox 189 685 1345 760; baseline -0.003 -18"><span class='ocrx_word' id='word_1_24' title='bbox 189 691 301 743; x_wconf 86' lang='lat' dir='ltr'>Noemua</span> <span class='ocrx_word' id='word_1_25' title='bbox 326 691 385 760; x_wconf 88' lang='lat' dir='ltr'>qaid</span> <span class='ocrx_word' id='word_1_26' title='bbox 408 691 532 759; x_wconf 85' lang='lat' dir='ltr'>aignibcet</span> <span class='ocrx_word' id='word_1_27' title='bbox 549 696 606 743; x_wconf 84' lang='grc'><strong>170.</strong></span> <span class='ocrx_word' id='word_1_28' title='bbox 623 718 658 732; x_wconf 91' lang='lat'>-·</span> <span class='ocrx_word' id='word_1_29' title='bbox 690 693 751 745; x_wconf 90' lang='lat' dir='ltr'>item</span> <span class='ocrx_word' id='word_1_30' title='bbox 785 691 933 759; x_wconf 70' lang='lat' dir='ltr'><strong>Ophitarum</strong></span> <span class='ocrx_word' id='word_1_31' title='bbox 964 687 1076 741; x_wconf 85' lang='lat' dir='ltr'>haereaia</span> <span class='ocrx_word' id='word_1_32' title='bbox 1108 687 1205 739; x_wconf 84' lang='lat' dir='ltr'>decima</span> <span class='ocrx_word' id='word_1_33' title='bbox 1240 685 1345 754; x_wconf 87' lang='lat' dir='ltr'>aeptima</span> 
     </span>
     <span class='ocr_line' id='line_1_6' title="bbox 223 772 1344 845; baseline -0.004 -19"><span class='ocrx_word' id='word_1_34' title='bbox 223 787 249 826; x_wconf 87' lang='lat' dir='ltr'>et</span> <span class='ocrx_word' id='word_1_35' title='bbox 264 776 358 826; x_wconf 87' lang='lat' dir='ltr'>Sebeth</span> <span class='ocrx_word' id='word_1_36' title='bbox 374 776 409 828; x_wconf 90' lang='lat' dir='ltr'>ib.</span> <span class='ocrx_word' id='word_1_37' title='bbox 427 806 459 815; x_wconf 94' lang='lat'>-</span> <span class='ocrx_word' id='word_1_38' title='bbox 494 777 621 845; x_wconf 75' lang='lat' dir='ltr'>utriusque</span> <span class='ocrx_word' id='word_1_39' title='bbox 639 777 751 828; x_wconf 80' lang='grc'><strong>07777177</strong></span> <span class='ocrx_word' id='word_1_40' title='bbox 818 786 876 843; x_wconf 81' lang='lat' dir='ltr'>post</span> <span class='ocrx_word' id='word_1_41' title='bbox 891 785 1005 826; x_wconf 79' lang='lat' dir='ltr'>exortum</span> <span class='ocrx_word' id='word_1_42' title='bbox 1019 772 1231 825; x_wconf 82' lang='lat' dir='ltr'>Cbriatiauiamum</span> <span class='ocrx_word' id='word_1_43' title='bbox 1244 774 1301 822; x_wconf 88' lang='grc'><strong>207.</strong></span> <span class='ocrx_word' id='word_1_44' title='bbox 1311 801 1344 810; x_wconf 92' lang='lat'>-</span> 
     </span>
     <span class='ocr_line' id='line_1_7' title="bbox 224 856 1344 929; baseline -0.004 -18"><span class='ocrx_word' id='word_1_45' title='bbox 224 860 350 929; x_wconf 78' lang='lat' dir='ltr'>exemplar</span> <span class='ocrx_word' id='word_1_46' title='bbox 366 861 427 913; x_wconf 84' lang='lat' dir='ltr'><strong>ibid.</strong></span> <span class='ocrx_word' id='word_1_47' title='bbox 819 859 885 910; x_wconf 93' lang='lat' dir='ltr'>uude</span> <span class='ocrx_word' id='word_1_48' title='bbox 897 860 946 910; x_wconf 88' lang='lat' dir='ltr'>orti</span> <span class='ocrx_word' id='word_1_49' title='bbox 964 862 1059 912; x_wconf 69' lang='grc'><strong>200-</strong></span> <span class='ocrx_word' id='word_1_50' title='bbox 1082 857 1150 909; x_wconf 92' lang='lat' dir='ltr'>uude</span> <span class='ocrx_word' id='word_1_51' title='bbox 1164 856 1226 908; x_wconf 86' lang='lat' dir='ltr'>dicti</span> <span class='ocrx_word' id='word_1_52' title='bbox 1240 856 1344 908; x_wconf 91' lang='lat' dir='ltr'>ibid.-</span> 
     </span>
    </p>

    <p class='ocr_par' dir='ltr' id='par_1_4' title="bbox 189 941 1346 1098">
     <span class='ocr_line' id='line_1_8' title="bbox 189 941 1346 1014; baseline -0.008 -16"><span class='ocrx_word' id='word_1_53' title='bbox 189 945 298 998; x_wconf 80' lang='lat' dir='ltr'>Noemua</span> <span class='ocrx_word' id='word_1_54' title='bbox 315 958 446 998; x_wconf 67' lang='lat' dir='ltr'>acuantur</span> <span class='ocrx_word' id='word_1_55' title='bbox 463 946 530 1014; x_wconf 87' lang='lat' dir='ltr'>quod</span> <span class='ocrx_word' id='word_1_56' title='bbox 547 947 623 1003; x_wconf 78' lang='lat' dir='ltr'>fuerit</span> <span class='ocrx_word' id='word_1_57' title='bbox 639 948 749 999; x_wconf 86' lang='lat' dir='ltr'>inebria·</span> <span class='ocrx_word' id='word_1_58' title='bbox 818 962 904 996; x_wconf 86' lang='lat' dir='ltr'>eorum</span> <span class='ocrx_word' id='word_1_59' title='bbox 920 943 1112 996; x_wconf 87' lang='lat' dir='ltr'>abominandum</span> <span class='ocrx_word' id='word_1_60' title='bbox 1124 942 1265 993; x_wconf 75' lang='lat' dir='ltr'>institutum</span> <span class='ocrx_word' id='word_1_61' title='bbox 1283 941 1346 991; x_wconf 93' lang='lat' dir='ltr'>ibid.</span> 
     </span>
     <span class='ocr_line' id='line_1_9' title="bbox 223 1025 1345 1098; baseline -0.005 -16"><span class='ocrx_word' id='word_1_62' title='bbox 223 1042 264 1082; x_wconf 86' lang='grc'>177</span> <span class='ocrx_word' id='word_1_63' title='bbox 282 1035 340 1082; x_wconf 87' lang='grc'><strong>720.</strong></span> <span class='ocrx_word' id='word_1_64' title='bbox 818 1059 851 1069; x_wconf 94' lang='grc'>-</span> <span class='ocrx_word' id='word_1_65' title='bbox 869 1041 1011 1098; x_wconf 74' lang='lat' dir='ltr'>serpentem</span> <span class='ocrx_word' id='word_1_66' title='bbox 1028 1028 1186 1080; x_wconf 88' lang='grc'><strong>771771270.</strong></span> <span class='ocrx_word' id='word_1_67' title='bbox 1205 1056 1235 1066; x_wconf 95' lang='grc'>-</span> <span class='ocrx_word' id='word_1_68' title='bbox 1261 1025 1345 1077; x_wconf 84' lang='lat' dir='ltr'>fabula</span> 
     </span>
    </p>

    <p class='ocr_par' dir='ltr' id='par_1_5' title="bbox 188 1110 1346 1355">
     <span class='ocr_line' id='line_1_10' title="bbox 188 1110 1345 1185; baseline -0.004 -19"><span class='ocrx_word' id='word_1_69' title='bbox 188 1115 370 1167; x_wconf 89' lang='lat' dir='ltr'>Noetiauorum</span> <span class='ocrx_word' id='word_1_70' title='bbox 397 1116 506 1168; x_wconf 86' lang='lat' dir='ltr'>baereair</span> <span class='ocrx_word' id='word_1_71' title='bbox 528 1122 569 1168; x_wconf 93' lang='grc'>07.</span> <span class='ocrx_word' id='word_1_72' title='bbox 592 1127 651 1185; x_wconf 81' lang='lat' dir='ltr'>port</span> <span class='ocrx_word' id='word_1_73' title='bbox 679 1116 750 1167; x_wconf 86' lang='lat' dir='ltr'>Chri·</span> <span class='ocrx_word' id='word_1_74' title='bbox 818 1132 904 1165; x_wconf 91' lang='lat' dir='ltr'>eorum</span> <span class='ocrx_word' id='word_1_75' title='bbox 920 1114 952 1165; x_wconf 82' lang='lat' dir='ltr'>tle</span> <span class='ocrx_word' id='word_1_76' title='bbox 961 1114 1067 1166; x_wconf 76' lang='lat' dir='ltr'>hominia</span> <span class='ocrx_word' id='word_1_77' title='bbox 1084 1110 1345 1165; x_wconf 81' lang='lat' dir='ltr'>creationeetiaida·</span> 
     </span>
     <span class='ocr_line' id='line_1_11' title="bbox 223 1196 1346 1271; baseline -0.004 -20"><span class='ocrx_word' id='word_1_78' title='bbox 223 1200 391 1265; x_wconf 81' lang='lat' dir='ltr'>atianiemum,</span> <span class='ocrx_word' id='word_1_79' title='bbox 417 1201 470 1252; x_wconf 85' lang='lat' dir='ltr'>aive</span> <span class='ocrx_word' id='word_1_80' title='bbox 490 1201 692 1271; x_wconf 80' lang='lat' dir='ltr'>qtrinquageeima</span> <span class='ocrx_word' id='word_1_81' title='bbox 707 1219 745 1252; x_wconf 81' lang='lat' dir='ltr'>ee·</span> <span class='ocrx_word' id='word_1_82' title='bbox 817 1199 895 1251; x_wconf 83' lang='lat' dir='ltr'>baoth</span> <span class='ocrx_word' id='word_1_83' title='bbox 912 1205 970 1251; x_wconf 85' lang='grc'><strong>271.</strong></span> <span class='ocrx_word' id='word_1_84' title='bbox 986 1231 1017 1240; x_wconf 91' lang='lat'>-</span> <span class='ocrx_word' id='word_1_85' title='bbox 1052 1216 1084 1249; x_wconf 84' lang='lat' dir='ltr'>ex</span> <span class='ocrx_word' id='word_1_86' title='bbox 1098 1196 1222 1249; x_wconf 69' lang='lat' dir='ltr'>intestinis</span> <span class='ocrx_word' id='word_1_87' title='bbox 1239 1196 1346 1248; x_wconf 85' lang='grc'><strong>77777777</strong></span> 
     </span>
     <span class='ocr_line' id='line_1_12' title="bbox 222 1280 1344 1355; baseline -0.004 -19"><span class='ocrx_word' id='word_1_88' title='bbox 222 1285 301 1354; x_wconf 80' lang='lat' dir='ltr'>ptime</span> <span class='ocrx_word' id='word_1_89' title='bbox 315 1290 374 1338; x_wconf 78' lang='grc'><strong>470.</strong></span> <span class='ocrx_word' id='word_1_90' title='bbox 388 1316 418 1326; x_wconf 92' lang='grc'><strong>-</strong></span> <span class='ocrx_word' id='word_1_91' title='bbox 445 1287 554 1355; x_wconf 86' lang='lat' dir='ltr'>quaudo,</span> <span class='ocrx_word' id='word_1_92' title='bbox 573 1287 614 1338; x_wconf 88' lang='lat' dir='ltr'>ubi</span> <span class='ocrx_word' id='word_1_93' title='bbox 629 1297 655 1338; x_wconf 89' lang='lat' dir='ltr'>et</span> <span class='ocrx_word' id='word_1_94' title='bbox 669 1304 683 1338; x_wconf 90' lang='lat' dir='ltr'>a</span> <span class='ocrx_word' id='word_1_95' title='bbox 700 1303 750 1354; x_wconf 86' lang='lat' dir='ltr'>quo</span> <span class='ocrx_word' id='word_1_96' title='bbox 817 1286 941 1352; x_wconf 82' lang='lat' dir='ltr'>terpentia</span> <span class='ocrx_word' id='word_1_97' title='bbox 952 1285 1140 1336; x_wconf 82' lang='lat' dir='ltr'>rimilitudinem</span> <span class='ocrx_word' id='word_1_98' title='bbox 1154 1282 1275 1350; x_wconf 82' lang='lat' dir='ltr'>coliigunt</span> <span class='ocrx_word' id='word_1_99' title='bbox 1283 1280 1344 1332; x_wconf 81' lang='lat' dir='ltr'>ibid</span> 
     </span>
    </p>

    <p class='ocr_par' dir='ltr' id='par_1_6' title="bbox 128 1367 1344 1439">
     <span class='ocr_line' id='line_1_13' title="bbox 128 1367 1344 1439; baseline -0.004 -17"><span class='ocrx_word' id='word_1_100' title='bbox 128 1403 133 1412; x_wconf 86' lang='lat'><em>·</em></span> <span class='ocrx_word' id='word_1_101' title='bbox 222 1371 272 1422; x_wconf 89' lang='lat' dir='ltr'>orti</span> <span class='ocrx_word' id='word_1_102' title='bbox 286 1371 345 1422; x_wconf 77' lang='lat' dir='ltr'>ibid</span> <span class='ocrx_word' id='word_1_103' title='bbox 820 1399 849 1410; x_wconf 93' lang='grc'>-</span> <span class='ocrx_word' id='word_1_104' title='bbox 868 1381 1009 1438; x_wconf 75' lang='lat' dir='ltr'>serpentem</span> <span class='ocrx_word' id='word_1_105' title='bbox 1025 1369 1191 1439; x_wconf 73' lang='grc'><strong>7777777771,</strong></span> <span class='ocrx_word' id='word_1_106' title='bbox 1217 1379 1244 1419; x_wconf 87' lang='lat' dir='ltr'>et</span> <span class='ocrx_word' id='word_1_107' title='bbox 1261 1368 1286 1418; x_wconf 90' lang='lat' dir='ltr'>iu</span> <span class='ocrx_word' id='word_1_108' title='bbox 1305 1367 1344 1417; x_wconf 89' lang='lat' dir='ltr'>ci-</span> 
     </span>
    </p>

    <p class='ocr_par' dir='ltr' id='par_1_7' title="bbox 189 1455 1095 1524">
     <span class='ocr_line' id='line_1_14' title="bbox 189 1455 1095 1524; baseline -0.002 -15"><span class='ocrx_word' id='word_1_109' title='bbox 189 1456 266 1509; x_wconf 88' lang='lat' dir='ltr'>Noeti</span> <span class='ocrx_word' id='word_1_110' title='bbox 281 1455 386 1508; x_wconf 84' lang='lat' dir='ltr'>hiatoria</span> <span class='ocrx_word' id='word_1_111' title='bbox 402 1459 460 1506; x_wconf 81' lang='grc'><strong>100.</strong></span> <span class='ocrx_word' id='word_1_112' title='bbox 474 1485 504 1495; x_wconf 92' lang='grc'>-</span> <span class='ocrx_word' id='word_1_113' title='bbox 527 1457 560 1508; x_wconf 89' lang='lat' dir='ltr'>ab</span> <span class='ocrx_word' id='word_1_114' title='bbox 574 1456 678 1508; x_wconf 84' lang='lat' dir='ltr'>eccieaia</span> <span class='ocrx_word' id='word_1_115' title='bbox 694 1456 749 1524; x_wconf 83' lang='lat' dir='ltr'>pul·</span> <span class='ocrx_word' id='word_1_116' title='bbox 818 1466 856 1506; x_wconf 84' lang='lat' dir='ltr'>ata</span> <span class='ocrx_word' id='word_1_117' title='bbox 876 1456 1021 1508; x_wconf 73' lang='lat' dir='ltr'>custodiunt</span> <span class='ocrx_word' id='word_1_118' title='bbox 1037 1460 1095 1507; x_wconf 88' lang='grc'><strong>272.</strong></span> 
     </span>
    </p>

    <p class='ocr_par' dir='ltr' id='par_1_8' title="bbox 221 1540 1346 1611">
     <span class='ocr_line' id='line_1_15' title="bbox 221 1540 1346 1611; baseline -0.003 -19"><span class='ocrx_word' id='word_1_119' title='bbox 221 1558 262 1592; x_wconf 90' lang='grc'>777</span> <span class='ocrx_word' id='word_1_120' title='bbox 273 1552 297 1592; x_wconf 85' lang='grc'>71</span> <span class='ocrx_word' id='word_1_121' title='bbox 306 1541 449 1611; x_wconf 86' lang='lat' dir='ltr'>aepulturae</span> <span class='ocrx_word' id='word_1_122' title='bbox 462 1540 560 1593; x_wconf 86' lang='lat' dir='ltr'>bonore</span> <span class='ocrx_word' id='word_1_123' title='bbox 570 1542 681 1609; x_wconf 84' lang='lat' dir='ltr'>privatur</span> <span class='ocrx_word' id='word_1_124' title='bbox 689 1541 749 1593; x_wconf 90' lang='lat' dir='ltr'>ibid.</span> <span class='ocrx_word' id='word_1_125' title='bbox 784 1540 931 1608; x_wconf 88' lang='lat' dir='ltr'>Ophitarum</span> <span class='ocrx_word' id='word_1_126' title='bbox 953 1541 1075 1593; x_wconf 76' lang='lat' dir='ltr'>refutatio</span> <span class='ocrx_word' id='word_1_127' title='bbox 1096 1545 1152 1593; x_wconf 85' lang='grc'><strong>272.</strong></span> <span class='ocrx_word' id='word_1_128' title='bbox 1172 1566 1205 1579; x_wconf 90' lang='lat'>-</span> <span class='ocrx_word' id='word_1_129' title='bbox 1239 1555 1286 1590; x_wconf 86' lang='lat' dir='ltr'>uec</span> <span class='ocrx_word' id='word_1_130' title='bbox 1301 1554 1346 1589; x_wconf 84' lang='lat' dir='ltr'>eoa</span> 
     </span>
    </p>

    <p class='ocr_par' dir='ltr' id='par_1_9' title="bbox 188 1627 1343 1779">
     <span class='ocr_line' id='line_1_16' title="bbox 188 1627 1343 1696; baseline -0.005 -17"><span class='ocrx_word' id='word_1_131' title='bbox 188 1627 309 1679; x_wconf 87' lang='lat' dir='ltr'>Noetiaui</span> <span class='ocrx_word' id='word_1_132' title='bbox 327 1627 414 1695; x_wconf 82' lang='lat' dir='ltr'>quibua</span> <span class='ocrx_word' id='word_1_133' title='bbox 437 1627 627 1678; x_wconf 75' lang='lat' dir='ltr'>auctoritatibus</span> <span class='ocrx_word' id='word_1_134' title='bbox 649 1636 751 1678; x_wconf 87' lang='lat' dir='ltr'>utuntur</span> <span class='ocrx_word' id='word_1_135' title='bbox 818 1643 920 1694; x_wconf 77' lang='lat' dir='ltr'>serpena</span> <span class='ocrx_word' id='word_1_136' title='bbox 943 1627 1039 1696; x_wconf 72' lang='lat' dir='ltr'>Moysis</span> <span class='ocrx_word' id='word_1_137' title='bbox 1057 1629 1232 1678; x_wconf 78' lang='grc'><strong>7777771270.</strong></span> <span class='ocrx_word' id='word_1_138' title='bbox 1251 1651 1280 1664; x_wconf 91' lang='lat'>-</span> <span class='ocrx_word' id='word_1_139' title='bbox 1317 1633 1343 1674; x_wconf 89' lang='lat' dir='ltr'>et</span> 
     </span>
     <span class='ocr_line' id='line_1_17' title="bbox 221 1709 1190 1779; baseline -0.002 -17"><span class='ocrx_word' id='word_1_140' title='bbox 221 1711 283 1762; x_wconf 88' lang='lat' dir='ltr'>ibid.</span> <span class='ocrx_word' id='word_1_141' title='bbox 822 1728 866 1762; x_wconf 86' lang='lat' dir='ltr'>cur</span> <span class='ocrx_word' id='word_1_142' title='bbox 882 1712 1000 1779; x_wconf 82' lang='lat' dir='ltr'>aMoyaa</span> <span class='ocrx_word' id='word_1_143' title='bbox 1015 1722 1112 1763; x_wconf 84' lang='lat' dir='ltr'>erectua</span> <span class='ocrx_word' id='word_1_144' title='bbox 1129 1709 1190 1762; x_wconf 82' lang='lat' dir='ltr'>ibid</span> 
     </span>
    </p>

    <p class='ocr_par' dir='ltr' id='par_1_10' title="bbox 143 1786 1344 1948">
     <span class='ocr_line' id='line_1_18' title="bbox 143 1786 1343 1864; baseline -0.003 -16"><span class='ocrx_word' id='word_1_145' title='bbox 143 1786 149 1797; x_wconf 44' lang='lat'>¹</span> <span class='ocrx_word' id='word_1_146' title='bbox 188 1796 748 1864; x_wconf 73' lang='grc' dir='ltr'><strong>177717777717777777υά7777οέ177401-</strong></span> <span class='ocrx_word' id='word_1_147' title='bbox 784 1796 871 1847; x_wconf 78' lang='lat' dir='ltr'>Oratio</span> <span class='ocrx_word' id='word_1_148' title='bbox 884 1795 1065 1848; x_wconf 87' lang='lat' dir='ltr'>baereticorum</span> <span class='ocrx_word' id='word_1_149' title='bbox 1080 1795 1171 1847; x_wconf 84' lang='lat' dir='ltr'>blanda</span> <span class='ocrx_word' id='word_1_150' title='bbox 1181 1806 1208 1846; x_wconf 93' lang='lat' dir='ltr'>et</span> <span class='ocrx_word' id='word_1_151' title='bbox 1219 1795 1278 1846; x_wconf 87' lang='lat' dir='ltr'>fuco</span> <span class='ocrx_word' id='word_1_152' title='bbox 1289 1811 1343 1845; x_wconf 90' lang='lat' dir='ltr'>mu·</span> 
     </span>
     <span class='ocr_line' id='line_1_19' title="bbox 222 1878 1344 1948; baseline -0.002 -16"><span class='ocrx_word' id='word_1_153' title='bbox 222 1881 275 1932; x_wconf 83' lang='lat' dir='ltr'>eiua</span> <span class='ocrx_word' id='word_1_154' title='bbox 292 1881 413 1933; x_wconf 72' lang='lat' dir='ltr'>refutatio</span> <span class='ocrx_word' id='word_1_155' title='bbox 429 1886 489 1933; x_wconf 79' lang='grc'><strong>400.</strong></span> <span class='ocrx_word' id='word_1_156' title='bbox 818 1880 889 1931; x_wconf 82' lang='lat' dir='ltr'>liebri</span> <span class='ocrx_word' id='word_1_157' title='bbox 905 1880 1046 1943; x_wconf 83' lang='lat' dir='ltr'>aimiilima,</span> <span class='ocrx_word' id='word_1_158' title='bbox 1065 1881 1096 1932; x_wconf 91' lang='lat' dir='ltr'>ab</span> <span class='ocrx_word' id='word_1_159' title='bbox 1111 1898 1190 1948; x_wconf 87' lang='lat' dir='ltr'>eaque</span> <span class='ocrx_word' id='word_1_160' title='bbox 1208 1878 1344 1932; x_wconf 80' lang='lat' dir='ltr'>carendum</span> 
     </span>
    </p>

    <p class='ocr_par' dir='ltr' id='par_1_11' title="bbox 189 1966 875 2037">
     <span class='ocr_line' id='line_1_20' title="bbox 189 1966 875 2037; baseline -0.004 -19"><span class='ocrx_word' id='word_1_161' title='bbox 189 1966 266 2018; x_wconf 80' lang='lat' dir='ltr'>Nomi</span> <span class='ocrx_word' id='word_1_162' title='bbox 278 1967 425 2035; x_wconf 73' lang='lat' dir='ltr'>Aegyptiaci</span> <span class='ocrx_word' id='word_1_163' title='bbox 438 1966 498 2034; x_wconf 90' lang='lat' dir='ltr'>quid</span> <span class='ocrx_word' id='word_1_164' title='bbox 512 1967 563 2018; x_wconf 91' lang='grc'><strong>7771</strong></span> <span class='ocrx_word' id='word_1_165' title='bbox 575 1968 643 2037; x_wconf 85' lang='lat' dir='ltr'>apud</span> <span class='ocrx_word' id='word_1_166' title='bbox 655 1970 750 2032; x_wconf 80' lang='lat' dir='ltr'>faniam,</span> <span class='ocrx_word' id='word_1_167' title='bbox 818 1969 875 2016; x_wconf 79' lang='grc'><strong>704.</strong></span> 
     </span>
    </p>

    <p class='ocr_par' dir='ltr' id='par_1_12' title="bbox 223 2050 1343 2119">
     <span class='ocr_line' id='line_1_21' title="bbox 223 2050 1343 2119; baseline -0.003 -16"><span class='ocrx_word' id='word_1_168' title='bbox 223 2061 250 2103; x_wconf 86' lang='grc'>71</span> <span class='ocrx_word' id='word_1_169' title='bbox 264 2050 326 2103; x_wconf 84' lang='grc'><strong>71777</strong></span> <span class='ocrx_word' id='word_1_170' title='bbox 344 2056 384 2104; x_wconf 86' lang='grc'>08.</span> <span class='ocrx_word' id='word_1_171' title='bbox 784 2050 896 2119; x_wconf 76' lang='lat' dir='ltr'>origenis</span> <span class='ocrx_word' id='word_1_172' title='bbox 911 2050 1020 2102; x_wconf 82' lang='lat' dir='ltr'>baereaia</span> <span class='ocrx_word' id='word_1_173' title='bbox 1039 2067 1138 2103; x_wconf 83' lang='grc'><strong>777777</strong></span> <span class='ocrx_word' id='word_1_174' title='bbox 1153 2051 1255 2103; x_wconf 88' lang='lat' dir='ltr'>rubetae</span> <span class='ocrx_word' id='word_1_175' title='bbox 1271 2067 1343 2102; x_wconf 86' lang='lat' dir='ltr'>com·</span> 
     </span>
    </p>

    <p class='ocr_par' dir='ltr' id='par_1_13' title="bbox 188 2135 1344 2290">
     <span class='ocr_line' id='line_1_22' title="bbox 188 2135 1344 2208; baseline -0.002 -20"><span class='ocrx_word' id='word_1_176' title='bbox 188 2136 298 2189; x_wconf 89' lang='lat' dir='ltr'>Nomina</span> <span class='ocrx_word' id='word_1_177' title='bbox 316 2155 362 2206; x_wconf 89' lang='lat' dir='ltr'>per</span> <span class='ocrx_word' id='word_1_178' title='bbox 383 2137 545 2206; x_wconf 69' lang='lat' dir='ltr'>antiphrasim</span> <span class='ocrx_word' id='word_1_179' title='bbox 561 2138 646 2190; x_wconf 85' lang='lat' dir='ltr'>multia</span> <span class='ocrx_word' id='word_1_180' title='bbox 665 2139 747 2208; x_wconf 89' lang='lat' dir='ltr'>impo·</span> <span class='ocrx_word' id='word_1_181' title='bbox 818 2146 904 2204; x_wconf 84' lang='lat' dir='ltr'>parata</span> <span class='ocrx_word' id='word_1_182' title='bbox 923 2140 980 2187; x_wconf 84' lang='grc'><strong>001.</strong></span> <span class='ocrx_word' id='word_1_183' title='bbox 999 2165 1031 2176; x_wconf 94' lang='grc'>-</span> <span class='ocrx_word' id='word_1_184' title='bbox 1064 2135 1130 2187; x_wconf 87' lang='lat' dir='ltr'>idern</span> <span class='ocrx_word' id='word_1_185' title='bbox 1146 2135 1232 2187; x_wconf 74' lang='lat' dir='ltr'>cimilia</span> <span class='ocrx_word' id='word_1_186' title='bbox 1249 2137 1344 2203; x_wconf 82' lang='lat' dir='ltr'>Myoxo</span> 
     </span>
     <span class='ocr_line' id='line_1_23' title="bbox 223 2219 1344 2290; baseline -0.001 -18"><span class='ocrx_word' id='word_1_187' title='bbox 223 2231 316 2273; x_wconf 89' lang='lat' dir='ltr'>uuutur</span> <span class='ocrx_word' id='word_1_188' title='bbox 332 2226 391 2274; x_wconf 85' lang='grc'><strong>407.</strong></span> <span class='ocrx_word' id='word_1_189' title='bbox 819 2220 909 2272; x_wconf 90' lang='lat' dir='ltr'>dicitur</span> <span class='ocrx_word' id='word_1_190' title='bbox 922 2221 983 2272; x_wconf 85' lang='lat' dir='ltr'>ibid.</span> <span class='ocrx_word' id='word_1_191' title='bbox 995 2252 1025 2260; x_wconf 97' lang='lat'>-</span> <span class='ocrx_word' id='word_1_192' title='bbox 1043 2239 1117 2290; x_wconf 86' lang='lat' dir='ltr'>quam</span> <span class='ocrx_word' id='word_1_193' title='bbox 1129 2221 1162 2272; x_wconf 92' lang='grc'>771</span> <span class='ocrx_word' id='word_1_194' title='bbox 1176 2219 1344 2290; x_wconf 77' lang='lat' dir='ltr'>deplorandus</span> 
     </span>
    </p>

    <p class='ocr_par' dir='ltr' id='par_1_14' title="bbox 190 2305 1344 2462">
     <span class='ocr_line' id='line_1_24' title="bbox 190 2305 878 2377; baseline -0.003 -20"><span class='ocrx_word' id='word_1_195' title='bbox 190 2305 299 2358; x_wconf 85' lang='lat' dir='ltr'>Nomina</span> <span class='ocrx_word' id='word_1_196' title='bbox 316 2325 380 2377; x_wconf 85' lang='lat' dir='ltr'>quae</span> <span class='ocrx_word' id='word_1_197' title='bbox 399 2309 448 2360; x_wconf 89' lang='lat' dir='ltr'>deo</span> <span class='ocrx_word' id='word_1_198' title='bbox 466 2308 635 2361; x_wconf 76' lang='lat' dir='ltr'>attribuuntur</span> <span class='ocrx_word' id='word_1_199' title='bbox 652 2310 683 2363; x_wconf 89' lang='lat' dir='ltr'>ab</span> <span class='ocrx_word' id='word_1_200' title='bbox 699 2310 750 2360; x_wconf 79' lang='lat' dir='ltr'>He-</span> <span class='ocrx_word' id='word_1_201' title='bbox 820 2310 878 2356; x_wconf 86' lang='grc'><strong>007.</strong></span> 
     </span>
     <span class='ocr_line' id='line_1_25' title="bbox 222 2390 1344 2462; baseline 0.001 -20"><span class='ocrx_word' id='word_1_202' title='bbox 222 2390 311 2452; x_wconf 81' lang='lat' dir='ltr'>bracia,</span> <span class='ocrx_word' id='word_1_203' title='bbox 330 2405 459 2445; x_wconf 90' lang='lat' dir='ltr'>eteorum</span> <span class='ocrx_word' id='word_1_204' title='bbox 476 2394 652 2462; x_wconf 84' lang='lat' dir='ltr'>interpretatio</span> <span class='ocrx_word' id='word_1_205' title='bbox 670 2398 727 2446; x_wconf 86' lang='grc'><strong>270.</strong></span> <span class='ocrx_word' id='word_1_206' title='bbox 784 2392 897 2460; x_wconf 64' lang='grc'><strong>07737777</strong></span> <span class='ocrx_word' id='word_1_207' title='bbox 919 2409 990 2444; x_wconf 87' lang='lat' dir='ltr'>error</span> <span class='ocrx_word' id='word_1_208' title='bbox 1005 2392 1133 2445; x_wconf 87' lang='lat' dir='ltr'>refutatur</span> <span class='ocrx_word' id='word_1_209' title='bbox 1154 2391 1185 2443; x_wconf 91' lang='grc'>77</span> <span class='ocrx_word' id='word_1_210' title='bbox 1202 2390 1344 2460; x_wconf 79' lang='lat' dir='ltr'>Epipbauio</span> 
     </span>
    </p>

    <p class='ocr_par' dir='ltr' id='par_1_15' title="bbox 188 2474 1344 2630">
     <span class='ocr_line' id='line_1_26' title="bbox 188 2474 1344 2532; baseline 0.003 -6"><span class='ocrx_word' id='word_1_211' title='bbox 188 2474 283 2528; x_wconf 75' lang='lat' dir='ltr'>Fabula</span> <span class='ocrx_word' id='word_1_212' title='bbox 300 2478 394 2531; x_wconf 86' lang='lat' dir='ltr'>Noriae</span> <span class='ocrx_word' id='word_1_213' title='bbox 419 2479 548 2531; x_wconf 76' lang='lat' dir='ltr'>incidentia</span> <span class='ocrx_word' id='word_1_214' title='bbox 566 2497 639 2532; x_wconf 88' lang='lat' dir='ltr'>arcae</span> <span class='ocrx_word' id='word_1_215' title='bbox 658 2480 750 2531; x_wconf 90' lang='lat' dir='ltr'>Noemi</span> <span class='ocrx_word' id='word_1_216' title='bbox 819 2481 878 2528; x_wconf 88' lang='grc'><strong>701.</strong></span> <span class='ocrx_word' id='word_1_217' title='bbox 897 2506 927 2516; x_wconf 96' lang='grc'><strong>-</strong></span> <span class='ocrx_word' id='word_1_218' title='bbox 962 2477 993 2528; x_wconf 87' lang='grc'>77</span> <span class='ocrx_word' id='word_1_219' title='bbox 1015 2495 1047 2529; x_wconf 84' lang='grc'>77</span> <span class='ocrx_word' id='word_1_220' title='bbox 1062 2494 1107 2528; x_wconf 80' lang='lat' dir='ltr'>aex</span> <span class='ocrx_word' id='word_1_221' title='bbox 1124 2476 1203 2529; x_wconf 83' lang='lat' dir='ltr'>millia</span> <span class='ocrx_word' id='word_1_222' title='bbox 1224 2476 1344 2529; x_wconf 83' lang='lat' dir='ltr'>librorum</span> 
     </span>
     <span class='ocr_line' id='line_1_27' title="bbox 223 2562 1038 2630; baseline -0.001 -16"><span class='ocrx_word' id='word_1_223' title='bbox 223 2566 265 2614; x_wconf 87' lang='grc'>00.</span> <span class='ocrx_word' id='word_1_224' title='bbox 820 2562 961 2630; x_wconf 76' lang='lat' dir='ltr'>conscripta</span> <span class='ocrx_word' id='word_1_225' title='bbox 977 2562 1038 2614; x_wconf 84' lang='lat' dir='ltr'>ibid.</span> 
     </span>
    </p>

    <p class='ocr_par' dir='ltr' id='par_1_16' title="bbox 188 2646 1343 2885">
     <span class='ocr_line' id='line_1_28' title="bbox 188 2646 1343 2715; baseline 0 -17"><span class='ocrx_word' id='word_1_226' title='bbox 188 2646 268 2699; x_wconf 87' lang='lat' dir='ltr'>Non&#39;a</span> <span class='ocrx_word' id='word_1_227' title='bbox 293 2650 382 2699; x_wconf 85' lang='lat' dir='ltr'>coniux</span> <span class='ocrx_word' id='word_1_228' title='bbox 400 2651 509 2710; x_wconf 76' lang='lat' dir='ltr'>Noemi,</span> <span class='ocrx_word' id='word_1_229' title='bbox 536 2650 601 2701; x_wconf 89' lang='lat' dir='ltr'>uude</span> <span class='ocrx_word' id='word_1_230' title='bbox 624 2649 692 2701; x_wconf 89' lang='lat' dir='ltr'>dicta</span> <span class='ocrx_word' id='word_1_231' title='bbox 707 2668 749 2700; x_wconf 86' lang='lat' dir='ltr'>ae-</span> <span class='ocrx_word' id='word_1_232' title='bbox 785 2648 904 2715; x_wconf 85' lang='lat' dir='ltr'>Origenea</span> <span class='ocrx_word' id='word_1_233' title='bbox 919 2659 1004 2699; x_wconf 89' lang='lat' dir='ltr'>ceuaet</span> <span class='ocrx_word' id='word_1_234' title='bbox 1018 2659 1128 2700; x_wconf 88' lang='lat' dir='ltr'>creatum</span> <span class='ocrx_word' id='word_1_235' title='bbox 1144 2647 1222 2700; x_wconf 86' lang='grc'><strong>717777</strong></span> <span class='ocrx_word' id='word_1_236' title='bbox 1236 2652 1294 2700; x_wconf 90' lang='grc'><strong>701.</strong></span> <span class='ocrx_word' id='word_1_237' title='bbox 1309 2676 1343 2688; x_wconf 93' lang='grc'>-</span> 
     </span>
     <span class='ocr_line' id='line_1_29' title="bbox 223 2730 1343 2802; baseline 0.001 -18"><span class='ocrx_word' id='word_1_238' title='bbox 223 2731 331 2784; x_wconf 88' lang='lat' dir='ltr'>cundum</span> <span class='ocrx_word' id='word_1_239' title='bbox 351 2734 498 2798; x_wconf 80' lang='grc' dir='ltr'><strong>0777ῑί777,</strong></span> <span class='ocrx_word' id='word_1_240' title='bbox 524 2745 550 2784; x_wconf 86' lang='lat' dir='ltr'>et</span> <span class='ocrx_word' id='word_1_241' title='bbox 564 2752 596 2785; x_wconf 89' lang='lat' dir='ltr'>an</span> <span class='ocrx_word' id='word_1_242' title='bbox 614 2734 702 2787; x_wconf 89' lang='lat' dir='ltr'>eadem</span> <span class='ocrx_word' id='word_1_243' title='bbox 718 2735 750 2786; x_wconf 82' lang='grc'>771</span> <span class='ocrx_word' id='word_1_244' title='bbox 818 2731 922 2802; x_wconf 76' lang='grc' dir='ltr'>γενητόν</span> <span class='ocrx_word' id='word_1_245' title='bbox 938 2743 963 2784; x_wconf 92' lang='lat' dir='ltr'>et</span> <span class='ocrx_word' id='word_1_246' title='bbox 971 2730 1088 2801; x_wconf 71' lang='grc' dir='ltr'>γεννητόν</span> <span class='ocrx_word' id='word_1_247' title='bbox 1097 2733 1231 2785; x_wconf 84' lang='lat' dir='ltr'>confundit</span> <span class='ocrx_word' id='word_1_248' title='bbox 1242 2738 1300 2785; x_wconf 82' lang='grc'><strong>707.</strong></span> <span class='ocrx_word' id='word_1_249' title='bbox 1312 2762 1343 2773; x_wconf 91' lang='grc'>-</span> 
     </span>
     <span class='ocr_line' id='line_1_30' title="bbox 222 2816 1343 2885; baseline 0.001 -17"><span class='ocrx_word' id='word_1_250' title='bbox 222 2816 318 2885; x_wconf 80' lang='lat' dir='ltr'>Pyrrha</span> <span class='ocrx_word' id='word_1_251' title='bbox 336 2821 376 2868; x_wconf 88' lang='grc'>02.</span> <span class='ocrx_word' id='word_1_252' title='bbox 817 2818 850 2869; x_wconf 89' lang='lat' dir='ltr'>de</span> <span class='ocrx_word' id='word_1_253' title='bbox 866 2819 1048 2870; x_wconf 75' lang='lat' dir='ltr'>rerurrectione</span> <span class='ocrx_word' id='word_1_254' title='bbox 1068 2829 1223 2870; x_wconf 88' lang='lat' dir='ltr'>mortuorum</span> <span class='ocrx_word' id='word_1_255' title='bbox 1239 2818 1343 2882; x_wconf 85' lang='lat' dir='ltr'>incerta,</span> 
     </span>
    </p>

    <p class='ocr_par' dir='ltr' id='par_1_17' title="bbox 188 2901 1403 3057">
     <span class='ocr_line' id='line_1_31' title="bbox 188 2901 1403 2979; baseline 0 -25"><span class='ocrx_word' id='word_1_256' title='bbox 188 2901 284 2954; x_wconf 75' lang='lat' dir='ltr'>Novati</span> <span class='ocrx_word' id='word_1_257' title='bbox 302 2903 344 2970; x_wconf 91' lang='lat' dir='ltr'>qui</span> <span class='ocrx_word' id='word_1_258' title='bbox 361 2913 450 2955; x_wconf 88' lang='lat' dir='ltr'>auctur</span> <span class='ocrx_word' id='word_1_259' title='bbox 464 2904 627 2956; x_wconf 85' lang='lat' dir='ltr'>Catberorum</span> <span class='ocrx_word' id='word_1_260' title='bbox 644 2906 692 2956; x_wconf 88' lang='lat' dir='ltr'>fuit</span> <span class='ocrx_word' id='word_1_261' title='bbox 707 2905 749 2957; x_wconf 89' lang='lat' dir='ltr'>bi·</span> <span class='ocrx_word' id='word_1_262' title='bbox 818 2915 844 2955; x_wconf 90' lang='lat' dir='ltr'>et</span> <span class='ocrx_word' id='word_1_263' title='bbox 858 2905 973 2972; x_wconf 88' lang='lat' dir='ltr'>ambigua</span> <span class='ocrx_word' id='word_1_264' title='bbox 986 2903 1086 2955; x_wconf 81' lang='lat' dir='ltr'>diruerit</span> <span class='ocrx_word' id='word_1_265' title='bbox 1099 2908 1157 2955; x_wconf 90' lang='grc'><strong>700.</strong></span> <span class='ocrx_word' id='word_1_266' title='bbox 1172 2907 1230 2955; x_wconf 86' lang='grc'><strong>704.</strong></span> <span class='ocrx_word' id='word_1_267' title='bbox 1244 2932 1274 2944; x_wconf 93' lang='grc'>-</span> <span class='ocrx_word' id='word_1_268' title='bbox 1291 2903 1344 2954; x_wconf 85' lang='lat' dir='ltr'>eiua</span> <span class='ocrx_word' id='word_1_269' title='bbox 1401 2972 1403 2979; x_wconf 21' lang='lat' dir='ltr'>y</span> 
     </span>
     <span class='ocr_line' id='line_1_32' title="bbox 222 2988 1343 3057; baseline 0.001 -19"><span class='ocrx_word' id='word_1_270' title='bbox 222 2988 300 3039; x_wconf 83' lang='lat' dir='ltr'>atoria</span> <span class='ocrx_word' id='word_1_271' title='bbox 317 2992 375 3039; x_wconf 79' lang='grc'><strong>400.</strong></span> <span class='ocrx_word' id='word_1_272' title='bbox 394 3016 428 3030; x_wconf 90' lang='lat'>-</span> <span class='ocrx_word' id='word_1_273' title='bbox 460 2989 512 3041; x_wconf 84' lang='lat' dir='ltr'>eiua</span> <span class='ocrx_word' id='word_1_274' title='bbox 529 2989 637 3041; x_wconf 83' lang='lat' dir='ltr'>baereaia</span> <span class='ocrx_word' id='word_1_275' title='bbox 653 2990 714 3041; x_wconf 88' lang='lat' dir='ltr'>ibid.</span> <span class='ocrx_word' id='word_1_276' title='bbox 819 2988 967 3057; x_wconf 84' lang='lat' dir='ltr'>epitomaex</span> <span class='ocrx_word' id='word_1_277' title='bbox 977 2989 1109 3042; x_wconf 86' lang='lat' dir='ltr'>Methodio</span> <span class='ocrx_word' id='word_1_278' title='bbox 1121 2989 1182 3040; x_wconf 88' lang='lat' dir='ltr'>ibid.</span> <span class='ocrx_word' id='word_1_279' title='bbox 1199 2999 1226 3040; x_wconf 90' lang='lat' dir='ltr'>et</span> <span class='ocrx_word' id='word_1_280' title='bbox 1241 2992 1299 3041; x_wconf 93' lang='grc'><strong>707.</strong></span> <span class='ocrx_word' id='word_1_281' title='bbox 1317 2999 1343 3040; x_wconf 85' lang='grc'>71</span> 
     </span>
    </p>

    <p class='ocr_par' dir='ltr' id='par_1_18' title="bbox 188 3070 1343 3227">
     <span class='ocr_line' id='line_1_33' title="bbox 188 3070 1343 3143; baseline 0.003 -21"><span class='ocrx_word' id='word_1_282' title='bbox 188 3070 292 3123; x_wconf 86' lang='lat' dir='ltr'>Numeri</span> <span class='ocrx_word' id='word_1_283' title='bbox 307 3073 333 3124; x_wconf 93' lang='lat' dir='ltr'>iu</span> <span class='ocrx_word' id='word_1_284' title='bbox 349 3073 479 3143; x_wconf 73' lang='lat' dir='ltr'>scripturia</span> <span class='ocrx_word' id='word_1_285' title='bbox 501 3074 611 3142; x_wconf 78' lang='grc'><strong>77777777</strong></span> <span class='ocrx_word' id='word_1_286' title='bbox 631 3075 747 3127; x_wconf 79' lang='lat' dir='ltr'>concide·</span> <span class='ocrx_word' id='word_1_287' title='bbox 817 3090 886 3142; x_wconf 84' lang='lat' dir='ltr'>aeqq.</span> <span class='ocrx_word' id='word_1_288' title='bbox 906 3102 936 3113; x_wconf 94' lang='lat'>-</span> <span class='ocrx_word' id='word_1_289' title='bbox 980 3075 1006 3124; x_wconf 93' lang='lat' dir='ltr'>in</span> <span class='ocrx_word' id='word_1_290' title='bbox 1029 3075 1211 3126; x_wconf 77' lang='lat' dir='ltr'>recorrectione</span> <span class='ocrx_word' id='word_1_291' title='bbox 1236 3090 1343 3142; x_wconf 83' lang='lat' dir='ltr'>corpora</span> 
     </span>
     <span class='ocr_line' id='line_1_34' title="bbox 221 3157 1343 3227; baseline 0.002 -19"><span class='ocrx_word' id='word_1_292' title='bbox 221 3157 320 3209; x_wconf 87' lang='lat' dir='ltr'>ratione</span> <span class='ocrx_word' id='word_1_293' title='bbox 337 3158 406 3226; x_wconf 87' lang='lat' dir='ltr'>digni</span> <span class='ocrx_word' id='word_1_294' title='bbox 422 3170 481 3211; x_wconf 85' lang='lat' dir='ltr'>aaut</span> <span class='ocrx_word' id='word_1_295' title='bbox 498 3163 573 3212; x_wconf 86' lang='grc'><strong>1080.</strong></span> <span class='ocrx_word' id='word_1_296' title='bbox 818 3169 947 3226; x_wconf 82' lang='lat' dir='ltr'>reaurgeut</span> <span class='ocrx_word' id='word_1_297' title='bbox 967 3160 1121 3226; x_wconf 83' lang='lat' dir='ltr'>perfectiore</span> <span class='ocrx_word' id='word_1_298' title='bbox 1136 3159 1228 3222; x_wconf 85' lang='lat' dir='ltr'>modo,</span> <span class='ocrx_word' id='word_1_299' title='bbox 1254 3169 1343 3227; x_wconf 85' lang='lat' dir='ltr'>etqua</span> 
     </span>
    </p>

    <p class='ocr_par' dir='ltr' id='par_1_19' title="bbox 188 3241 1345 3484">
     <span class='ocr_line' id='line_1_35' title="bbox 188 3241 1344 3313; baseline 0.002 -21"><span class='ocrx_word' id='word_1_300' title='bbox 188 3241 297 3311; x_wconf 82' lang='lat' dir='ltr'>Nuptiae</span> <span class='ocrx_word' id='word_1_301' title='bbox 320 3243 385 3295; x_wconf 91' lang='lat' dir='ltr'>iuter</span> <span class='ocrx_word' id='word_1_302' title='bbox 402 3244 519 3297; x_wconf 84' lang='lat' dir='ltr'>iudaeum</span> <span class='ocrx_word' id='word_1_303' title='bbox 540 3256 567 3296; x_wconf 88' lang='lat' dir='ltr'>et</span> <span class='ocrx_word' id='word_1_304' title='bbox 585 3246 749 3298; x_wconf 85' lang='lat' dir='ltr'>Chriatianam</span> <span class='ocrx_word' id='word_1_305' title='bbox 817 3244 916 3296; x_wconf 91' lang='lat' dir='ltr'>ratione</span> <span class='ocrx_word' id='word_1_306' title='bbox 930 3244 957 3295; x_wconf 88' lang='lat' dir='ltr'>id</span> <span class='ocrx_word' id='word_1_307' title='bbox 971 3244 1078 3313; x_wconf 76' lang='lat' dir='ltr'>intelligi</span> <span class='ocrx_word' id='word_1_308' title='bbox 1093 3245 1173 3313; x_wconf 88' lang='lat' dir='ltr'>poaait</span> <span class='ocrx_word' id='word_1_309' title='bbox 1187 3249 1246 3295; x_wconf 87' lang='grc'><strong>707.</strong></span> <span class='ocrx_word' id='word_1_310' title='bbox 1260 3273 1294 3285; x_wconf 93' lang='grc'>-</span> <span class='ocrx_word' id='word_1_311' title='bbox 1311 3244 1344 3295; x_wconf 88' lang='grc'>77-</span> 
     </span>
     <span class='ocr_line' id='line_1_36' title="bbox 222 3327 1345 3400; baseline 0.003 -22"><span class='ocrx_word' id='word_1_312' title='bbox 222 3327 380 3395; x_wconf 85' lang='lat' dir='ltr'>prohibitae,</span> <span class='ocrx_word' id='word_1_313' title='bbox 398 3340 425 3381; x_wconf 90' lang='lat' dir='ltr'>et</span> <span class='ocrx_word' id='word_1_314' title='bbox 442 3340 495 3381; x_wconf 85' lang='lat' dir='ltr'>erat</span> <span class='ocrx_word' id='word_1_315' title='bbox 508 3330 550 3382; x_wconf 84' lang='lat' dir='ltr'>lex</span> <span class='ocrx_word' id='word_1_316' title='bbox 563 3331 686 3400; x_wconf 82' lang='lat' dir='ltr'>quaedam</span> <span class='ocrx_word' id='word_1_317' title='bbox 704 3330 749 3380; x_wconf 92' lang='lat' dir='ltr'>du·</span> <span class='ocrx_word' id='word_1_318' title='bbox 817 3329 957 3381; x_wconf 85' lang='lat' dir='ltr'>militudiue</span> <span class='ocrx_word' id='word_1_319' title='bbox 970 3329 1042 3398; x_wconf 88' lang='lat' dir='ltr'>grani</span> <span class='ocrx_word' id='word_1_320' title='bbox 1057 3329 1175 3381; x_wconf 86' lang='lat' dir='ltr'>frumeuti</span> <span class='ocrx_word' id='word_1_321' title='bbox 1188 3329 1345 3381; x_wconf 84' lang='lat' dir='ltr'>damouatra·</span> 
     </span>
     <span class='ocr_line' id='line_1_37' title="bbox 223 3409 1343 3484; baseline 0.004 -23"><span class='ocrx_word' id='word_1_322' title='bbox 223 3409 283 3462; x_wconf 86' lang='lat' dir='ltr'>dnm</span> <span class='ocrx_word' id='word_1_323' title='bbox 300 3412 366 3464; x_wconf 90' lang='lat' dir='ltr'>iuter</span> <span class='ocrx_word' id='word_1_324' title='bbox 383 3414 469 3465; x_wconf 84' lang='lat' dir='ltr'>fidelea</span> <span class='ocrx_word' id='word_1_325' title='bbox 487 3419 546 3466; x_wconf 90' lang='grc'><strong>710.</strong></span> <span class='ocrx_word' id='word_1_326' title='bbox 818 3425 858 3466; x_wconf 89' lang='grc'>177</span> <span class='ocrx_word' id='word_1_327' title='bbox 873 3419 933 3468; x_wconf 84' lang='grc'><strong>707.</strong></span> <span class='ocrx_word' id='word_1_328' title='bbox 947 3445 978 3455; x_wconf 89' lang='grc'>-</span> <span class='ocrx_word' id='word_1_329' title='bbox 1013 3415 1218 3484; x_wconf 80' lang='lat' dir='ltr'>origenianorum</span> <span class='ocrx_word' id='word_1_330' title='bbox 1232 3414 1343 3467; x_wconf 88' lang='lat' dir='ltr'>obiectio</span> 
     </span>
    </p>
   </div>
   <div class='ocr_carea' id='block_1_3' title="bbox 188 3495 1343 3824">
    <p class='ocr_par' dir='ltr' id='par_1_20' title="bbox 188 3495 876 3569">
     <span class='ocr_line' id='line_1_38' title="bbox 188 3495 876 3569; baseline 0.009 -22"><span class='ocrx_word' id='word_1_331' title='bbox 188 3495 338 3564; x_wconf 76' lang='lat' dir='ltr'>Nuptiarum</span> <span class='ocrx_word' id='word_1_332' title='bbox 357 3500 525 3569; x_wconf 84' lang='lat' dir='ltr'>propugnatio</span> <span class='ocrx_word' id='word_1_333' title='bbox 546 3511 634 3553; x_wconf 90' lang='lat' dir='ltr'>contra</span> <span class='ocrx_word' id='word_1_334' title='bbox 656 3500 748 3552; x_wconf 85' lang='lat' dir='ltr'>Hiera·</span> <span class='ocrx_word' id='word_1_335' title='bbox 819 3503 876 3553; x_wconf 84' lang='grc'><strong>770.</strong></span> 
     </span>
    </p>

    <p class='ocr_par' dir='ltr' id='par_1_21' title="bbox 188 3583 1342 3740">
     <span class='ocr_line' id='line_1_39' title="bbox 222 3583 1342 3656; baseline 0.003 -21"><span class='ocrx_word' id='word_1_336' title='bbox 222 3583 359 3636; x_wconf 81' lang='grc'><strong>77177711.</strong></span> <span class='ocrx_word' id='word_1_337' title='bbox 439 3617 440 3621; x_wconf 57' lang='lat'><em>=</em></span> <span class='ocrx_word' id='word_1_338' title='bbox 784 3586 896 3653; x_wconf 84' lang='lat' dir='ltr'>Origenia</span> <span class='ocrx_word' id='word_1_339' title='bbox 904 3587 1027 3639; x_wconf 74' lang='lat' dir='ltr'>tentantia</span> <span class='ocrx_word' id='word_1_340' title='bbox 1037 3585 1200 3637; x_wconf 86' lang='lat' dir='ltr'>rimilitudine</span> <span class='ocrx_word' id='word_1_341' title='bbox 1213 3585 1285 3656; x_wconf 81' lang='lat' dir='ltr'>pallia</span> <span class='ocrx_word' id='word_1_342' title='bbox 1296 3604 1342 3638; x_wconf 89' lang='grc'>77-</span> 
     </span>
     <span class='ocr_line' id='line_1_40' title="bbox 188 3667 1166 3740; baseline 0.003 -20"><span class='ocrx_word' id='word_1_343' title='bbox 188 3667 299 3738; x_wconf 85' lang='lat' dir='ltr'>Nttptiae</span> <span class='ocrx_word' id='word_1_344' title='bbox 316 3670 442 3722; x_wconf 87' lang='lat' dir='ltr'>recundue</span> <span class='ocrx_word' id='word_1_345' title='bbox 459 3669 556 3732; x_wconf 86' lang='lat' dir='ltr'>licitae,</span> <span class='ocrx_word' id='word_1_346' title='bbox 574 3681 685 3722; x_wconf 86' lang='lat' dir='ltr'>attamen</span> <span class='ocrx_word' id='word_1_347' title='bbox 698 3670 748 3721; x_wconf 87' lang='lat' dir='ltr'>im·</span> <span class='ocrx_word' id='word_1_348' title='bbox 818 3671 974 3723; x_wconf 85' lang='lat' dir='ltr'>commodata</span> <span class='ocrx_word' id='word_1_349' title='bbox 992 3671 1091 3740; x_wconf 77' lang='lat' dir='ltr'>corpori</span> <span class='ocrx_word' id='word_1_350' title='bbox 1108 3676 1166 3723; x_wconf 87' lang='grc'><strong>701.</strong></span> 
     </span>
    </p>

    <p class='ocr_par' dir='ltr' id='par_1_22' title="bbox 222 3754 1343 3824">
     <span class='ocr_line' id='line_1_41' title="bbox 222 3754 1343 3824; baseline 0.004 -18"><span class='ocrx_word' id='word_1_351' title='bbox 222 3754 327 3822; x_wconf 88' lang='lat' dir='ltr'>pediuut</span> <span class='ocrx_word' id='word_1_352' title='bbox 344 3773 376 3806; x_wconf 86' lang='lat' dir='ltr'>ue</span> <span class='ocrx_word' id='word_1_353' title='bbox 391 3755 445 3824; x_wconf 90' lang='lat' dir='ltr'>quia</span> <span class='ocrx_word' id='word_1_354' title='bbox 465 3755 608 3807; x_wconf 77' lang='lat' dir='ltr'>cacerdotio</span> <span class='ocrx_word' id='word_1_355' title='bbox 632 3756 749 3824; x_wconf 83' lang='lat' dir='ltr'>fungatur</span> <span class='ocrx_word' id='word_1_356' title='bbox 784 3754 899 3822; x_wconf 85' lang='lat' dir='ltr'>Origenia</span> <span class='ocrx_word' id='word_1_357' title='bbox 915 3774 985 3808; x_wconf 88' lang='lat' dir='ltr'>error</span> <span class='ocrx_word' id='word_1_358' title='bbox 1000 3757 1063 3809; x_wconf 80' lang='lat' dir='ltr'>aliua</span> <span class='ocrx_word' id='word_1_359' title='bbox 1081 3775 1137 3808; x_wconf 88' lang='lat' dir='ltr'>cum</span> <span class='ocrx_word' id='word_1_360' title='bbox 1153 3774 1227 3810; x_wconf 85' lang='lat' dir='ltr'>carue</span> <span class='ocrx_word' id='word_1_361' title='bbox 1241 3757 1343 3810; x_wconf 85' lang='lat' dir='ltr'>deatitui</span> 
     </span>
    </p>
   </div>
   <div class='ocr_carea' id='block_1_4' title="bbox 188 3841 1343 4593">
    <p class='ocr_par' dir='ltr' id='par_1_23' title="bbox 188 3841 1343 3995">
     <span class='ocr_line' id='line_1_42' title="bbox 221 3841 1343 3907; baseline 0.007 -18"><span class='ocrx_word' id='word_1_362' title='bbox 221 3844 281 3890; x_wconf 92' lang='grc'><strong>410.</strong></span> <span class='ocrx_word' id='word_1_363' title='bbox 818 3841 872 3891; x_wconf 84' lang='grc'><strong>7711</strong></span> <span class='ocrx_word' id='word_1_364' title='bbox 886 3841 999 3893; x_wconf 81' lang='grc'><strong>77777777</strong></span> <span class='ocrx_word' id='word_1_365' title='bbox 1013 3842 1041 3893; x_wconf 87' lang='grc'>77</span> <span class='ocrx_word' id='word_1_366' title='bbox 1056 3843 1247 3907; x_wconf 77' lang='lat' dir='ltr'>rerurrectione,</span> <span class='ocrx_word' id='word_1_367' title='bbox 1264 3853 1291 3896; x_wconf 84' lang='lat' dir='ltr'>et</span> <span class='ocrx_word' id='word_1_368' title='bbox 1306 3843 1343 3896; x_wconf 87' lang='grc'>77·</span> 
     </span>
     <span class='ocr_line' id='line_1_43' title="bbox 188 3923 1148 3995; baseline 0.004 -19"><span class='ocrx_word' id='word_1_369' title='bbox 188 3923 339 3992; x_wconf 76' lang='lat' dir='ltr'>Nuptiarum</span> <span class='ocrx_word' id='word_1_370' title='bbox 362 3925 476 3976; x_wconf 84' lang='lat' dir='ltr'>defeuaio</span> <span class='ocrx_word' id='word_1_371' title='bbox 493 3936 581 3977; x_wconf 86' lang='lat' dir='ltr'>contra</span> <span class='ocrx_word' id='word_1_372' title='bbox 599 3925 748 3976; x_wconf 87' lang='lat' dir='ltr'>Satumilum</span> <span class='ocrx_word' id='word_1_373' title='bbox 818 3926 887 3978; x_wconf 85' lang='lat' dir='ltr'>mifea</span> <span class='ocrx_word' id='word_1_374' title='bbox 905 3928 961 3978; x_wconf 87' lang='lat' dir='ltr'>fore</span> <span class='ocrx_word' id='word_1_375' title='bbox 977 3927 1072 3995; x_wconf 75' lang='lat' dir='ltr'>angelis</span> <span class='ocrx_word' id='word_1_376' title='bbox 1090 3932 1148 3981; x_wconf 91' lang='grc'><strong>770.</strong></span> 
     </span>
    </p>

    <p class='ocr_par' dir='ltr' id='par_1_24' title="bbox 223 4010 1342 4082">
     <span class='ocr_line' id='line_1_44' title="bbox 223 4010 1342 4082; baseline 0.006 -22"><span class='ocrx_word' id='word_1_377' title='bbox 223 4013 265 4060; x_wconf 84' lang='grc'>00.</span> <span class='ocrx_word' id='word_1_378' title='bbox 291 4039 322 4050; x_wconf 94' lang='lat'>-</span> <span class='ocrx_word' id='word_1_379' title='bbox 367 4010 545 4079; x_wconf 87' lang='lat' dir='ltr'>prophetarum</span> <span class='ocrx_word' id='word_1_380' title='bbox 569 4010 629 4062; x_wconf 87' lang='lat' dir='ltr'>item</span> <span class='ocrx_word' id='word_1_381' title='bbox 651 4028 748 4080; x_wconf 84' lang='lat' dir='ltr'>propu-</span> <span class='ocrx_word' id='word_1_382' title='bbox 783 4012 989 4079; x_wconf 85' lang='lat' dir='ltr'>Origenianorum</span> <span class='ocrx_word' id='word_1_383' title='bbox 1015 4012 1124 4065; x_wconf 87' lang='lat' dir='ltr'>baereaia</span> <span class='ocrx_word' id='word_1_384' title='bbox 1152 4015 1195 4082; x_wconf 91' lang='lat' dir='ltr'>qui</span> <span class='ocrx_word' id='word_1_385' title='bbox 1221 4025 1248 4066; x_wconf 89' lang='lat' dir='ltr'>et</span> <span class='ocrx_word' id='word_1_386' title='bbox 1273 4015 1342 4067; x_wconf 85' lang='lat' dir='ltr'>foedi</span> 
     </span>
    </p>

    <p class='ocr_par' dir='ltr' id='par_1_25' title="bbox 188 4094 1342 4252">
     <span class='ocr_line' id='line_1_45' title="bbox 222 4094 1341 4166; baseline 0.006 -22"><span class='ocrx_word' id='word_1_387' title='bbox 222 4094 310 4162; x_wconf 88' lang='lat' dir='ltr'>gnatio</span> <span class='ocrx_word' id='word_1_388' title='bbox 325 4105 412 4147; x_wconf 87' lang='lat' dir='ltr'>contra</span> <span class='ocrx_word' id='word_1_389' title='bbox 429 4094 535 4147; x_wconf 87' lang='lat' dir='ltr'>eundem</span> <span class='ocrx_word' id='word_1_390' title='bbox 554 4100 595 4147; x_wconf 91' lang='grc'>07.</span> <span class='ocrx_word' id='word_1_391' title='bbox 816 4097 992 4161; x_wconf 84' lang='lat' dir='ltr'>nominantur,</span> <span class='ocrx_word' id='word_1_392' title='bbox 1023 4108 1110 4166; x_wconf 87' lang='lat' dir='ltr'>eatque</span> <span class='ocrx_word' id='word_1_393' title='bbox 1143 4108 1202 4166; x_wconf 81' lang='lat' dir='ltr'>pout</span> <span class='ocrx_word' id='word_1_394' title='bbox 1228 4110 1341 4151; x_wconf 76' lang='lat' dir='ltr'>exortum</span> 
     </span>
     <span class='ocr_line' id='line_1_46' title="bbox 188 4179 1342 4252; baseline 0.003 -19"><span class='ocrx_word' id='word_1_395' title='bbox 188 4179 299 4248; x_wconf 87' lang='lat' dir='ltr'>Nuptiae</span> <span class='ocrx_word' id='word_1_396' title='bbox 313 4180 365 4231; x_wconf 80' lang='lat' dir='ltr'>aire</span> <span class='ocrx_word' id='word_1_397' title='bbox 379 4181 561 4240; x_wconf 78' lang='lat' dir='ltr'>matrimonium</span> <span class='ocrx_word' id='word_1_398' title='bbox 576 4181 703 4249; x_wconf 86' lang='lat' dir='ltr'>quomodo</span> <span class='ocrx_word' id='word_1_399' title='bbox 716 4181 748 4232; x_wconf 91' lang='lat' dir='ltr'>ab</span> <span class='ocrx_word' id='word_1_400' title='bbox 818 4182 997 4234; x_wconf 83' lang='lat' dir='ltr'>Gbriatiauiami</span> <span class='ocrx_word' id='word_1_401' title='bbox 1014 4182 1202 4252; x_wconf 85' lang='lat' dir='ltr'>quadrageaima</span> <span class='ocrx_word' id='word_1_402' title='bbox 1219 4184 1300 4250; x_wconf 85' lang='lat' dir='ltr'>tertia,</span> <span class='ocrx_word' id='word_1_403' title='bbox 1316 4194 1342 4237; x_wconf 87' lang='grc'>71</span> 
     </span>
    </p>

    <p class='ocr_par' dir='ltr' id='par_1_26' title="bbox 222 4265 1341 4338">
     <span class='ocr_line' id='line_1_47' title="bbox 222 4265 1341 4338; baseline 0.002 -21"><span class='ocrx_word' id='word_1_404' title='bbox 222 4265 327 4317; x_wconf 79' lang='grc'><strong>77717777</strong></span> <span class='ocrx_word' id='word_1_405' title='bbox 342 4265 490 4329; x_wconf 83' lang='lat' dir='ltr'>reiciantur,</span> <span class='ocrx_word' id='word_1_406' title='bbox 517 4277 544 4317; x_wconf 90' lang='lat' dir='ltr'>et</span> <span class='ocrx_word' id='word_1_407' title='bbox 560 4266 687 4334; x_wconf 85' lang='lat' dir='ltr'>quomodo</span> <span class='ocrx_word' id='word_1_408' title='bbox 703 4285 748 4318; x_wconf 87' lang='lat' dir='ltr'>ca·</span> <span class='ocrx_word' id='word_1_409' title='bbox 816 4267 905 4319; x_wconf 89' lang='lat' dir='ltr'>ordine</span> <span class='ocrx_word' id='word_1_410' title='bbox 933 4268 1086 4338; x_wconf 78' lang='lat' dir='ltr'>sexageaima</span> <span class='ocrx_word' id='word_1_411' title='bbox 1118 4268 1193 4320; x_wconf 84' lang='lat' dir='ltr'>tertia</span> <span class='ocrx_word' id='word_1_412' title='bbox 1225 4272 1283 4322; x_wconf 80' lang='grc'><strong>700.</strong></span> <span class='ocrx_word' id='word_1_413' title='bbox 1309 4299 1341 4310; x_wconf 88' lang='lat'><em>-</em></span> 
     </span>
    </p>

    <p class='ocr_par' dir='ltr' id='par_1_27' title="bbox 188 4349 1341 4509">
     <span class='ocr_line' id='line_1_48' title="bbox 222 4349 1341 4419; baseline 0.006 -19"><span class='ocrx_word' id='word_1_414' title='bbox 222 4349 294 4401; x_wconf 85' lang='lat' dir='ltr'>atitaa</span> <span class='ocrx_word' id='word_1_415' title='bbox 311 4351 343 4402; x_wconf 87' lang='lat' dir='ltr'>ab</span> <span class='ocrx_word' id='word_1_416' title='bbox 360 4369 390 4403; x_wconf 87' lang='lat' dir='ltr'>ea</span> <span class='ocrx_word' id='word_1_417' title='bbox 408 4351 527 4419; x_wconf 83' lang='lat' dir='ltr'>probetur</span> <span class='ocrx_word' id='word_1_418' title='bbox 543 4354 601 4404; x_wconf 90' lang='grc'><strong>700.</strong></span> <span class='ocrx_word' id='word_1_419' title='bbox 818 4352 883 4404; x_wconf 89' lang='lat' dir='ltr'>uude</span> <span class='ocrx_word' id='word_1_420' title='bbox 905 4354 939 4405; x_wconf 86' lang='lat' dir='ltr'>ait</span> <span class='ocrx_word' id='word_1_421' title='bbox 964 4355 1084 4407; x_wconf 86' lang='lat' dir='ltr'>nominati</span> <span class='ocrx_word' id='word_1_422' title='bbox 1102 4353 1163 4405; x_wconf 85' lang='lat' dir='ltr'>ibid.</span> <span class='ocrx_word' id='word_1_423' title='bbox 1181 4380 1215 4394; x_wconf 93' lang='lat'>·-</span> <span class='ocrx_word' id='word_1_424' title='bbox 1256 4371 1341 4407; x_wconf 84' lang='lat' dir='ltr'>eorum</span> 
     </span>
     <span class='ocr_line' id='line_1_49' title="bbox 188 4433 1341 4509; baseline 0.002 -20"><span class='ocrx_word' id='word_1_425' title='bbox 188 4433 338 4505; x_wconf 86' lang='lat' dir='ltr'>Nuptiarum</span> <span class='ocrx_word' id='word_1_426' title='bbox 356 4435 522 4504; x_wconf 88' lang='lat' dir='ltr'>propugnatio</span> <span class='ocrx_word' id='word_1_427' title='bbox 539 4447 626 4489; x_wconf 87' lang='lat' dir='ltr'>contra</span> <span class='ocrx_word' id='word_1_428' title='bbox 641 4446 747 4505; x_wconf 75' lang='lat' dir='ltr'>apcito-</span> <span class='ocrx_word' id='word_1_429' title='bbox 817 4437 935 4506; x_wconf 86' lang='lat' dir='ltr'>dogmata</span> <span class='ocrx_word' id='word_1_430' title='bbox 950 4440 1008 4494; x_wconf 89' lang='lat' dir='ltr'>ibid.</span> <span class='ocrx_word' id='word_1_431' title='bbox 1026 4464 1058 4480; x_wconf 61' lang='grc' dir='ltr'>-ι</span> <span class='ocrx_word' id='word_1_432' title='bbox 1074 4439 1153 4509; x_wconf 88' lang='lat' dir='ltr'>turpia</span> <span class='ocrx_word' id='word_1_433' title='bbox 1171 4449 1197 4490; x_wconf 87' lang='lat' dir='ltr'>et</span> <span class='ocrx_word' id='word_1_434' title='bbox 1214 4439 1291 4491; x_wconf 86' lang='lat' dir='ltr'>foeda</span> <span class='ocrx_word' id='word_1_435' title='bbox 1306 4440 1341 4498; x_wconf 86' lang='grc'>17-</span> 
     </span>
    </p>

    <p class='ocr_par' dir='ltr' id='par_1_28' title="bbox 223 4512 1340 4593">
     <span class='ocr_line' id='line_1_50' title="bbox 223 4512 1340 4593; baseline 0.005 -19"><span class='ocrx_word' id='word_1_436' title='bbox 223 4520 517 4574; x_wconf 82' lang='grc'><strong>177777777717777707.</strong></span> <span class='ocrx_word' id='word_1_437' title='bbox 609 4512 613 4534; x_wconf 82' lang='grc'><strong>’</strong></span> <span class='ocrx_word' id='word_1_438' title='bbox 816 4521 878 4575; x_wconf 89' lang='lat' dir='ltr'>bido</span> <span class='ocrx_word' id='word_1_439' title='bbox 892 4533 967 4593; x_wconf 83' lang='lat' dir='ltr'>atque</span> <span class='ocrx_word' id='word_1_440' title='bbox 983 4525 1148 4578; x_wconf 85' lang='lat' dir='ltr'>abominanda</span> <span class='ocrx_word' id='word_1_441' title='bbox 1163 4529 1223 4578; x_wconf 87' lang='grc'><strong>721.</strong></span> <span class='ocrx_word' id='word_1_442' title='bbox 1236 4553 1267 4567; x_wconf 95' lang='grc'>-</span> <span class='ocrx_word' id='word_1_443' title='bbox 1293 4525 1340 4580; x_wconf 84' lang='grc'>77-</span> 
     </span>
    </p>
   </div>
   <div class='ocr_carea' id='block_1_5' title="bbox 0 0 1552 5070">
    <p class='ocr_par' dir='ltr' id='par_1_29' title="bbox 0 0 1552 5070">
     <span class='ocr_line' id='line_1_51' title="bbox 0 0 1552 5070; baseline 0 0"><span class='ocrx_word' id='word_1_444' title='bbox 0 0 1552 5070; x_wconf 95' lang='lat' dir='ltr'> </span> 
     </span>
    </p>
   </div>
  </div>
 </body>
</html>
