3096 5070
144 4340 158 4373 f

169 4604 184 4643 l*

449 287 587 343 canaan
606 288 670 340 nra.
683 288 727 340 ur.
746 285 829 339 ron.
842 286 861 336 r.
878 282 977 335 unae.
989 283 1107 336 cxxiv.
1297 269 1355 335 1⁷1

199 414 301 473 meti.
349 407 428 473 ldem
452 409 502 472 ille
527 407 641 492 gratiae
657 405 781 490 sigillum
806 415 870 481 est,
902 424 936 466 uc
954 400 1092 465 trinitatis
1111 400 1277 479 vinculum,
1309 400 1358 486 qui

201 532 255 576 aee
272 533 289 575 a
308 511 499 595 productione
517 508 681 573 sanctitatis
698 507 882 584 excluditur,
917 524 973 568 nec
991 503 1184 589 appellatione
1200 504 1358 586 discrepat,

200 612 460 696 nenalargitione
486 611 616 675 muneris
641 610 756 673 alienus
780 620 844 687 εει,
876 613 1016 670 sedunus
1029 609 1171 679 ertdens,
1204 608 1357 687 unufider,

200 738 273 778 unus
294 720 439 790 dommus,
465 735 522 776 ono
541 717 657 794 gronio,
682 733 739 773 nno
760 714 897 784 ecclesio,
923 712 1076 790 bupteimos
1097 729 1181 769 onus.

285 816 400 902 Quippe
421 816 536 879 trinitas
551 833 670 899 semper
684 823 747 891 est,
771 821 803 875 ut
819 812 936 896 saepius
954 812 1027 888 diui,
1053 831 1106 873 uec
1124 809 1210 872 ollam
1230 831 1354 893 unquam
1366 827 1426 895 cup
1432 825 1493 877 xn.

200 920 400 983 accessionem
425 917 514 1000 capit.
560 913 592 979 ld
618 917 694 1000 qnod
717 927 748 978 et
769 915 900 999 profiteri
925 913 1129 978 suavissimum
1152 922 1214 988 εει,
1249 912 1357 975 ειείειε

201 1022 259 1086 ulla
275 1022 413 1084 satietate
430 1020 547 1083 dicitur.
592 1016 670 1082 Nam
698 1016 837 1102 propheta
859 1016 983 1095 cecinit,
1016 1018 1117 1078 Dnlcr'c
1143 1026 1210 1075 sont
1219 995 1434 1097 soucr‘¹’⁸⁸due
1383 992 1486 1101 113),ss

200 1128 269 1185 meri
289 1124 400 1203 eloqur’o
422 1133 481 1183 tuo.
528 1121 614 1205 erod
641 1142 665 1185 ει
658 1117 821 1203 ''eloqoin
813 1140 875 1203 rpsa
892 1119 985 1183 doleia
1005 1119 1083 1196 sint,
1116 1129 1225 1202 quantu
1242 1127 1288 1179 εει
1307 1137 1360 1180 no·

201 1245 268 1288 men
291 1224 384 1308 ipsam
407 1223 544 1287 trinitatis
563 1221 694 1300 dulcius,
727 1242 800 1305 quae
827 1221 942 1305 quidem
967 1223 1031 1283 lons
1054 1232 1086 1284 et
1103 1221 1188 1305 origo
1204 1218 1359 1283 suavitatis

201 1325 297 1388 omnis
315 1326 380 1387 est?
423 1322 522 1408 Quare
542 1325 658 1388 trinitas
673 1323 764 1385 trilnn
782 1323 862 1386 hisce
879 1333 1067 1401 numeratur,
1101 1334 1201 1409 patre,
1227 1321 1304 1400 lilio,
1329 1332 1360 1386 ει

205 1428 309 1512 spiritu
334 1438 448 1491 saneto.
494 1426 601 1511 Neque
625 1445 697 1488 vero
719 1425 891 1489 confusione
915 1426 1036 1510 quadam
1055 1426 1083 1487 in
1101 1447 1187 1489 arnum
1204 1425 1358 1510 redigitur,

202 1550 257 1594 nec
275 1552 291 1592 a
309 1551 364 1594 sua
380 1530 491 1592 unitate
506 1527 702 1611 disiungitur:
726 1528 778 1590 sed
799 1527 828 1590 iu
848 1531 978 1613 perlecta
999 1527 1189 1591 subsistentia
1211 1530 1360 1612 perlectas

202 1643 248 1695 est
265 1643 365 1716 pater,
390 1634 538 1717 perlectos
557 1631 652 1711 lilios,
678 1631 825 1713 perlectus
842 1631 962 1715 spiritns
980 1642 1118 1711 sauctus,
1142 1641 1243 1716 pater,
1276 1640 1307 1693 ct
1324 1630 1360 1692 li-

203 1734 276 1812 lius,
309 1745 339 1796 ct
355 1735 474 1819 spiritns
492 1743 623 1796 sauctus.
670 1731 800 1796 Rursum
817 1754 889 1796 vero
903 1734 1024 1819 spiritus
1040 1733 1200 1817 largiendis
1216 1733 1301 1797 donis
1317 1743 1360 1795 at·

202 1837 358 1900 tributura
382 1841 540 1899 Dr'ut‘srimes
554 1841 628 1898 enim
638 1839 801 1915 grumorum
815 1849 898 1909 sant,
923 1841 973 1897 sed
991 1841 1061 1897 r'dem
1075 1841 1195 1917 spiritus
1202 1863 1212 1911 ,-
1243 1847 1273 1897 et
1289 1838 1441 1900 diuitem.
1451 1853 1484 1908 tt,
1492 1855 1514 1899 ε.

201 1943 295 2001 rienes
309 1943 528 2000 menesterr'orom
543 1949 626 2011 snut,
656 1940 727 1999 rilem
748 1959 814 1998 nero
830 1941 976 2012 dommus,-
1006 1949 1035 1999 ει
1048 1942 1197 2000 dine'sr'ones
1221 1942 1361 2020 operuere

202 2063 269 2103 num
289 2051 374 2115 runt,
400 2044 471 2101 idem
492 2061 558 2101 nero
579 2043 663 2113 deus,
687 2043 740 2120 qur'
758 2051 893 2120 operatur
914 2045 1007 2102 omnnia
1029 2045 1058 2102 r'n
1080 2042 1217 2103 omnibus.

289 2142 375 2226 Quae
398 2163 462 2205 oum
489 2141 528 2204 ita
552 2161 586 2205 se
607 2140 752 2219 habeant,
784 2161 940 2205 caveamus
963 2142 1119 2226 diligenter
1141 2163 1213 2206 nea
1236 2142 1362 2206 veritate

202 2246 390 2319 aberremus,
415 2245 467 2307 sed
486 2242 639 2307 veritatem
658 2243 866 2328 profiteamur,
891 2265 949 2306 uon
969 2246 1023 2306 deo
1044 2245 1277 2329 patrocinantes,
1308 2245 1361 2308 sed

203 2350 249 2432 pie
265 2348 293 2410 id
310 2347 521 2430 intelligentes,
546 2367 583 2408 ne
600 2345 756 2429 aliquando
773 2367 940 2430 pereamus.
985 2343 1066 2409 Fieri
1085 2349 1189 2432 quippe
1204 2348 1282 2411 nullo
1299 2369 1362 2411 mc·

203 2454 239 2515 dn
262 2459 359 2534 potest
381 2459 413 2512 nt
438 2459 568 2511 creatum
593 2447 727 2530 quiddam
750 2448 780 2511 in
799 2449 929 2512 trinitate
947 2449 1095 2527 dicamus,
1131 2450 1178 2513 vel
1198 2450 1361 2533 cogitemus

203 2552 307 2631 etiam,
342 2563 392 2615 aut
416 2551 499 2615 coins
515 2561 617 2635 postea
638 2550 714 2612 laeta
729 2551 767 2614 sit
784 2552 935 2628 accessi03
966 2554 1017 2615 sed
1037 2563 1178 2637 perpetuo
1197 2563 1280 2636 pater
1296 2553 1360 2630 luit,

203 2665 233 2717 et
251 2655 348 2733 filius,
378 2666 408 2718 et
429 2652 549 2736 spiritns
574 2663 707 2715 sanictos.
752 2650 860 2735 Neque
878 2654 955 2717 lilius
973 2675 1131 2738 germanus
1149 2653 1239 2739 patris
1258 2656 1360 2733 irater,

204 2775 299 2839 neque
314 2778 379 2818 eum
404 2757 453 2820 illo
468 2758 609 2820 conclusus
628 2765 686 2817 est.
731 2752 875 2819 Similiter
897 2777 992 2840 neque
1009 2759 1150 2820 coalusns
1166 2767 1212 2820 est
1228 2744 1360 2841 spiritns,

204 2877 298 2941 neque
323 2859 412 2942 patris
435 2857 545 2942 liliiqne
569 2878 729 2940 germanus
752 2868 809 2921 εει.
856 2855 950 2924 Filius
973 2870 1088 2943 epatre
1102 2860 1237 2943 genitus,
1270 2881 1362 2942 aqna

204 2960 335 3043 procedit
352 2971 382 3023 et
396 2961 528 3044 spiritus.
576 2960 662 3023 Adeo
680 2970 711 3023 nt
727 2959 841 3022 trinitas
858 2980 894 3022 eo
912 2963 1010 3039 modo,
1035 2962 1082 3046 qui
1103 2962 1202 3026 verbis
1220 2960 1364 3046 explicari

205 3082 264 3124 nou
287 3073 401 3146 potest,
431 3064 461 3126 in
480 3064 582 3126 eadem
607 3061 699 3147 gloria
720 3081 755 3124 ac
773 3061 940 3126 laudatione
958 3063 1117 3140 consistat,
1150 3075 1180 3128 et
1199 3065 1277 3128 lilios
1296 3086 1361 3127 cnm

205 3173 287 3249 putre
302 3164 462 3249 spirituque
479 3177 582 3229 sarrcto
600 3164 887 3247 incomprehensibili
904 3166 1018 3229 ratione
1036 3166 1075 3231 sit
1094 3165 1287 3244 corrinnctns,
1311 3188 1363 3230 ne·

204 3286 260 3350 qua
277 3265 392 3330 trinitus
409 3268 445 3331 ub
463 3290 515 3332 soa
535 3290 659 3352 rrrrqnam
676 3267 853 3330 aeternitate
875 3268 1008 3332 desistat.
1056 3267 1182 3353 Semper
1207 3269 1295 3353 igitur
1317 3270 1363 3332 in·

203 3367 321 3452 genitus
339 3380 385 3433 est
400 3370 606 3454 intereatusqne
623 3381 725 3454 pater,
758 3379 787 3432 et
806 3369 1127 3455 incomprelreusilibis,
1153 3371 1230 3434 filins
1245 3373 1363 3456 genitus

204 3472 337 3555 quidem,
369 3474 423 3536 sed
444 3472 593 3536 increatus
614 3483 644 3535 et
663 3472 984 3557 incomprehensibilis,
1016 3472 1136 3557 spiritus
1160 3485 1281 3536 carnotus
1304 3495 1362 3536 nun

203 3575 332 3658 genitos,
357 3596 416 3639 non
436 3586 564 3652 creatos,
584 3594 829 3658 congermanam
854 3597 912 3638 non
931 3597 1016 3654 arus,
1041 3597 1099 3638 non
1118 3596 1229 3659 nepos,
1253 3576 1305 3637 aed
1323 3596 1362 3640 ex

203 3678 305 3739 eadem
322 3697 387 3740 cnm
405 3688 486 3761 patre
504 3677 622 3761 liliaque
638 3676 814 3740 substantia.
847 3675 998 3742 Eiusmodi
1015 3688 1061 3741 est
1073 3677 1206 3762 spiritus,
1231 3678 1360 3762 inquom,
1427 3658 1433 3668 ¹

203 3789 335 3842 sauctus.
381 3775 511 3862 Spiritus
533 3779 610 3842 enim
634 3779 786 3841 deusest.

287 3881 386 3964 Atque
405 3881 490 3945 huius
513 3880 627 3964 quidem
648 3879 723 3942 lrnne
746 3879 775 3940 iu
796 3880 910 3943 modom
929 3882 1105 3946 constitutae
1129 3882 1267 3946 salinaria
1291 3883 1356 3947 fidei
1375 3905 1515 3974 &90¹¹st

202 3982 311 4068 passim
334 3984 363 4046 in
388 3983 543 4070 seripturis
570 3982 705 4045 omnibus
733 3993 836 4045 extant
862 3984 1034 4068 consignata
1061 3983 1239 4048 testimonia.
1293 3983 1360 4051 Nos

236 4185 260 4240 4.
279 4192 315 4240 lto
337 4193 405 4241 codd
421 4190 767 4252 nortmannorum
801 4186 879 4238 tione
915 4189 979 4239 tiber·
996 4192 1081 4241 nutent
1097 4185 1238 4257 ranre‘rqrc

202 4261 256 4309 niue
275 4260 349 4309 edtdtt
364 4255 528 4344 ἀπελώμεθα
833 4259 859 4307 e
878 4248 958 4316 ὅντως
974 4260 1042 4308 codd
1061 4273 1115 4308 mes

235 4330 259 4378 6.
278 4324 415 4413 conuloeqq
434 4329 469 4377 εει
489 4328 572 4378 Ρειευ.
833 4322 857 4374 9.
877 4322 985 4390 μηδέπω
1002 4328 1053 4376 eod.
1072 4328 1167 4407 ltlredtq.

117 4406 160 4555 p·
236 4392 260 4445 6
280 4410 323 4445 uno
325 4392 417 4461 αιε.φη
435 4398 470 4445 ed
490 4398 570 4445 Petun
835 4394 873 4442 10
896 4397 969 4443 Verbo
991 4396 1089 4461 πνεῦμα
1106 4413 1176 4461 uptus
1198 4412 1245 4449 non
1264 4413 1362 4461 marpa-

236 4458 397 4529 decertent
398 4480 425 4522 ες
441 4466 550 4524 rescrtpm'
565 4464 693 4514 crementi.
709 4464 765 4513 Cor·
798 4465 873 4511 rent
865 4477 889 4511 ur
903 4463 939 4511 ed.
959 4463 1039 4513 Petun.
1059 4465 1138 4513 colon
1152 4471 1223 4529 repet.
1257 4469 1363 4531 tt'eplerr't

153 4530 280 4591 ’σπι,
302 4535 343 4595 qot
357 4535 424 4582 nerttt
444 4531 469 4583 iu
485 4531 623 4582 identitatis
637 4529 765 4601 glorifica·
798 4544 826 4584 εε
844 4533 915 4582 ettam
931 4534 1042 4585 curanti
1057 4535 1140 4587 εεεειε.
