3096 5070
378 313 517 369 esnuun
535 314 599 366 utu.
616 315 661 366 m.
677 314 761 367 τοιι.
774 317 795 367 ι.
810 272 912 367 tissa
929 314 1039 367 uxxn.
1247 306 1289 371 ιι

129 431 243 498 Eodem
261 431 347 496 etiam
375 434 561 497 anathemate
583 435 811 498 condemnamus
836 435 903 499 illos
919 434 966 518 qni
984 434 1072 497 lilium
1090 436 1182 521 pateis
1200 435 1289 500 colla·

129 536 288 613 tationem,
313 546 363 597 cut
383 536 634 615 contractionem,
659 548 710 601 aut
725 538 869 601 astionem
890 556 958 600 esse
975 535 1093 615 dieunt,
1122 537 1229 621 quiquo
1247 538 1290 601 di·

129 639 229 703 vietum
246 643 366 707 veebum
386 642 490 726 deique
509 640 596 702 lilium
616 659 675 702 non
694 639 830 702 omnibus
846 637 973 702 saeenlis
992 636 1132 722 priorem,
1156 640 1290 724 patrique

129 754 339 823 coaeternum,
371 766 406 808 ιιι
421 741 649 818 subsistentem,
682 743 841 826 perlectum
860 739 985 824 denique
1009 740 1116 818 lilium,
1146 763 1182 804 oo
1204 743 1289 808 deum

129 864 197 909 esse
220 848 409 909 eottfitentuc.

217 945 251 1013 Si
267 950 332 1032 quis
352 947 476 1010 eundem
493 954 604 1030 patrem
623 955 653 1007 et
670 944 757 1008 lilium
775 955 806 1007 ιι
823 944 955 1032 spiritum
971 955 1104 1008 sanctum
1121 965 1189 1008 osse
1207 945 1288 1025 dicit,
1302 953 1432 1023 eenxd.

129 1049 284 1113 anathema
301 1050 350 1111 sit.
384 1046 418 1112 Si
435 1047 499 1132 quis
517 1047 629 1110 initium
644 1057 695 1110 ιιιιι
712 1047 797 1109 linem
815 1047 860 1109 dei
877 1046 986 1111 lilioso
1003 1047 1107 1126 verbo,
1131 1048 1179 1111 vel
1196 1068 1289 1131 regno

128 1152 221 1236 ipsius
237 1150 394 1229 adscribit,
419 1150 571 1212 anathemo
588 1147 638 1213 sit.
684 1146 717 1213 Si
737 1146 802 1232 qnis
825 1149 913 1212 lilium
933 1150 979 1213 uel
1002 1149 1136 1234 spiritum
1155 1162 1289 1213 sanctum

131 1263 242 1336 poutcnu
260 1274 327 1315 csse
343 1253 433 1335 pateis
451 1251 574 1330 asserit,
606 1271 701 1335 neque
719 1251 806 1314 lilium
829 1251 874 1314 dei
895 1272 935 1315 ex
951 1252 1042 1335 pateis
1058 1251 1188 1315 essentia
1209 1253 1289 1338 prins

132 1352 210 1417 omni
225 1353 402 1439 cogitatione
416 1353 545 1436 genitum
565 1354 690 1432 latetur,
722 1354 876 1417 anathema
896 1354 946 1416 sit.
993 1352 1080 1438 Quod
1099 1375 1171 1418 veto
1192 1357 1228 1419 ad
1245 1355 1289 1417 in·

130 1457 329 1519 carnationcm
353 1457 443 1520 diuini
467 1455 550 1519 uerbi
575 1466 604 1518 ιι
626 1455 769 1538 unigeniti
794 1457 840 1520 dei
867 1456 916 1519 lilii
939 1457 1083 1541 pertinet,
1117 1457 1291 1522 eotubtemuc

131 1557 221 1621 blinm
242 1559 321 1622 illum
338 1580 407 1623 esse
425 1559 472 1623 dei
496 1558 700 1642 hominemque
722 1559 829 1622 laetum
846 1558 911 1622 sino
929 1571 1069 1644 peccato,
1099 1573 1289 1645 posteaquam

129 1659 274 1744 integram
293 1661 419 1725 bominis
437 1672 570 1725 naturam
587 1661 762 1745 assumsit,
787 1659 843 1723 boo
860 1661 1035 1725 estuatione
1053 1672 1083 1725 ιι
1097 1662 1290 1744 intelligentia

127 1762 288 1849 praeditum
304 1765 430 1827 animam
447 1764 659 1845 humanumque
685 1782 816 1824 cacttetn.
862 1758 1020 1827 Credimus
1043 1765 1072 1827 in
1095 1785 1183 1828 unum
1203 1766 1288 1828 dctttn

128 1877 240 1951 patient
256 1867 498 1950 omnipotentem,
516 1866 646 1928 omnium
661 1863 819 1943 visibilinnt
832 1864 1080 1950 invisibiliumque
1093 1867 1287 1946 conditorem,

129 1968 208 2031 et'in
226 1988 315 2030 tuntum
335 1968 482 2030 tontmm
503 1964 599 2030 lesum
616 1964 767 2031 Cltcistnm
785 1966 874 2029 liliunt
895 1967 960 2044 dei,
983 1969 1114 2051 genitum
1131 1990 1171 2032 ex
1192 1979 1288 2054 patre,

130 2067 331 2151 osuigcnitum,
357 2070 411 2132 boo
428 2079 474 2132 est
490 2069 526 2132 ob
541 2071 672 2133 essentia
692 2070 802 2154 patris,
827 2069 910 2131 deum
927 2070 964 2132 de
982 2071 1056 2149 deo,
1081 2071 1179 2134 lumen
1196 2072 1233 2134 de
1247 2072 1290 2136 lu·

130 2171 227 2249 mine,
252 2171 337 2234 (lenm
354 2191 458 2234 secum
473 2171 509 2234 de
524 2172 580 2234 deo
597 2193 683 2249 vcro,
706 2171 851 2255 genitum,
876 2192 934 2234 non
951 2173 1072 2250 lactum,
1096 2173 1291 2237 consubstan-

130 2271 229 2336 tialem
248 2274 339 2358 patri,
365 2294 520 2357 perquem
540 2274 637 2336 otnnia
657 2275 731 2336 laeta
754 2283 823 2337 suist
844 2273 966 2364 quaein
985 2275 1086 2352 coelo,
1110 2296 1244 2359 quaeqae
1260 2277 1288 2339 in

130 2385 209 2438 tecm
225 2386 305 2439 sunt.
350 2374 409 2460 Qui
434 2384 553 2460 pcoqdec
570 2396 625 2439 nos
641 2376 793 2454 homines,
826 2387 858 2439 et
880 2385 1000 2460 propter
1018 2386 1146 2439 nostram
1164 2379 1288 2443 salutetu

130 2476 298 2555 deseendit,
323 2489 353 2540 et
367 2477 537 2541 incarnatus
555 2488 617 2556 est,
649 2488 680 2540 et
695 2478 781 2541 bomo
798 2479 909 2556 laetus,
941 2489 970 2541 et
989 2498 1094 2562 passus
1110 2489 1172 2557 est,
1196 2489 1226 2543 ιι
1242 2500 1290 2544 ce·

130 2581 263 2643 su'ncexit
280 2579 366 2642 tentia
381 2580 446 2658 dic,
470 2579 603 2643 ascendit
617 2579 648 2642 in
664 2581 797 2659 coelum,
821 2591 851 2644 ιι
870 2591 1014 2644 vetiturus
1036 2589 1082 2644 est
1100 2579 1228 2645 iudicare
1246 2583 1290 2646 ui·

131 2701 185 2743 uos
205 2692 235 2744 et
252 2694 401 2745 mortuos:
442 2682 525 2745 etin
550 2682 683 2766 spiritum
703 2694 849 2746 satistuto.
894 2681 957 2747 Eos
982 2693 1078 2746 nutem
1102 2682 1150 2766 qui
1176 2683 1287 2763 dicunt,

131 2778 199 2845 Fuit
214 2785 368 2868 aliquando
386 2806 451 2848 eum
470 2806 528 2847 non
549 2794 631 2863 enat,
655 2795 685 2848 et
701 2795 855 2868 antequam
873 2786 1047 2869 gigneretur
1063 2806 1120 2847 non
1138 2796 1215 2864 erat,
1239 2796 1291 2851 ιιιιι

132 2884 268 2963 eniluilo‚
291 2887 356 2950 sive
377 2908 416 2950 ex
436 2887 528 2949 altena
548 2908 693 2972 qeesoum,
716 2897 766 2950 ant
783 2889 911 2951 essentia
931 2888 1031 2951 dieunt
1046 2887 1200 2965 extitisse,
1224 2887 1288 2953 siue

133 2987 265 3049 coniventi
283 2988 445 3072 mutarique.
461 3010 548 3073 posse
563 2989 609 3052 dei
624 2988 711 3052 lilium
729 2989 886 3067 albescant,
906 2989 958 3052 bos
974 2989 1158 3053 anatlteutate
1172 2991 1291 3054 dantnat

132 3088 276 3153 catholice
292 3100 321 3153 et
336 3092 496 3175 apostolica
510 3091 648 3155 eeclesia.
696 3089 761 3174 Ego
779 3090 921 3156 l'ltotinns
938 3092 1094 3177 presbyten
1110 3094 1289 3178 Atteyranoe

132 3192 277 3256 ecelesiae
299 3191 341 3255 ita
363 3194 452 3256 oredo
474 3204 503 3256 ct
525 3194 621 3257 sentio
654 3204 687 3256 ut
708 3192 754 3257 bic
783 3192 922 3278 seriptum
952 3205 1009 3258 ost.
1065 3192 1132 3278 Ego
1155 3192 1289 3280 Sigonius

130 3294 288 3380 presbyten
311 3295 441 3358 eiusdem
469 3297 612 3360 ecelesiae
636 3297 678 3360 ita
693 3298 782 3360 credo
798 3307 828 3360 et
844 3295 940 3359 sentio
959 3307 990 3359 ιιι
1008 3296 1055 3359 bio
1071 3297 1210 3380 soriqitnnt
1229 3307 1287 3360 est.

131 3394 198 3480 ligo
215 3395 350 3482 llyginus
374 3399 515 3462 diaconus
533 3399 665 3462 eiusdem
687 3399 831 3462 ecelesiae
857 3398 896 3462 ita
914 3399 1002 3461 eredo
1027 3408 1057 3461 ιι
1079 3400 1176 3462 sonatio
1193 3409 1225 3461 ιιι
1244 3397 1290 3460 Ιιὶι

130 3499 350 3581 scriptumest.
408 3499 474 3584 Ego
500 3500 674 3565 Heraclides
696 3500 893 3564 subdiaconus
919 3501 1050 3564 eiusdem
1076 3499 1222 3564 ecclcsiae
1250 3499 1290 3560 ita

133 3599 222 3660 oredo
249 3613 278 3663 ιι
298 3602 444 3665 sentiunt
467 3603 667 3687 bisseciptunu
691 3613 748 3667 est.
796 3601 860 3686 ligo
883 3600 1015 3687 Elpidius
1040 3602 1134 3665 lecton
1158 3600 1288 3665 eiusdem

130 3699 277 3763 ecclesiae
295 3701 334 3763 ita
353 3704 441 3765 oredo
459 3715 490 3767 et
508 3706 604 3768 sentio
625 3714 655 3766 ιιι
676 3705 720 3766 bie
734 3706 873 3789 seriptum
891 3716 947 3768 est.
994 3701 1060 3786 Ego
1077 3698 1223 3786 Cyriacus
1240 3702 1290 3764 de·

134 3802 236 3864 lensoc
256 3801 387 3865 eiusdem
406 3806 552 3869 ecelesiae
573 3805 614 3867 ite
636 3806 725 3869 eredo
747 3817 776 3869 et
798 3807 895 3871 sentio
918 3806 960 3869 uti
982 3805 1028 3868 bie
1045 3804 1185 3889 scriptum
1208 3813 1266 3868 est.

218 4108 302 4177 Haeo
319 4121 387 4176 sunt
406 4132 480 4196 quae
498 4112 533 4176 ad
551 4111 740 4175 confessores
758 4122 788 4173 ιι
807 4122 904 4196 patros
922 4111 963 4175 illi
980 4109 1173 4196 seripserunt.
1203 4109 1289 4195 Quae

132 4214 159 4278 ci
174 4213 203 4277 in
219 4215 390 4280 melioribus
408 4235 474 4279 esse
494 4214 674 4279 numeranda
701 4212 898 4297 intelligentes
924 4212 1134 4294 iudicaverint,
1165 4235 1219 4300 pen
1240 4233 1289 4278 mo

165 4434 190 4488 2.
208 4438 365 4505 καθολικῆς,
390 4441 454 4503 quod
471 4441 581 4489 omissum
598 4441 624 4488 in
639 4438 690 4488 edt-
726 4438 831 4499 nequitur
845 4441 898 4498 noct
911 4438 1102 4499 subscriptionem
1120 4437 1229 4498 σντιιιιι,
1245 4435 1291 4484 buc

133 4507 177 4568 ιιι,
196 4510 286 4556 ceatttut
301 4521 331 4557 ec
346 4509 415 4558 codd.
433 4522 488 4558 msc.
507 4513 609 4569 utroquo.
726 4509 857 4568 menturae
871 4508 997 4567 υιιιιιιιιι,
1013 4505 1077 4568 quod
1091 4499 1208 4571 ὁμολογῶ
1223 4503 1292 4553 tulo

167 4574 191 4625 3.
207 4575 234 4624 tn
256 4576 308 4626 ent.
328 4577 424 4640 ttbedtq.
448 4577 588 4638 subinduto
606 4575 698 4638 statut
729 4587 774 4636 pce
790 4572 884 4639 φροιῶ.

1035 4639 1086 4706 5.
