3096 5070
387 296 525 349 rsuram
542 296 662 348 marn.
680 295 763 347 ron.
775 297 806 348 n.
821 292 922 346 nana.
939 293 1071 345 numi.
1248 281 1310 346 357

154 413 205 477 bct
221 414 411 480 manducaret
433 439 467 481 ac
490 417 621 496 biberet,
652 436 707 479 nce
724 437 782 479 non
799 415 992 500 latigaretur,
1023 434 1057 477 ac
1072 423 1255 492 moreretur,
1279 414 1310 477 in

154 516 234 579 nollo
253 527 351 582 tamen
371 520 493 583 verbum
512 521 605 604 ipsum
627 519 807 597 comedisse,
841 518 1009 594 laborasse,
1043 527 1166 579 mortem
1185 515 1309 600 denique

152 619 278 684 subiisse
303 621 425 700 dicitur,
459 623 515 687 nisi
538 623 566 685 in
591 642 628 684 eo
645 621 710 685 solo
732 640 817 705 quem
832 617 930 683 Maria
949 618 1034 703 virgo
1050 617 1180 704 peperit?
1223 615 1308 700 Quae

150 723 230 785 enim
256 743 362 809 corpus
383 725 477 810 ipsum
504 743 675 809 perpessum
699 733 760 802 est,
792 722 863 785 baec
887 721 928 784 illi
945 721 1066 806 perinde
1090 741 1125 783 ac
1147 719 1171 784 si
1191 740 1307 802 passum

150 835 229 888 esset
256 824 433 889 tribuuntur.
478 823 575 889 Porro
604 847 668 889 cum
692 826 728 889 dc
753 823 862 888 ceteris
887 845 975 887 uuum
990 823 1060 887 illud
1079 820 1182 886 iactari
1199 821 1305 899 soleat,

148 927 307 1011 productos
330 927 395 991 illos
420 948 455 991 au
480 927 596 1012 genitos
621 928 732 1008 luisse,
762 928 798 991 de
816 927 881 990 solo
898 925 1015 990 Mariae
1034 925 1093 988 blio
1111 923 1236 1004 dicitur,
1268 927 1309 985 Et

148 1032 263 1092 omium
285 1051 354 1090 earo
366 1032 482 1113 farctum
503 1042 555 1091 est.

234 1129 282 1194 Ex
307 1131 411 1215 quibus
435 1133 588 1195 evidenter
609 1132 790 1209 ostenditur,
825 1152 889 1195 cnm
914 1132 943 1194 in
968 1131 1098 1214 reliquos
1124 1127 1304 1192 vaticinandi
1347 1134 1407 1202 cap.

148 1233 242 1297 solum
265 1232 360 1317 gratia
378 1255 445 1299 sese
461 1236 507 1298 dei
522 1235 645 1299 verbum
662 1235 820 1315 infuderit,
853 1233 930 1297 idem
947 1234 1040 1317 ipsum
1065 1252 1081 1295 e
1098 1228 1197 1295 Maria
1214 1250 1303 1294 carne
1345 1204 1417 1256 xffl‘

147 1346 284 1421 suscepta
306 1335 451 1401 bominem
474 1338 629 1423 prodiisse.
676 1334 735 1420 Qui
752 1347 782 1401 et
804 1348 908 1400 natura
926 1334 1147 1418 substantiaque
1170 1333 1217 1396 dei
1236 1353 1305 1397 rer·

147 1438 214 1502 bum
232 1450 312 1516 erat,
337 1449 384 1520 et,
408 1440 484 1524 quod
504 1441 539 1504 ad
555 1462 673 1505 caruem
692 1440 814 1520 attinet,
847 1461 863 1502 e
881 1436 1003 1503 Doridis
1020 1437 1112 1521 stirpe
1128 1435 1304 1519 Mariusque

146 1562 236 1606 carue
250 1552 336 1605 natus
354 1552 398 1605 est
414 1542 520 1622 bomo,
544 1543 784 1628 quemadmodum
809 1542 939 1605 declarat
960 1543 1123 1627 apostolus.
1170 1537 1303 1602 Huncin

147 1640 289 1725 lordaue,
323 1655 410 1729 atque
433 1645 464 1708 in
492 1657 591 1710 monte
616 1657 700 1732 pater
723 1646 935 1708 demonstravit
961 1645 1006 1707 bis
1032 1643 1152 1730 verbis,
1183 1647 1239 1705 Hic
1259 1654 1303 1705 est
1330 1629 1418 1739 {¹2²}ss

141 1749 223 1828 fidite
249 1760 326 1810 meus
348 1751 484 1824 dilectus,
516 1754 545 1811 in
564 1770 619 1830 quo
642 1753 715 1810 mide·
730 1752 895 1830 complacui.
942 1745 1029 1809 Hunc
1048 1744 1153 1810 Ariani
1177 1755 1298 1829 negant,

144 1871 199 1913 nos
217 1850 374 1914 adorantes
395 1851 592 1935 agnoscimus.
637 1848 745 1935 Neque
771 1851 858 1914 lilium
882 1871 899 1912 a
918 1850 1009 1912 verbo
1029 1868 1216 1935 separamus,
1247 1848 1301 1912 scd

143 1952 264 2016 verbum
290 1952 383 2036 ipsum
409 1952 498 2016 tilium
521 1972 587 2017 esse
611 1955 784 2017 confitemur
808 1973 968 2038 perquem
994 1952 1091 2015 omnia
1116 1953 1297 2031 factasunt,

143 2072 256 2138 nosque
279 2056 353 2118 adeo
376 2055 431 2141 ipsi
456 2055 581 2118 liberati.
627 2053 712 2121 Unde
734 2056 803 2119 illud
828 2075 1005 2140 magnopere
1031 2054 1162 2117 demirati
1183 2073 1297 2134 sumus,

142 2159 289 2240 quomodo
308 2157 356 2221 rel
373 2157 522 2221 levissima
538 2158 615 2221 inter
634 2178 688 2221 nos
705 2144 740 2222 ea
757 2160 792 2221 de
810 2179 843 2222 re
862 2158 1065 2222 controversia
1087 2156 1198 2218 moveri
1215 2166 1298 2241 potu·

141 2257 208 2322 erit.
255 2257 366 2323 Verum
393 2259 544 2324 bobendae
572 2261 627 2323 deo
650 2261 761 2344 gratiae
782 2275 850 2325 sunt
871 2261 1105 2346 quod'quautum
1125 2279 1164 2321 ex
1181 2258 1298 2322 illorum

139 2362 417 2426 commentariorum
445 2363 571 2427 lectione
596 2362 739 2427 moeroris
755 2363 900 2446 cepimus,
936 2374 1046 2426 tanturn
1075 2359 1159 2424 uobis
1180 2381 1297 2424 eorum·

139 2463 204 2528 dem
219 2465 284 2528 bnis
297 2464 455 2551 voluptatis
470 2467 611 2530 attulerit.
653 2462 802 2549 Siquidem
818 2478 995 2530 mutuarum
1012 2462 1169 2528 concordia
1186 2463 1297 2527 disces·

138 2577 259 2644 serunt,
284 2568 464 2652 eandemque
479 2569 544 2631 fidei
561 2569 760 2632 sinceritatem
776 2590 810 2633 ac
827 2571 964 2655 pietatem
981 2567 1106 2653 professi
1127 2589 1227 2651 pacem
1248 2588 1296 2631 re·

137 2665 299 2732 tinueruut.
346 2667 431 2752 Quae
455 2692 566 2734 meres
586 2670 767 2756 potissimum
785 2683 852 2757 post
869 2671 1033 2736 diuturnam
1053 2671 1295 2734 deliberationem

137 2769 249 2854 impulit
274 2780 304 2832 ut
328 2770 400 2834 baec
426 2794 518 2856 pauca
544 2773 770 2859 perscriberem.
818 2773 953 2837 Verebar
977 2774 1054 2836 enim
1075 2794 1112 2836 ne
1135 2773 1183 2856 qui
1209 2773 1294 2836 nobis

135 2871 279 2955 gaudendi
309 2873 460 2937 materiam
487 2877 684 2939 consensione
707 2897 759 2940 sua
786 2877 990 2961 praebuissent
1012 2877 1047 2939 iis
1070 2876 1217 2939 silentium
1241 2897 1294 2938 no·

135 2982 227 3036 strum
251 2995 303 3058 pro
325 2975 435 3040 laetitia
464 2978 593 3042 dolorem
626 2980 837 3043 conscisceret.
893 2978 1090 3063 Quamobrem
1121 3000 1186 3040 eum
1216 3000 1232 3041 a
1262 2990 1292 3042 ta

135 3074 223 3138 etiam
240 3086 326 3160 atque
341 3078 428 3141 etiam
447 3083 577 3165 postulo,
611 3091 671 3146 turn
694 3103 746 3145 eos
763 3083 811 3167 qui
828 3083 901 3145 baec
918 3082 1036 3144 audient
1051 3093 1172 3164 rogatos
1192 3081 1292 3144 admo·

135 3176 200 3240 dum
218 3179 303 3262 cupio
320 3190 351 3242 ut
371 3202 404 3244 ea
421 3182 535 3246 sincera
553 3206 617 3247 cum
636 3185 817 3248 conscientia
840 3184 1021 3270 percipiant,
1045 3205 1096 3259 ac,
1126 3184 1151 3246 si
1172 3184 1238 3267 quid
1254 3183 1290 3245 ad

126 3278 270 3364 ‚pietatem
292 3282 391 3360 deest,
424 3288 580 3350 emendare
600 3309 635 3351 ao
653 3288 819 3373 significare
839 3288 906 3350 milri
925 3309 962 3351 ne
983 3297 1155 3370 graventur.
1203 3284 1290 3367 erod

134 3381 159 3444 si
176 3382 271 3444 miuus
295 3405 348 3467 pro
362 3387 405 3448 rei
429 3387 569 3471 dignitate
595 3393 742 3474 perlecta,
774 3400 872 3475 utpote
890 3391 970 3453 rudis
988 3404 1074 3476 atque
1092 3389 1218 3474 imperiti
1236 3389 1288 3451 bo·

133 3482 220 3546 mitris
236 3485 372 3549 videatur
388 3490 494 3567 oratio,
519 3491 642 3575 idipsum
660 3492 801 3555 infantiae
815 3494 1064 3579 imbecillitatique
1082 3503 1201 3556 nostrae
1218 3511 1288 3554 con·

132 3584 296 3650 donandum
318 3589 499 3655 existiment.
545 3591 662 3656 Valcte.

425 3727 605 3779 HACTENUS
624 3730 805 3781 ATHtNtstt
822 3732 990 3784 epistota.

214 3891 289 3960 Cum
306 3895 396 3980 igitur
413 3897 485 3961 baec
502 3920 518 3962 a
534 3898 618 3963 nobis
636 3899 775 3984 producta
791 3901 830 3964 sit
848 3902 989 3986 epistola,
1015 3923 1050 3965 ac
1067 3922 1126 3965 nou
1142 3900 1229 3963 modo
1244 3920 1284 3964 ex
1388 3941 1395 3958 .

163 4065 202 4119 tl.
221 4056 272 4132 ἆρα
289 4069 356 4118 codd
374 4083 429 4120 mss.
725 4067 785 4130 τοὺς
807 4067 872 4138 μετὰ
893 4072 938 4124 σοῦ
962 4067 1097 4138 ἀδελφούς.
1131 4067 1171 4123 Σὲ
1194 4069 1217 4122 οἱ
1239 4066 1285 4124 adu

163 4134 203 4185 tt.
220 4135 301 4188 ταῦτα
319 4134 349 4188 ἐκ
366 4137 414 4200 τῆς
430 4140 458 4189 u.
725 4135 787 4205 ripis
806 4137 897 4199 πάντες
917 4136 1146 4206 προςαγορεύουσιν.
1185 4133 1284 4204 Ἔρρω-

162 4200 201 4252 13.
220 4205 294 4253 Verba
311 4202 341 4257 da
365 4206 413 4271 τῆς
436 4209 520 4258 absunt
536 4222 552 4257 o
567 4209 618 4259 cod.
632 4224 687 4260 mer.
722 4207 805 4274 μένως
826 4207 850 4261 ἐν
869 4207 948 4275 κυρίῳ
969 4204 1081 4274 dripere,
1107 4203 1223 4274 dacisque
1239 4205 1284 4261 καὶ

130 4271 221 4320 dedit
238 4276 313 4333 princ
721 4271 828 4342 ἀληθῶς
845 4275 1014 4330 ποθεινότατε.
1032 4280 1059 4327 u.

164 4333 202 4386 14.
220 4336 264 4418 quta
277 4356 301 4392 τι
316 4338 379 4407 πρὸς
396 4345 423 4392 Β.
439 4345 513 4394 Recte.
531 4347 559 4396 ln
581 4347 686 4410 Epipbu·
757 4345 795 4399 tt.
820 4349 869 4396 Hoc
888 4340 1029 4410 Ἐρρωσῢε
1049 4349 1074 4396 ia
1095 4351 1191 4407 utroque
1213 4347 1280 4398 codd.

127 4406 163 4455 ntt
179 4406 244 4455 libror
259 4411 330 4472 culpo
351 4414 450 4460 trusum
468 4418 521 4475 port
537 4414 619 4468 τοῦτο.
719 4418 860 4465 mesraim
886 4417 1008 4478 adpictum
1024 4420 1071 4478 ert,
1095 4416 1190 4477 pemnde
1214 4419 1281 4477 utque

163 4473 201 4524 ¹5·
219 4470 255 4556 l'l
273 4471 329 4528 κατ’
347 4472 386 4541 α’ξ-
404 4482 431 4528 Β.
718 4485 778 4532 illud
793 4481 968 4553 Πεπλήρωται
984 4486 1140 4548 miscriptum
1160 4485 1222 4548 quod
1244 4496 1281 4535 ae-

161 4537 199 4594 16.
217 4542 345 4616 ασθενιίᾳ.
389 4545 568 4621 Προςαγόρευι
591 4549 686 4613 πάντας
718 4555 804 4616 cuum.
