3096 5070
606 273 931 325 aunonensessosrs.
1284 257 1345 321 5⁴3

193 393 272 471 iani,
297 391 473 471 severiani,
503 391 633 457 Tatiani.
680 391 763 457 flacc
787 403 832 454 est
855 411 967 454 summa
994 400 1138 453 tomorum
1155 389 1240 452 tunm
1263 389 1346 474 primi

193 495 272 560 libri.
318 495 447 560 Secundi
473 517 544 560 vero
563 496 627 559 libri
646 495 715 559 tomi
731 496 788 559 duo
802 504 887 569 sunt,
912 494 996 556 cuins
1017 492 1047 555 in
1065 493 1162 576 priore
1179 503 1274 567 tomo,
1299 491 1346 574 qui

193 609 315 683 quartus
332 610 394 678 est,
427 599 454 662 si
472 609 566 662 tomos
584 598 721 683 deinceps
740 597 776 660 ab
795 597 878 660 initio
898 615 1052 671 numeres,
1086 593 1224 657 haereses
1240 589 1347 655 xvltl

193 701 381 764 continentur
409 701 463 762 hoc
486 702 583 763 modo.
632 699 817 777 Encratitae,
853 695 1075 780 Cataphryges,
1108 695 1156 780 qni
1183 692 1348 759 etblonta-

194 803 288 866 nistae
306 824 341 865 ac
359 800 609 887 Tascodrngitae,
635 800 816 886 pepuziani,
841 803 888 884 qui
907 811 937 862 et
953 797 1145 882 Quintiliani,
1177 797 1281 881 quibus
1298 799 1349 860 ad-

192 904 351 988 iunguntur
369 904 565 989 Artotyritae,
590 903 955 978 Tessarescaedecatitac,
980 901 1028 985 qui
1046 898 1160 965 Pascha
1178 901 1207 963 in
1227 901 1348 964 eandem

193 1007 262 1072 anni
280 1006 356 1069 diem
372 1006 542 1083 coniiciunt,
566 1005 666 1090 Alogi,
692 1007 739 1089 qui
757 1016 787 1069 et
800 994 984 1088 euangelium
1001 1014 1031 1065 et
1049 1002 1247 1088 Apocalypsin
1263 1000 1350 1065 loan-

193 1108 239 1172 nis
254 1108 425 1192 repndiant,
450 1109 618 1187 Adamiani,
643 1106 809 1192 Sampsaei,
833 1107 882 1191 qni
898 1103 1112 1182 etHelccsaei,
1137 1103 1347 1182 Theodotiaoi,

192 1207 471 1286 Melchisedeciani,
497 1207 752 1287 lbardesianistae,
777 1207 936 1289 Notitiani,
966 1205 1098 1285 Valcsii,
1123 1203 1348 1286 Cathari,1lu·

193 1311 297 1395 gelici,
332 1312 514 1395 Apostolici,
546 1313 592 1394 qui
614 1311 701 1375 etiarn
726 1311 910 1397 Apotactici,
945 1308 1124 1385 Sabelliani,
1158 1304 1348 1391 Origcuistae

194 1412 340 1476 foeditatis
357 1425 511 1491 auctores,
537 1410 726 1498 Origenistae
741 1413 775 1476 ab
791 1409 914 1496 Origine
933 1412 1120 1475 Adamantio.
1168 1410 1199 1473 ln
1218 1411 1348 1474 secando

192 1525 291 1579 antem
307 1525 386 1579 tomo
403 1516 534 1581 eiusdem
551 1515 636 1593 libri,
660 1517 708 1600 qni
726 1516 823 1600 priore
843 1516 889 1578 illa
908 1515 1078 1578 numerandi
1098 1517 1212 1577 ratione
1232 1513 1347 1596 quintus

193 1629 257 1696 est,
283 1616 422 1681 haereses
440 1619 566 1703 quinque
584 1628 664 1682 sunt.
710 1615 796 1681 Pauli
813 1614 1051 1694 samosatensis,
1080 1614 1267 1692 Manichaei,
1299 1614 1347 1698 qui

193 1730 223 1784 et
242 1720 424 1799 Acuanitae,
448 1718 637 1799 Hieracitae,
661 1717 834 1798 Meletiani,
858 1720 952 1803 quiin
973 1720 1108 1804 Aegypto
1123 1719 1250 1783 schisma
1269 1719 1347 1780 lece-

192 1833 278 1899 runt,
303 1822 421 1885 Ariani.
467 1823 564 1907 Atque
582 1823 655 1886 baec
680 1832 727 1885 est
742 1833 885 1885 tomorum
903 1821 969 1884 libri
989 1821 1110 1885 secundi
1130 1842 1252 1885 summa.
1298 1818 1348 1883 Si·

192 1925 301 1988 militer
321 1934 350 1986 et
369 1925 399 1986 in
417 1924 503 1987 tertio
520 1924 594 1987 libro
614 1925 684 1988 tomi
705 1925 762 1988 duo
777 1935 857 1988 sunt.
903 1923 937 1987 ln
958 1914 1049 2007 primo
1076 1934 1155 1987 tomo
1171 1924 1248 1987 tertii
1268 1923 1345 1998 libri,

192 2037 281 2090 sexto
297 2036 393 2089 antem
409 2048 445 2089 eo
461 2047 545 2111 quem
563 2026 691 2092 diximus
708 2027 828 2103 ordine,
853 2027 993 2089 haereses
1012 2023 1069 2088 Vll
1092 2036 1178 2102 sunt,
1204 2025 1345 2100 Audiani,

192 2125 380 2207 Photiniani‚
412 2125 618 2207 Marcelliani,
642 2126 838 2206 semiariani,
868 2125 1143 2205 Pneumatnmachi,
1168 2127 1215 2210 qni
1233 2127 1346 2212 spiritui

192 2240 296 2294 sancto
315 2231 527 2294 contumeliose
542 2231 715 2308 lebrabunt,
741 2231 881 2309 Adriani,
915 2231 1053 2310 A'e'tiani,
1077 2231 1125 2314 qui
1142 2242 1172 2293 et
1187 2231 1345 2308 Anomoei,

192 2331 248 2396 boc
265 2343 311 2396 est
326 2330 492 2397 Dissimiles
506 2334 699 2418 appellantur.
736 2332 770 2397 ln
785 2334 914 2398 secundo
933 2354 1006 2395 vern
1024 2343 1103 2396 tomo
1119 2331 1249 2396 eiusdem
1267 2333 1345 2396 tertii

124 2477 127 2483 ·
192 2434 275 2514 libri,
299 2434 536 2520 septimoautem
554 2457 593 2500 ex
610 2436 919 2520 divisioncillaquam
939 2436 1084 2513 diximus,
1119 2435 1258 2500 haereses
1278 2458 1346 2519 qua·

193 2547 261 2600 tuor
281 2549 366 2616 sunt,
399 2534 600 2616 Dimoeritae,
638 2539 769 2623 quinon
798 2540 957 2624 perlectam
983 2534 1094 2602 Christi
1114 2537 1345 2602 incarnationem

192 2638 386 2716 confitentur,
419 2639 466 2723 qni
492 2640 579 2703 etiam
599 2640 812 2724 Apollinaritae
836 2642 1042 2718 nominantur,
1072 2651 1131 2704 tum
1150 2640 1344 2725 quisanctam

191 2737 318 2804 Mariam
333 2760 451 2825 semper
465 2741 620 2825 virginem,
646 2755 796 2828 postquam
810 2744 987 2807 salvatorem
1002 2744 1115 2826 genuit,
1141 2764 1204 2806 cnm
1220 2742 1346 2828 losepbo

192 2840 386 2905 consuevisse
403 2841 520 2920 dicunt,
546 2867 619 2929 qnos
638 2845 948 2910 Antidicomarianitas
968 2845 1170 2924 nominamus,
1201 2857 1232 2910 et
1250 2845 1345 2931 quiin

192 2964 299 3006 nomen
314 2942 444 3007 eiusdem
457 2942 572 3008 Mariae
588 2947 745 3033 collyridas
759 2947 898 3028 offerant,
918 2949 966 3032 qui
982 2959 1125 3011 vocantur
1139 2944 1344 3034 Collyridiani,

191 3041 378 3109 Massaliani.
425 3044 540 3129 Quibus
559 3049 693 3114 adiuncta
715 3061 863 3137 postremo
882 3064 929 3116 est
946 3050 1108 3113 catholicae
1128 3050 1193 3114 lidei
1214 3072 1248 3114 ac
1267 3051 1346 3114 veri-

192 3147 262 3211 tatis
285 3150 499 3233 compendiaria
522 3151 666 3216 defensio.
715 3151 746 3216 ln
770 3174 826 3237 qua
843 3164 946 3217 sancta
971 3153 1114 3218 catholica
1137 3164 1167 3216 et
1186 3154 1344 3239 apostolica

192 3249 318 3314 ecclesia
340 3252 485 3316 consistit.

277 3453 428 3519 Eiusmodi
454 3467 500 3520 est
521 3480 631 3522 samma
659 3461 938 3546 comprehensione
962 3461 1050 3526 totins
1076 3462 1174 3547 operis
1202 3462 1345 3528 adversus

192 3558 340 3640 octoginta
359 3557 498 3622 haereses
515 3560 685 3645 inscriptio,
710 3585 775 3626 cum
796 3565 880 3628 unica
898 3586 932 3628 ac
950 3565 1090 3650 singulari
1107 3565 1278 3628 defensione
1294 3588 1345 3628 ve·

191 3655 303 3737 rinus,
328 3660 382 3722 hoc
399 3671 444 3723 est
460 3662 544 3725 unius
561 3663 705 3726 ccclesiae
727 3675 813 3747 atque
829 3666 1002 3729 catholicae.
1049 3665 1136 3750 Quod
1155 3689 1227 3752 opus
1248 3669 1345 3732 distri·

190 3758 291 3824 butnm
310 3762 340 3824 in
358 3775 456 3847 partes
475 3775 535 3827 tres
554 3775 648 3828 tomos
668 3776 779 3849 septem
797 3768 1011 3852 complectitur.
1055 3766 1146 3833 Nunc
1162 3771 1247 3833 aliam
1264 3771 1344 3834 dein·

190 3883 260 3948 ceps
285 3864 355 3928 tomi
382 3866 488 3949 prioris
511 3867 575 3930 libri
599 3888 740 3930 summam
766 3890 801 3932 ac
826 3870 1027 3954 compendium
1050 3871 1254 3951 instituemus,
1287 3894 1344 3958 quo

190 3967 305 4050 quidem
331 3969 360 4031 in
378 3969 453 4031 libro
476 3969 578 4052 viginti
595 3968 733 4033 haereses
750 3972 947 4036 continentur.
993 3969 1129 4057 Inprimis
1147 3974 1223 4037 enim
1241 3975 1344 4038 haere·

190 4087 263 4132 seon
288 4071 416 4133 ominium
443 4083 552 4134 matres
573 4093 607 4134 ac
632 4070 786 4155 primariae
813 4073 1040 4158 appellationes,
1071 4075 1209 4160 aquibus
1226 4087 1343 4141 ceterae

190 4169 391 4251 dimanarunt,
416 4184 484 4236 snut
506 4173 659 4237 eiusmodi.

275 4271 499 4355 Barbarismns,
532 4276 580 4360 qui
597 4277 789 4364 perseipsum
817 4278 854 4341 ab
871 4279 986 4342 Adamo
1003 4281 1038 4343 ad
1059 4280 1160 4344 decem
1176 4282 1343 4367 generabo

224 4441 265 4493 30.
285 4445 357 4508 Vntpo
374 4443 508 4500 Φωτιανοι.
784 4456 864 4514 repet,
879 4451 995 4501 mendose.

223 4507 263 4562 dl.
281 4508 494 4582 διαλαμβάνοντες
508 4517 563 4568 edd.
575 4518 656 4568 Petne.
670 4519 750 4569 Coton.
