3096 5070
546 290 871 343 suasuramnuosrs.
1226 272 1288 336 585

133 423 215 479 nant
230 412 291 476 alii.
339 408 480 477 Ceterum
494 411 573 474 nulla
589 411 699 494 peccati
717 410 893 492 contagione
909 407 1041 471 foedatus
1055 417 1119 484 est,
1143 426 1289 489 nunquam

134 514 169 583 ιιι
184 516 262 580 illius
277 514 428 578 mentitum
445 522 509 577 est:
532 535 622 594 aeque
638 515 713 575 ladio
730 515 824 574 dolum
841 514 935 573 locuto
950 523 1027 584 sunt,
1053 531 1105 574 eor
1119 509 1154 572 ad
1172 506 1291 571 irritau·
1321 509 1417 606 lql'gf·

133 619 200 684 dum
219 620 304 682 denm
323 639 382 680 non
398 615 571 695 declinavit,
604 635 687 678 mens
711 614 747 677 ad
766 633 892 698 eaquae
915 613 999 677 nelas
1015 624 1061 690 est
1080 634 1137 675 non
1157 610 1289 686 deflexit,
1342 594 1359 629 ‘⁹

133 742 204 786 caro
222 720 293 784 nihil
306 741 410 784 eorum
430 738 504 802 quae
526 718 560 781 ad
579 717 677 781 carnis
695 717 872 798 voluptatem
890 715 1037 800 pertinent
1054 714 1187 792 admisit,
1220 713 1292 775 deus

133 823 170 888 alt
187 833 310 887 aeterno
330 823 495 907 perlectus,
526 821 574 904 qui
587 840 655 884 ‘non
683 830 716 882 ut
738 819 766 881 in
785 818 901 881 homine
919 816 1062 880 habitaret
1077 816 1214 897 advenit,
1239 815 1290 879 sed

133 925 256 991 verbum
275 925 369 1009 ipsum
387 922 532 987 hominem
547 921 658 1000 induit,
683 942 742 985 uon
762 932 866 983 natura
886 931 1040 998 mutatum,
1064 920 1198 983 sedeam
1218 939 1292 1003 quae

135 1027 260 1093 hominis
277 1026 395 1111 propria
412 1036 459 1088 est
474 1047 540 1088 eom
559 1025 711 1089 divinitate
727 1024 925 1108 complexum.
971 1021 1005 1085 ln
1022 1021 1144 1108 virginis
1160 1032 1244 1085 utero
1259 1041 1292 1084 re

133 1149 206 1193 vera
223 1129 358 1213 genitus,
389 1148 424 1190 ao
443 1148 497 1213 per
518 1128 663 1212 genitales
688 1137 801 1190 meatus
824 1125 853 1188 in
881 1127 973 1189 iucem
998 1124 1112 1202 editus,
1144 1124 1209 1188 sino
1234 1123 1293 1187 ulla

135 1230 332 1316 turpitudine,
363 1230 502 1292 foeditate
525 1230 572 1292 vel
596 1229 674 1294 labe.
721 1227 794 1292 Post
817 1228 889 1291 haec
907 1229 1065 1307 educatus,
1096 1223 1293 1312 atqueaSy-

136 1353 241 1398 meone
257 1343 287 1396 et
302 1332 391 1395 Anna
410 1332 440 1395 iu
457 1332 532 1396 uluis
552 1342 704 1416 gestatus,
728 1352 745 1394 a
761 1328 858 1395 Maria
878 1341 1026 1414 portatus,
1049 1331 1106 1393 iter
1124 1341 1225 1414 postea
1242 1350 1292 1414 pe-

135 1435 218 1500 dibus
235 1434 381 1514 coniecit,
405 1433 609 1519 peregrinatus
625 1445 688 1512 est,
711 1436 745 1498 ad
766 1433 920 1520 pueritiam
938 1433 1091 1519 pervenit,
1115 1442 1212 1494 aetate
1229 1452 1294 1494 eor-

135 1537 255 1602 ltoratus
276 1548 338 1615 est,
372 1537 497 1600 humana
518 1538 549 1600 in
567 1558 601 1602 se
617 1538 715 1600 omnia
739 1538 869 1622 periente
893 1535 1009 1615 habuit,
1041 1557 1184 1598 annornm
1211 1555 1294 1598 men-

134 1641 268 1724 siumque
294 1660 417 1704 numero
442 1659 549 1702 census
567 1650 632 1717 est,
663 1641 693 1702 in
715 1639 902 1724 praegnantis
920 1649 1005 1701 utero
1020 1648 1169 1722 gestatus,
1190 1641 1293 1721 foetus
1310 1643 1432 1701 oatm.
1504 1705 1507 1711 ,

135 1747 297 1818 οιιιιιιιιινε,
329 1744 493 1824 scetussud
511 1745 590 1822 lege,-
621 1741 726 1804 deiude
748 1742 784 1804 ad
804 1737 958 1804 lordauem
983 1743 1131 1826 proiectus
1150 1752 1215 1821 est,
1239 1742 1293 1805 ibi·

135 1847 258 1930 demque
278 1844 423 1909 aloanne
446 1844 628 1928 baptizatus,
660 1864 725 1906 eum
750 1842 860 1907 lotione
888 1842 958 1906 nilril
978 1865 1050 1928 opus
1068 1845 1207 1922 liaberet,
1240 1846 1293 1908 sed

135 1958 169 2011 ut
189 1969 225 2012 ea
249 1968 324 2032 quae
349 1958 503 2030 susceptae
527 1947 653 2009 hominis
681 1956 804 2009 naturae
828 1957 1027 2009 consentanea
1052 1958 1120 2010 sum
1144 1957 1291 2024 servaret,

134 2049 262 2114 iustitiae
277 2050 371 2132 legem
390 2048 561 2134 perturbare
580 2048 691 2128 noluit,
715 2051 943 2129 reimpleretur,
968 2049 1208 2133 quemadmodum
1229 2049 1292 2133 ipse
1327 2057 1413 2155 {¹⁸¹1}

136 2152 223 2231 dicit,
256 2156 491 2225 cacuminatum,
524 2162 610 2235 atque
636 2172 737 2213 veram
757 2171 774 2214 a
793 2172 826 2214 se
847 2172 965 2214 carnem
988 2172 1146 2234 veramque
1168 2152 1293 2215 hominis
1352 2142 1359 2165 ⁸

135 2265 270 2319 naturam
286 2264 450 2340 susceptam
469 2273 536 2316 esse
556 2264 745 2317 monstraret.
791 2251 885 2337 Igitur
902 2255 936 2317 ad
956 2274 1047 2338 aquas
1062 2254 1230 2333 descendit,
1252 2255 1294 2319 ita

135 2367 232 2422 ιιιιιοιι
251 2367 283 2420 ut
304 2358 453 2420 conferret
468 2356 575 2441 aliquid
594 2356 708 2440 potios,
733 2378 818 2440 quam
841 2358 1000 2442 acciperet,
1025 2357 1182 2442 largiretur
1199 2358 1293 2443 magis

133 2481 220 2544 quam
245 2460 288 2522 rei
312 2460 473 2544 cuiuspiam
491 2459 648 2544 indigeret.
694 2456 810 2544 Quippe
828 2460 945 2522 easdem
969 2459 1034 2523 illas
1051 2481 1141 2543 aquas
1158 2481 1210 2524 sua
1228 2462 1292 2525 luce

134 2561 337 2638 collustravit,
361 2572 391 2624 et
409 2563 445 2625 ad
462 2583 563 2626 eorum
582 2562 702 2647 quaein
720 2582 788 2625 sese
805 2562 980 2646 perlioienda
998 2573 1093 2640 erant,
1118 2564 1293 2628 adumbran-

135 2661 200 2723 dam
215 2661 394 2745 imaginem,
419 2667 563 2748 quandam
582 2666 640 2727 vim
656 2664 713 2728 illis
731 2665 887 2750 impertiit,
912 2675 944 2727 ιιι
961 2665 1008 2748 qui
1026 2665 1080 2749 ipsi
1101 2686 1205 2729 revera
1227 2687 1292 2730 cre-

135 2761 256 2840 derent,
281 2785 316 2825 ac
332 2765 465 2830 veritatis
482 2777 584 2830 essent
600 2767 655 2829 fido
672 2768 814 2851 praediti,
838 2767 1037 2851 intelligerent
1054 2789 1111 2831 non
1130 2768 1209 2832 illum
1227 2770 1293 2832 licto

136 2862 287 2927 limaeam
301 2865 432 2930 induisse
448 2879 593 2947 naturam,
618 2888 712 2952 neque
727 2870 793 2932 licte
808 2890 875 2933 esse
890 2871 973 2954 aquis
988 2871 1153 2951 intinctum,
1177 2872 1293 2935 eadem-

134 2984 191 3049 que
208 2975 239 3027 et
263 2966 318 3051 ipsi
334 2968 449 3033 ratione
473 2991 525 3056 per
541 2992 604 3034 eam
621 2993 707 3055 quam
724 2972 772 3034 ille
789 2992 858 3055 prae
882 2994 949 3036 sese
967 2974 1074 3037 tulerat
1093 2977 1293 3038 accommoda·

134 3069 245 3132 tionem
257 3071 439 3135 accedentes
466 3073 585 3136 inditam
610 3073 687 3138 illius
712 3075 906 3138 descensione
936 3075 995 3138 vim
1020 3076 1049 3138 in
1074 3097 1141 3139 sese
1168 3080 1294 3140 transle·
1322 3058 1325 3064 ἕ

135 3180 214 3247 rant,
239 3169 426 3258 eiusdemque
440 3175 505 3238 luce
518 3176 742 3261 portendantur,
767 3198 824 3259 qoo
840 3177 1039 3262 propheticum
1057 3179 1212 3265 impleatur
1226 3201 1293 3243 ora·

136 3273 249 3351 culum,
291 3278 342 3336 Ad
366 3282 563 3341 rinmutundum
589 3284 720 3341 critatem
746 3283 1005 3362 conciliandrmqae
1038 3285 1156 3344 sulutem
1180 3306 1218 3344 ear
1242 3287 1294 3345 itta

132 3379 218 3455 ραιιὶι
235 3380 339 3438 m'rtute
352 3400 423 3458 quoe
436 3383 472 3441 ab
484 3385 661 3444 Hierusalem
675 3386 826 3463 recipitur,
850 3405 1043 3465 equorumque
1057 3389 1095 3445 vi.
1145 3384 1199 3448 llic
1215 3385 1293 3449 enim

134 3480 165 3543 in
184 3475 305 3544 Christo
325 3480 409 3563 panis
425 3482 520 3545 virtus
538 3504 572 3546 ae
589 3484 635 3547 vis
651 3504 742 3567 aquae
758 3485 986 3563 corroboratur,
1011 3497 1115 3549 utnon
1135 3487 1216 3570 panis
1232 3486 1294 3571 ipse

134 3582 174 3645 sit
189 3582 275 3646 nobis
293 3582 400 3661 virtus,
423 3585 474 3647 sed
492 3585 586 3647 virtus
604 3607 620 3648 a
638 3606 713 3670 pane
731 3588 880 3669 proiecta,
905 3610 940 3652 ae
959 3588 1042 3652 cibus
1060 3590 1174 3672 quidem
1193 3601 1295 3655 noster

134 3682 219 3769 panis
236 3695 298 3764 est,
330 3687 381 3749 sed
400 3686 429 3748 in
447 3687 511 3772 ipso
527 3687 625 3751 vitalis
645 3688 787 3770 quaedam
806 3690 901 3753 virtus
916 3691 1094 3755 continetur.
1139 3690 1246 3777 Neque
1265 3694 1293 3756 id

133 3786 228 3850 solum
246 3798 342 3851 actum
359 3799 452 3852 estut
469 3811 522 3852 nos
538 3810 612 3873 aqua
629 3802 821 3874 repurgaret,
846 3793 897 3855 sed
917 3804 948 3856 nt
959 3803 1057 3878 aquae
1078 3795 1106 3858 vi
1125 3815 1177 3879 per
1195 3796 1292 3876 iidem,

134 3890 278 3953 actionem
299 3901 330 3952 et
344 3912 425 3975 spem
445 3912 480 3955 ac
503 3892 711 3977 mysteriorum
729 3892 923 3957 initiationem
947 3907 978 3958 et
995 3898 1227 3987 consecrationis
1244 3920 1295 3983 ap·

134 3991 320 4077 pellationem
340 3994 375 4056 ad
392 3996 551 4078 perlectam
570 3993 790 4081 absolutamque
810 3997 933 4060 salutem
954 3999 1038 4061 uobis
1058 3999 1130 4083 ipsis
1146 4002 1291 4065 conferat.

133 4091 216 4178 Ergo
241 4091 378 4159 Christus
402 4097 533 4160 aseendit
559 4095 733 4176 elordane‚
770 4120 872 4162 vocem
898 4100 988 4184 patris
1012 4102 1120 4181 audiit,
1153 4125 1238 4188 quam
1263 4117 1293 4169 et
1314 4117 1433 4166 Merme.

133 4194 266 4281 discipuli
293 4197 340 4281 qui
366 4199 489 4260 aderant
512 4198 683 4278 audieruntq
716 4211 748 4263 ut
771 4202 835 4286 quis
855 4203 903 4266 ille
926 4205 1003 4266 loret
1027 4205 1072 4267 cni
1094 4207 1292 4271 testimonium

134 4329 211 4397 ῥητοῦ
228 4336 313 4396 tepitur
329 4337 354 4383 in
372 4336 478 4385 Ponerio
493 4350 550 4399 pop.
564 4333 634 4388 1098
728 4341 753 4389 tn
766 4341 820 4390 edit.
830 4341 912 4392 Petuo.
928 4339 954 4393 ἐν
968 4340 1073 4412 Χριστῷ
1091 4341 1292 4412 tempanianu<-

165 4396 207 4452 43.
227 4400 414 4468 λαμβανομένου
440 4404 508 4454 codd.
529 4419 584 4455 maa.
601 4411 622 4455 et
639 4407 693 4456 edit.
727 4423 784 4460 run.
1092 4461 1094 4464 ,

375 4477 377 4480 ’
763 4475 804 4528 45.
823 4471 870 4530 οὐκ
883 4479 938 4530 edd.
951 4480 1043 4545 Peren,
1059 4482 1139 4534 mette
1156 4484 1221 4533 ltlrr'a
1236 4486 1290 4536 oete

166 4484 208 4590 pq·
225 4539 263 4590 lto
286 4539 356 4590 codd.
372 4555 428 4592 mss.
452 4547 474 4594 ιι
488 4543 544 4594 edit,
559 4544 634 4606 prino.
669 4546 698 4595 st
