3096 5070
378 315 520 369 raanan
538 314 795 368 troarnrontr.
812 314 1040 366 uaenmxxn
1248 304 1289 369 ct

131 434 228 501 ciendi
245 436 292 516 vi,
316 455 446 500 necnon
465 446 495 500 et
512 434 639 513 virtute,
663 435 789 501 consilio
806 435 959 519 gloriaque
975 433 1123 518 praedito,
1147 455 1206 498 nou
1226 433 1291 498 ani·

130 560 177 603 ura
202 550 339 624 motuque
365 559 490 616 carens,
523 548 574 600 aut
599 538 742 601 eiusmodi
765 558 839 623 quae
865 538 895 600 in
915 536 973 598 alio
995 546 1027 598 nt
1047 534 1086 598 sit
1105 533 1226 616 haheat,
1260 547 1292 600 ct

131 642 343 726 quodammodo
360 642 514 726 pingatur,
548 640 576 702 iu
594 641 691 725 seipsa
707 662 779 704 sero
802 662 838 703 ac
865 659 918 724 per
937 657 1005 701 sese
1031 637 1148 700 minime
1170 659 1290 702 morea·

131 756 190 807 tur.
237 741 312 808 Cum
333 755 430 806 autem
458 742 554 825 imago
576 743 653 805 nulla
676 743 705 805 in
730 743 824 806 reah
848 740 1008 824 exemplari
1030 740 1147 803 diversa
1172 741 1290 821 dicitnr,

132 858 242 932 patrem
262 857 367 909 exacta
391 845 438 906 illa
457 844 615 907 similitudo
632 865 690 907 non
708 845 794 924 lacit,
825 844 878 908 sed
896 843 984 905 lilium
1007 841 1142 906 omnihus
1164 844 1198 906 ad
1223 844 1292 907 illud

133 950 286 1034 exenrplar
311 946 440 1010 numeris
463 966 650 1030 expressum.

219 1049 372 1113 llactrnus
395 1069 433 1112 ex
458 1048 581 1112 Aeacio.

219 1154 278 1213 lam
302 1171 374 1213 vcro
398 1150 511 1235 qnidam
537 1172 577 1214 ex
601 1150 775 1214 orthodoxis
799 1150 937 1214 fratribus
955 1153 1065 1217 nostris
1086 1161 1117 1216 et
1140 1153 1292 1215 confesso-

133 1253 216 1317 ribus
244 1252 460 1339 expositionem
486 1253 551 1316 fidei
576 1274 592 1316 a
613 1255 782 1337 quibusdam
806 1251 941 1317 Marcelli
966 1255 1118 1340 discipulis
1141 1255 1291 1339 accepisse

135 1376 168 1417 se
183 1355 299 1434 dicarant,
324 1378 397 1440 qnae
416 1356 481 1419 lidei
499 1377 571 1418 suae
590 1356 731 1419 rationem
750 1357 798 1419 ille
814 1357 951 1420 reddidit.
997 1356 1092 1440 eram
1110 1357 1225 1441 quidem
1245 1357 1292 1421 hic

135 1456 355 1521 adscribendam
372 1460 488 1546 putari,
513 1458 627 1522 tametsi
644 1459 772 1542 singula,
796 1480 871 1543 quae
887 1461 922 1522 ad
943 1460 1020 1523 illam
1035 1459 1195 1545 pertinent,
1219 1481 1293 1523 uon·

135 1561 201 1624 dura
223 1573 360 1625 accurate
382 1562 584 1646 cognoverim.
629 1559 807 1647 Exemplum
831 1583 903 1627 vcro
927 1574 973 1626 cst
994 1563 1149 1629 eiusmodi.

472 1812 649 1870 Exeostuto
666 1817 757 1868 urunt
776 1817 955 1870 maucettt.

219 1934 447 2001 venerabilibus
473 1949 504 2001 et
527 1937 723 2002 sanctissimis
752 1936 899 2024 episcopis
927 1935 1145 2002 [diocaesareae
1175 1949 1293 2023 propter
1311 1944 1370 2015 cip.
1386 1943 1433 1998 xt.

136 2039 329 2103 orthodoxam
348 2040 504 2103 salvatoris
523 2040 615 2103 nostri
634 2043 698 2103 lesu
718 2037 829 2104 Christi
854 2040 937 2103 tidem
966 2039 1171 2119 exulantibus,
1204 2037 1296 2105 Ento·
1434 2043 1437 2045 ’

135 2144 203 2227 gio,
229 2143 392 2226 adelphio,
418 2143 607 2220 Alexandro,
633 2140 810 2222 Ammonio,
835 2140 1075 2227 Harpocrationi,
1102 2144 1217 2221 isaaco,
1244 2143 1297 2206 lsi·

135 2246 226 2322 doro,
251 2244 440 2324 Arrnuhioni,
464 2242 589 2324 Pitimo,
615 2241 795 2328 Enpltratio,
819 2243 950 2325 Aaroui,
982 2245 1146 2330 presbyteri
1163 2243 1212 2330 qni
1233 2245 1297 2308 Αιι·

135 2346 272 2432 cyraeiu
292 2344 509 2425 Galatiasunt,
540 2344 703 2424 Photinus,
737 2344 927 2422 Eustathins,
961 2347 1037 2411 alter
1052 2344 1214 2424 Photinus,
1247 2343 1297 2411 Si·

135 2450 252 2532 gorius,
277 2458 307 2512 et
329 2449 470 2512 diaconus
492 2447 646 2535 llyginus,
680 2447 877 2514 subdiaconus
895 2447 1090 2527 Heraclides,
1114 2459 1145 2512 et
1164 2447 1297 2533 Elpidius

136 2550 247 2627 lector,
271 2562 302 2614 ct
323 2545 470 2637 Cyriacus
493 2552 650 2630 del'ensor,
675 2551 704 2613 iu
727 2551 845 2614 domino
867 2553 1005 2616 snlntem.

223 2650 297 2717 Corn
323 2656 358 2716 art
380 2655 516 2739 pietatem
540 2663 668 2717 vestram
689 2673 706 2716 e
726 2654 819 2739 patria
841 2666 959 2734 nostra,
991 2675 1044 2740 pro
1062 2673 1150 2717 coac
1168 2663 1295 2738 parcat,

138 2754 284 2818 invisendi
300 2756 390 2819 vestri
406 2757 500 2840 gratia
517 2756 714 2835 sensissemus,
739 2756 911 2841 interrogati
928 2779 945 2820 a
960 2740 1059 2820 restra
1075 2756 1231 2819 sanctitate
1247 2777 1298 2818 sn-

140 2878 221 2936 mus,
245 2859 346 2941 ecquid
364 2859 399 2920 de
420 2860 475 2923 lide
494 2859 683 2922 sentiremus.
730 2856 825 2942 Quam
841 2861 955 2943 quidem
974 2858 1180 2923 sollicitudinis
1198 2855 1297 2921 officii·

140 2979 196 3041 que
222 2959 335 3043 plenam
359 2960 619 3043 interrogationem
645 2983 822 3046 magnopere
844 2963 1018 3046 prandentes,
1051 2962 1089 3024 ob
1112 2982 1164 3025 eos
1186 2959 1299 3047 praeci-

140 3082 197 3147 pue
216 3061 263 3146 qni
281 3063 353 3125 lalsa
373 3064 408 3126 de
426 3064 511 3128 archis
528 3064 665 3127 trortnulla
684 3074 794 3128 tenuere
811 3074 970 3148 spargunt,
995 3065 1193 3127 necessariam
1213 3061 1300 3126 drtxi·

140 3185 205 3229 mus
221 3164 365 3227 certiores
392 3187 446 3229 vos
463 3168 498 3228 de
520 3178 580 3228 tota
599 3188 632 3229 re
653 3169 767 3245 lacere,
799 3188 857 3229 non
875 3188 916 3230 cx
932 3166 968 3230 iis
984 3167 1078 3230 solnm
1102 3166 1300 3231 communica·

141 3266 225 3331 toriis
243 3265 336 3332 literis
352 3290 455 3352 quasa
476 3267 647 3333 beatissimo
664 3291 737 3356 papa
760 3269 926 3334 Athanasio
942 3269 976 3332 ad
995 3290 1050 3333 uos
1072 3269 1198 3355 scriptas
1215 3265 1299 3330 votis

141 3371 338 3450 ostendimus,
379 3391 481 3434 verum
505 3373 593 3434 etiam
615 3394 655 3435 ex
677 3372 739 3458 ipsa
762 3371 947 3457 professione
974 3382 1074 3435 nostra
1100 3371 1180 3435 hisce
1206 3369 1300 3432 literis

141 3489 302 3554 expressa3
334 3486 365 3537 ut
387 3474 455 3538 illud
475 3474 696 3559 intelligeretis,
730 3474 800 3537 nihil
820 3496 874 3538 nos
899 3495 994 3559 neque
1010 3474 1121 3539 sentire
1139 3473 1225 3536 modo
1246 3490 1300 3533 nee

143 3591 267 3654 unquam
284 3577 415 3639 sensisse
434 3578 509 3660 qnod
529 3576 565 3638 ab
584 3577 715 3661 generali
735 3588 765 3640 et
780 3577 979 3643 ecclesiastica
999 3577 1064 3641 [idei
1083 3575 1202 3659 regula,
1226 3591 1301 3656 quae

142 3668 173 3736 itt
190 3669 327 3739 Nicaeae
344 3678 458 3761 synodo
474 3678 633 3742 constituta
652 3690 715 3757 cst,
745 3679 937 3759 abhorreretq
969 3700 1056 3763 quam
1082 3698 1136 3740 nos
1156 3696 1209 3760 pro
1230 3670 1301 3735 siri·

141 3771 199 3869 htts
213 3775 346 3862 amplecti
363 3778 542 3862 profitemur,
566 3790 596 3842 et
612 3800 664 3843 ros
681 3781 867 3846 anathemate
883 3783 1055 3845 damnamus
1072 3778 1120 3863 qui
1137 3785 1302 3839 creaturam

142 3895 212 3943 este
234 3877 366 3963 spiritum
389 3891 521 3944 sarictnm
548 3892 703 3958 asserunt,
735 3885 786 3945 sed
805 3895 835 3947 et
851 3883 993 3947 drianam
1012 3880 1176 3957 haeresim,
1201 3889 1231 3942 et
1245 3873 1303 3942 Sa·

143 3978 242 4059 hellii,
267 4002 300 4044 ac
316 3978 450 4059 Photidi,
474 3979 618 4065 Paulique
634 3979 839 4064 Samosatcni,
873 4007 1013 4050 unacum
1032 3983 1069 4045 iis
1085 3981 1133 4066 qni
1151 3979 1303 4046 sanctissi-

143 4105 218 4147 mam
238 4083 396 4148 trinitatem
425 4094 486 4148 tres
510 4104 578 4148 esse
594 4103 738 4168 personas
754 4097 879 4168 negant,
912 4089 1000 4151 nullis
1027 4084 1160 4149 terrninis
1178 4082 1302 4148 eircum-

144 4186 286 4272 acriptas,
318 4185 534 4267 subsistentes,
563 4186 847 4267 consubstantiales,
871 4200 1066 4266 coaeternas,
1091 4200 1123 4251 et
1143 4190 1302 4273 perlectae.

158 4425 293 4545 ⁰‘harinae
314 4427 358 4481 reti
382 4409 483 4495 (steri
500 4425 546 4479 r*¹
571 4429 623 4479 red.
641 4426 702 4494 tea.)
738 4498 751 4547 Ι
771 4426 795 4477 l.
813 4424 1023 4488 salmariam
1041 4429 1139 4492 Μία.
1157 4409 1241 4494 γαλατ
1254 4426 1305 4476 cod.

146 4508 159 4546 e
182 4510 298 4614 chamill.
316 4555 347 4603 ’-
373 4564 395 4615 1.
415 4559 602 4633 Edqatlueod
615 4565 711 4628 lihtdiq.
750 4510 803 4617 md.
820 4557 854 4619 δι’
871 4554 889 4617 il
904 4565 944 4615 etl.
959 4569 1035 4631 princ.

199 4643 287 4701 eorpus
299 4643 436 4693 manuel.
449 4645 480 4693 tt.
493 4650 515 4694 t.
1084 4655 1103 4714 5
