3096 5070
444 273 713 327 ranannnranu.
731 254 1096 327 ronnnmmmxxx.
1280 263 1342 326 465

189 394 357 493 &cundum
374 416 448 480 quos
464 392 658 477 Euphemitae
673 392 767 457 coorti
782 403 862 470 sont,
887 393 935 476 qui
950 402 981 455 ει
995 390 1169 456 Massaliani
1188 404 1341 475 vocantur,

189 522 264 586 quos
281 497 419 564 credibile
436 507 483 562 est
499 496 613 581 priores
628 495 695 559 illos
712 495 818 559 imitari
834 495 995 559 studuisse.
1041 492 1152 558 Verum
1167 495 1216 559 isti
1229 497 1343 580 quidem

189 600 530 689 egentilibnsprolecti,
548 619 643 682 neque
660 595 834 662 ludaeorum
848 607 971 676 sectam,
997 616 1091 680 neque
1106 592 1344 663 Christianorum

188 703 319 792 amplexi
336 714 425 782 suut,
449 721 505 764 neo
518 701 597 763 inter
616 696 821 764 Samaritanus
841 712 1019 779 censentur,
1043 701 1095 765 sed
1110 701 1237 786 gentiles
1252 700 1346 763 omni·

189 830 230 873 no
252 817 340 885 sunt,
372 815 402 868 ει
427 825 492 867 mrm
516 822 583 866 esse
606 802 678 866 deos
696 813 849 881 asserant,
882 802 990 866 nullom
1010 813 1106 867 tamen
1124 805 1263 880 adorant,
1293 804 1345 866 sed

189 931 279 976 unum
297 910 440 972 duntaxat
455 915 636 968 venerantur
651 925 736 989 quern
753 900 993 990 Omnipotentem
1006 906 1162 991 appellant.
1209 903 1267 988 Qui
1285 906 1347 989 qni-

191 1011 257 1076 dem
285 1020 383 1073 certas
406 1007 462 1072 sibi
489 1009 591 1071 domos
617 1007 810 1086 fabricantes,
845 1017 876 1070 et
899 1008 1049 1086 laxiores,
1086 1009 1217 1072 lororum
1239 1007 1345 1087 instar,

191 1133 279 1176 araas
296 1109 482 1191 Prosenchas
496 1109 561 1173 illas
577 1109 776 1172 nominarunt.
822 1107 971 1173 Habuisse
988 1110 1102 1194 quidem
1122 1109 1248 1174 ludaeos
1262 1121 1348 1173 extra

193 1214 294 1278 urbem
314 1224 344 1276 et
364 1211 568 1277 Samaritanus
584 1223 666 1276 certa
684 1213 824 1296 quaedam
841 1213 877 1276 ad
894 1215 1069 1298 precandum
1087 1213 1153 1278 loca
1170 1234 1242 1298 quas
1257 1211 1348 1277 Pros-

192 1317 301 1381 euchas
322 1316 474 1394 dicerunt,
506 1336 546 1378 ex
573 1316 771 1400 apostolorum
798 1314 912 1379 actibus
935 1316 1044 1400 liquet,
1076 1316 1124 1380 ubi
1142 1338 1287 1401 purpurae
1306 1317 1350 1379 in·

193 1419 293 1483 stitrix
311 1416 406 1504 Lydia
423 1415 518 1481 Paulo
535 1418 701 1482 occurrisse
718 1417 835 1481 dicitnr.
881 1416 928 1481 lle
944 1440 1002 1502 quo
1018 1418 1058 1481 ita
1074 1418 1218 1503 scriptura
1236 1430 1348 1501 narrat,

194 1524 363 1596 ludebatur,
388 1520 498 1604 inquit,
522 1523 601 1582 locris
616 1525 754 1582 orotr'onr's
771 1543 841 1583 esse.
888 1518 929 1583 Et
945 1531 1136 1584 accesserunt
1151 1521 1287 1607 apostoli,
1312 1542 1347 1585 ae
1361 1535 1411 1581 aa.
1423 1534 1456 1589 tt.
1468 1535 1502 1581 ln

140 1621 145 1637 ‘
193 1625 333 1688 mulieres
354 1644 407 1707 per
431 1622 501 1686 illud
526 1634 639 1707 tempus
659 1623 872 1686 couvenientes
895 1623 1069 1686 docuerunt.
1115 1620 1232 1687 Fuit-et
1248 1625 1283 1687 ad
1300 1621 1350 1689 Si·

194 1726 288 1806 cima,
320 1745 395 1809 quaa
417 1724 503 1788 lrudie
522 1722 666 1810 Neapolis
691 1723 815 1804 dieitur,
846 1726 975 1788 secundo
993 1726 1029 1788 ab
1050 1726 1122 1789 urbe
1144 1726 1238 1811 lapide
1258 1724 1350 1790 Pros-

193 1829 307 1907 euclra,
331 1828 395 1892 sire
411 1822 601 1905 Oratorinm,
626 1825 732 1890 theatri
751 1825 846 1890 instar
862 1827 891 1888 iu
912 1827 1029 1911 planitie
1048 1829 1148 1908 situm,
1173 1830 1238 1892 siue
1257 1840 1347 1908 tecto,

193 1952 228 1995 ac
245 1931 323 1994 nudo
340 1929 423 1993 coelo
439 1929 619 2010 subiectum,
642 1929 673 1992 in
691 1950 749 2013 quo
768 1928 938 1993 lubricando
952 1925 1149 2008 Samaritani,
1175 1941 1207 1994 ut
1222 1931 1252 1995 in
1271 1943 1351 1996 cete·

194 2033 237 2099 ris
259 2032 411 2111 omuibus,
436 2028 561 2094 ludaeos
583 2030 686 2095 imitati
709 2042 788 2095 sunt.

283 2235 377 2323 lgitur
393 2234 567 2300 Massaliani
586 2235 767 2320 antiquiores
783 2257 800 2300 e
816 2236 974 2322 gentilibus
994 2236 1134 2317 excitati,
1169 2238 1217 2321 qui
1238 2238 1353 2302 hodier-
1378 2242 1439 2314 cap.
1456 2246 1487 2297 ιι.

196 2362 252 2405 nos
282 2341 356 2404 istos
387 2361 404 2404 a
430 2338 535 2424 quibos
562 2334 762 2403 Christianum
791 2360 897 2403 nomen
928 2351 1085 2425 usurpatur
1116 2350 1352 2423 antecesserunt,

195 2442 344 2507 nonnullis
360 2442 389 2505 in
406 2439 759 2526 reg'onilruscarinarum
776 2441 870 2505 instar
887 2442 1038 2526 fastigatas
1054 2441 1201 2506 aediculas
1219 2454 1353 2507 constru-

195 2557 326 2626 xerunt,
358 2566 430 2629 quas
451 2541 654 2622 Proseuchas,
686 2544 749 2607 sive
767 2539 926 2626 Oratoria,
958 2555 1136 2630 nuncupant.
1182 2544 1263 2608 Alibi
1281 2566 1353 2610 reru

196 2658 254 2712 tam
271 2647 301 2710 in
318 2648 470 2710 occidente
487 2667 572 2730 quam
597 2646 712 2709 oriente
734 2647 835 2710 eadem
861 2648 908 2710 illa
933 2647 995 2710 loca
1015 2648 1050 2710 ad
1069 2647 1212 2711 ecclesiae
1231 2651 1352 2712 lormam

198 2748 409 2829 condiderunt,
442 2747 491 2811 ubi
513 2748 625 2833 ingenti
644 2749 830 2812 lucernarum
847 2770 882 2812 ac
900 2750 1006 2813 lanium
1031 2771 1156 2813 accensa
1183 2750 1266 2836 eopia
1284 2772 1354 2814 con·

199 2861 306 2916 ventus
335 2850 453 2914 habent.
506 2849 585 2914 Tum
614 2861 712 2915 certos
736 2850 879 2937 hymnos,
910 2875 983 2936 quos
1006 2853 1085 2917 illius
1109 2853 1208 2937 gregis
1230 2853 1353 2916 studiosi

199 2954 313 3039 puidam
334 2953 515 3040 scripserunt
530 2974 565 3016 ae
582 2953 627 3016 dei
646 2954 747 3018 laudes
765 2955 941 3035 concinunt,
973 2955 1077 3039 quibus
1095 2976 1200 3041 magno
1217 2976 1289 3021 sane
1307 2976 1355 3019 er·

199 3076 268 3120 rore
295 3056 380 3120 deum
403 3077 436 3120 se
461 3056 578 3141 placare
601 3056 817 3121 reconciliare
843 3057 898 3120 sibi
923 3068 1036 3143 putant.
1089 3056 1201 3122 Verum
1223 3059 1352 3137 inscitia,

199 3179 274 3244 quae
293 3168 447 3222 occaecata
465 3178 583 3244 semper
605 3168 666 3241 est,
697 3161 770 3224 haec
787 3161 885 3224 omnia
901 3159 1018 3224 miseris
1043 3160 1101 3224 illis
1117 3182 1188 3246 prae
1205 3160 1294 3225 animi
1313 3163 1355 3224 la·

200 3272 248 3325 stu
274 3272 304 3324 et
322 3260 479 3324 insolentia
505 3263 603 3325 lacere
630 3263 796 3347 persuadet.
842 3262 889 3326 Ac
915 3264 990 3326 lorte
1014 3275 1083 3327 ante
1103 3264 1218 3348 aliquod
1242 3275 1355 3348 tempus

199 3383 289 3426 unum
306 3382 347 3425 ex
362 3361 420 3425 illis
437 3363 578 3426 aedificiis
598 3364 633 3427 de
657 3366 741 3429 coelo
759 3375 866 3429 tactum
891 3377 954 3444 est,
987 3366 1102 3429 ubinam
1120 3386 1193 3429 vero
1209 3366 1352 3451 gentium,

200 3464 309 3549 liquido
326 3463 454 3527 nondum
474 3476 606 3544 constat3
637 3478 724 3551 atque
742 3467 816 3531 laud
836 3469 899 3532 scio
917 3489 954 3531 an
972 3469 1001 3531 iu
1017 3466 1178 3532 Phoenicia
1195 3468 1356 3552 contigisse

200 3566 278 3631 istud
302 3565 455 3630 audierim.
509 3564 678 3649 Quinetiam
706 3570 836 3633 nonnulli
861 3571 1049 3656 magistratus
1074 3571 1225 3656 religionis
1250 3570 1356 3635 ardore

200 3669 360 3753 llagrantcs
389 3668 616 3753 quamplurimos
645 3690 685 3733 ex
715 3671 772 3735 illis
801 3673 987 3753 occiderunt,
1029 3695 1065 3738 eo
1093 3673 1168 3759 quod
1200 3674 1357 3738 veritatem

201 3774 391 3837 adulterando
408 3781 649 3856 corrumperent,
682 3781 712 3833 et
727 3773 869 3837 ecclesiae
890 3797 1000 3840 morem
1023 3787 1212 3862 praepostera
1233 3777 1355 3860 quadam

201 3874 364 3939 imitatione
388 3874 532 3937 auderent
552 3872 737 3957 exprimere,
772 3896 836 3938 oum
862 3898 958 3961 neque
983 3875 1145 3943 Christiani
1168 3877 1284 3943 interim
1310 3899 1357 3941 es·

201 3987 286 4058 sent,
318 3996 413 4060 neque
429 3973 604 4040 ludaeorum
623 3968 732 4040 sectam
752 3978 971 4063 profiterentur.
1016 3978 1214 4066 Lupiciauos,
1239 3981 1355 4066 opinor,

202 4081 262 4145 dux
279 4099 354 4143 unos
372 4098 413 4142 ex
428 4077 475 4142 his
491 4078 560 4154 luit,
586 4079 634 4163 qni
653 4079 682 4143 in
700 4078 891 4165 Euphemitas
905 4083 1069 4146 istiusmodi
1085 4082 1210 4167 gentiles
1226 4084 1356 4147 animad-

203 4245 240 4312 εἰς
256 4279 290 4290 -
307 4245 440 4318 εὐφημιῶν
460 4256 574 4313 tuaquom
600 4255 683 4315 murto
698 4255 765 4304 unm·
798 4251 884 4304 laudes
906 4251 980 4303 deum
1003 4253 1147 4321 placantes,
1173 4253 1268 4322 seipsos
1285 4254 1358 4306 decl-

202 4322 240 4370 rn's
259 4321 361 4370 inclusit
396 4321 525 4370 mmmmm
546 4323 614 4370 ocrttt
634 4329 661 4370 et
675 4319 717 4370 diu
735 4337 766 4371 ac
798 4321 878 4390 piant.
925 4324 1031 4373 Getarum
1051 4324 1106 4373 edit.
1133 4325 1241 4374 cornone·
1263 4329 1360 4387 utroque

203 4403 250 4454 per
264 4385 366 4454 longum
387 4396 486 4455 tempus
506 4386 628 4438 lectiones
647 4387 764 4457 quasdam
799 4393 848 4441 loeo
862 4391 952 4441 exhibet
963 4387 1153 4458 καταλεγμάτια
1164 4396 1186 4441 ιι
1200 4393 1359 4458 καταλεγμα-

204 4470 250 4573 per
264 4451 354 4534 doctos
367 4471 439 4518 auor,
466 4464 492 4505 ct
508 4454 593 4507 laudes
606 4457 724 4537 quasdam
738 4457 765 4507 in
798 4457 858 4511 τίων
866 4497 882 4541 ,⁸
900 4473 947 4540 unp
970 4453 1177 4527 καταληγμείτια,
1207 4466 1233 4510 ut
1253 4463 1360 4526 affirmat

222 4538 277 4573 eum
293 4522 431 4584 laurentes,
456 4523 524 4574 volnt
540 4541 587 4593 per
602 4525 722 4578 lectiones
735 4542 766 4577 oc
799 4529 911 4578 Petuntur
925 4543 951 4577 sn
967 4530 1055 4580 odnott.

258 4603 347 4662 corpus
361 4604 496 4652 Haeremol.
509 4605 538 4650 ln
552 4607 573 4651 ι.
1115 4619 1155 4683 30
