3096 5070
368 290 505 344 annann
522 290 587 341 urs.
600 288 646 342 rn.
663 287 747 341 ron.
760 288 780 342 r.
797 287 1031 341 nunnuxxrr.
1216 276 1278 342 293
1341 257 1344 265 ’

119 432 220 477 eorum
236 429 311 496 quae
327 411 428 475 insunt
446 409 599 474 affirmatio
616 409 670 472 luit
686 408 841 488 adiuncta,
866 409 948 493 quasi
966 407 1041 492 quod
1060 418 1162 493 postea
1178 409 1279 473 condi·

120 527 180 580 turn
197 524 243 579 est
259 513 457 598 praestantius
476 514 532 576 deo
555 510 708 596 quicquam
731 510 885 588 conciliet,
918 521 948 572 et
962 531 1065 594 purum
1081 509 1223 595 quicpiam
1244 533 1280 575 ac

120 619 264 682 sincerum
282 637 322 679 cx
335 637 436 680 earum
464 635 563 678 rerum
587 612 758 696 quibuscum
775 613 928 676 confertur
944 610 1109 698 privatione
1128 623 1158 675 ct
1176 614 1280 677 imoru-

120 719 199 783 talrili
217 728 295 783 statu
313 718 511 801 excogitatum
530 716 630 778 luerit.
677 710 738 778 Sed
753 714 888 777 nimirum
905 713 933 777 id
951 734 990 778 ex
1008 732 1044 776 eo
1061 713 1189 777 manavit
1203 716 1279 798 quod

119 823 253 886 existens
273 823 337 905 ipsc
356 828 435 882 totus
453 817 629 902 gloriaest,
653 837 687 880 ac
704 826 783 880 totns
802 815 944 879 eiusmodi
963 826 994 879 ut
1013 814 1049 877 alr
1068 816 1176 879 creatis
1192 817 1280 881 rebus

119 923 255 988 omnibus
279 919 485 1004 comprehendi
505 928 649 1004 nequeat,
683 938 758 1002 quac
781 939 834 1004 pro
855 918 971 982 modulo
988 938 1042 981 suo
1059 918 1095 981 ad
1115 918 1180 982 eius
1195 938 1281 1004 prac-

119 1025 295 1090 dicationem
323 1023 489 1085 intenduut.
535 1018 594 1104 Qui
619 1021 733 1105 quidem
757 1031 789 1084 ot
813 1019 850 1084 ab
875 1020 986 1105 angelis
1009 1020 1124 1105 propria
1149 1019 1278 1106 ipsorum

118 1127 235 1210 lingua,
268 1145 354 1209 quam
380 1123 530 1208 apostolus
552 1126 694 1185 domr'mmr
717 1126 825 1203 linguat
849 1122 1017 1208 auteponit,
1052 1122 1220 1186 celebratur
1242 1137 1432 1195 accersunt

119 1228 253 1293 laudibus
271 1226 403 1304 effertur,
428 1225 467 1288 ita
484 1236 514 1288 et
530 1226 654 1290 lrumana
671 1225 769 1309 lingua
787 1224 905 1302 colitur,
930 1244 1005 1308 quac
1021 1224 1170 1288 inferioris
1186 1226 1280 1310 digni·

122 1330 189 1394 tatis
212 1340 275 1407 cst,
309 1348 344 1390 ac
363 1327 487 1412 denique
515 1327 601 1391 ctiam
622 1326 658 1390 ab
677 1326 783 1389 intimis
802 1326 965 1411 quibusque
988 1327 1076 1391 rebus
1094 1349 1147 1413 pro
1166 1327 1280 1391 viribus

121 1431 260 1514 cuiusque
278 1431 473 1516 praedicatur.
519 1427 627 1513 Neque
646 1447 719 1492 vero
739 1428 769 1491 iu
785 1429 909 1513 singulis
927 1429 1071 1493 creaturis
1090 1429 1280 1516 proportione

121 1535 242 1620 quadam
259 1534 335 1597 illius
351 1533 444 1618 gloria
460 1532 696 1618 praedicatioque
709 1530 862 1610 minuitur,
886 1542 936 1595 aut
953 1533 1142 1595 mutationem
1158 1535 1287 1618 patitur,·

120 1637 172 1700 sed
189 1635 376 1700 immutabilis
396 1646 443 1698 est
459 1636 488 1697 in
507 1654 592 1712 sese,
624 1630 711 1717 idque
729 1633 838 1696 creatis
860 1643 907 1697 cst
928 1633 1016 1697 rebus
1034 1634 1168 1698 omnibus
1190 1635 1280 1698 deoe·

120 1748 238 1823 gotum,
272 1749 303 1801 ut
325 1739 361 1801 ad
385 1737 463 1801 illius
487 1736 659 1799 infinitatem
688 1735 884 1819 praedicando
909 1736 1022 1821 possint
1040 1735 1179 1817 extendi,
1213 1759 1278 1801 cum

120 1861 255 1925 suprema
279 1840 328 1903 illa
354 1837 516 1902 substantia
543 1848 669 1900 mentem
695 1858 812 1900 omnem
840 1837 1120 1923 intelligentiamque
1145 1850 1277 1925 superet.

121 1941 206 2027 Quae
220 1942 257 2005 ob
274 1963 321 2020 ea,
346 1961 420 2025 quae
436 1940 472 2003 ob
488 1940 622 2003 omnihus
637 1939 664 2002 ei
680 1939 858 2019 tribuuntur,
884 1951 913 2002 et
926 1940 1026 2003 inesse
1043 1941 1190 2020 dicuntur,
1216 1941 1280 2004 nul·

120 2045 176 2109 lam
196 2054 351 2129 propterea
374 2043 616 2121 couversionem,
651 2041 841 2105 mutationem
862 2052 912 2107 aut
929 2043 1140 2109 incrementum
1160 2042 1279 2129 experi-

121 2158 179 2211 tur.
227 2143 282 2210 Est
297 2146 373 2209 euim
391 2143 528 2207 divinitas
547 2143 608 2228 ipso
627 2143 714 2230 louge
733 2143 869 2207 omuibus
886 2136 1098 2230 praestantior,
1118 2155 1151 2207 et
1168 2145 1279 2209 incom-

119 2248 259 2337 parabilis
281 2247 453 2332 gloriaeque
476 2245 658 2332 plenissima.

205 2351 285 2415 terti
306 2347 403 2436 Caput
419 2345 526 2412 XXV.
573 2344 607 2411 Si
628 2346 790 2431 ingenitum
810 2347 1019 2434 privationem,
1053 2368 1126 2432 quae
1143 2348 1199 2413 deo
1221 2371 1279 2414 nou

118 2453 215 2534 inest,
247 2453 412 2538 significat,
445 2471 497 2515 cur
514 2450 676 2535 ingenitum
696 2469 781 2530 csse,
813 2450 942 2535 genitum
968 2470 1041 2514 vero
1066 2470 1125 2513 nou
1150 2470 1218 2515 esse
1237 2451 1280 2515 di·

120 2557 235 2621 cimus?

205 2654 329 2723 Conlut.
346 2653 454 2720 XXV.
499 2653 685 2740 ingenitum,
710 2655 765 2718 etsi
785 2654 890 2719 decre
908 2674 978 2717 vera
998 2654 1177 2735 conveniat,
1210 2676 1280 2720 uus·

122 2781 207 2844 quam
223 2770 320 2822 tamen
339 2777 513 2844 expressum
531 2768 594 2836 est,
620 2776 673 2820 nec
692 2778 708 2820 u
727 2757 867 2843 propheta
891 2757 965 2835 ullo,
989 2757 1036 2820 vel
1054 2757 1207 2843 apostolo,
1231 2758 1280 2822 rel

99 2861 305 2944 ,evangelista
326 2871 596 2923 commemoratum.
643 2857 750 2944 Neque
775 2881 847 2924 vcro
872 2860 975 2923 mirum
995 2879 1061 2922 esse
1084 2859 1223 2939 deberet,
1253 2862 1280 2924 si

122 2963 158 3026 de
176 2964 230 3026 deo
252 2963 421 3026 affirmatum
446 2962 515 3025 illud
542 2970 635 3027 essct.
681 2958 831 3046 Siquidem
856 2963 920 3047 pius
942 2962 977 3024 de
1001 2962 1057 3024 deo
1079 2983 1186 3026 seusus
1211 2963 1279 3027 olim

122 3068 198 3129 istud
216 3067 308 3151 ipsum
328 3085 345 3129 c
365 3065 488 3129 naturali
506 3064 628 3149 quadarn
646 3062 712 3148 lege
731 3065 879 3129 hauserat.
927 3062 976 3126 'l'u
992 3085 1077 3142 vero,
1090 3064 1173 3142 neri,
1189 3086 1279 3130 voca·

123 3170 221 3234 bulum
241 3169 317 3231 istud
338 3168 433 3231 studio
451 3168 590 3232 novitatis
609 3167 776 3246 inculcans,
809 3166 890 3230 velut
914 3165 1067 3229 mirificum
1089 3169 1223 3252 quiddam
1250 3181 1280 3233 et
1375 3248 1380 3258 Ι

121 3271 291 3334 inusitatum
307 3270 495 3355 proposuisse
512 3281 540 3331 te
555 3281 650 3355 putas.
693 3266 772 3351 Quin
787 3269 875 3333 etiam
889 3268 1141 3352 religiosissimam
1157 3283 1280 3335 naturae

122 3375 237 3458 legem,
273 3390 327 3434 uec
347 3392 404 3434 nou
425 3381 454 3434 et
471 3371 555 3449 lidci,
589 3393 675 3456 quam
692 3372 727 3434 ad
746 3371 884 3434 meliores
907 3371 1040 3435 homines
1056 3374 1219 3437 reddendos
1238 3375 1281 3437 di·

123 3477 191 3540 uiua
208 3473 323 3537 bonitas
339 3472 469 3550 indulsit,
493 3475 672 3557 permiscere
690 3494 724 3536 ac
742 3475 922 3538 contundere
942 3486 1064 3539 conatus
1082 3496 1127 3552 es,
1152 3477 1218 3538 dum
1236 3477 1280 3538 in-

123 3578 224 3662 genito
251 3576 381 3658 genitum
404 3575 557 3639 maiestate
584 3576 784 3661 dignitateque
809 3598 861 3662 pur
882 3587 1064 3640 commentus
1093 3597 1144 3654 es,
1179 3586 1210 3640 ut
1231 3576 1280 3640 illc

122 3683 203 3766 ipse,
229 3698 313 3763 quern
332 3676 499 3742 dissimilem
520 3677 642 3751 adoras,
676 3678 839 3761 inaequalis
858 3679 884 3743 ci
910 3679 1063 3757 videatur,
1088 3699 1173 3763 quern
1193 3677 1280 3741 dissi-

122 3785 230 3847 militer
254 3780 416 3866 praedicas.
463 3775 522 3840 lam
545 3798 638 3855 vcro,
670 3778 695 3839 si
718 3781 910 3863 appellatione
933 3781 995 3844 solu
1022 3791 1132 3866 patrem
1158 3780 1278 3860 adoras,

123 3908 181 3949 nou
210 3885 266 3948 nisi
291 3903 343 3969 per
366 3880 578 3944 simulationem
600 3889 630 3941 et
651 3879 815 3944 illusionem
843 3882 982 3947 honorem
1006 3883 1083 3946 hunc
1103 3883 1144 3945 illi
1168 3883 1278 3945 dclers.

124 3986 196 4051 ltem
213 3989 238 4051 si
255 3986 364 4065 lilium,
388 4004 473 4068 quem
489 3982 563 4068 patri
581 3980 751 4046 dissimilem
770 3983 924 4067 agnoscis,
948 3986 1126 4048 adoraudum
1143 4005 1278 4065 censeas,

123 4191 299 4258 περισκωμένη
321 4191 407 4239 ccdtcr'r
427 4194 489 4250 vet,
513 4191 590 4240 mrctc
611 4190 687 4250 cutus,
754 4184 777 4240 4.
796 4182 838 4242 ἀπ’
865 4183 942 4243 αὐτοῦ
969 4190 1037 4239 codd.
1054 4203 1109 4240 nrrs.
1136 4186 1177 4243 ὕπ’
1201 4186 1279 4246 αὑτοῦ

124 4262 221 4322 {sumre
245 4261 365 4320 Purr'sr‘nt,
400 4260 542 4320 scripturum
564 4258 687 4307 adnotavit
720 4259 776 4308 editi
793 4260 854 4308 ltbrr‘.

124 4329 245 4379 Petuntur.
753 4327 777 4375 5.
796 4323 952 4393 ἐξισούμενον
967 4329 1052 4388 scripsi
1071 4332 1195 4390 praeeunte
1218 4331 1280 4380 Ocr-

160 4398 181 4447 1.
202 4397 281 4457 supro
296 4393 334 4462 τῷ
353 4393 414 4461 θεῷ.
718 4397 787 4446 acmo
803 4397 857 4463 (qul
871 4399 938 4446 uertr't
954 4404 982 4444 ιιι
997 4411 1028 4444 ex
1043 4393 1154 4461 ingenito
1169 4397 1281 4464 genitum

158 4465 182 4513 ¹2.
202 4464 220 4511 Υ
261 4466 376 4527 olepdtn
392 4456 441 4514 u'rtd
460 4461 512 4514 τοῦ.
719 4462 885 4531 intelligamus
911 4462 1074 4530 adaequatum
1095 4462 1237 4534 dignitate.)
1259 4471 1281 4523 tt

158 4531 182 4584 3.
201 4524 247 4583 cdo
260 4548 274 4583 r
289 4533 340 4582 cod.
358 4532 456 4594 lttedr'p.
720 4534 824 4585 Patauio.
859 4535 925 4584 Ltdrt'
943 4535 1013 4597 uutqo
1030 4529 1195 4601 ἐξισοῦμιιος.
