3096 5070
696 933 832 997 sunem

510 1088 1021 1178 EPIPHANlI

430 1239 1100 1372 succurununnosrs

308 1467 383 1518 SIVE
400 1467 520 1518 EORUM
537 1467 628 1529 QUAE
647 1465 683 1516 tot
703 1464 850 1515 Pnotnttto
868 1463 969 1515 meru
986 1462 1078 1513 SUNT
1095 1460 1216 1512 SUMMA

608 1555 612 1562 ‘
630 1549 896 1601 conteuefluusto

276 1685 422 1770 Quoniam
447 1689 611 1752 haereseon
636 1686 763 1750 omnium
788 1685 905 1749 nomina
927 1685 1101 1749 declarando
1126 1683 1210 1747 vohis
1231 1681 1286 1746 hoc
1311 1681 1341 1746 in

190 1791 265 1855 libro
284 1793 484 1877 suscepimus,
517 1811 572 1854 uec
592 1811 649 1853 nou
667 1789 835 1853 execranda
858 1809 893 1851 ae
911 1787 1023 1851 nelaria
1041 1788 1153 1851 illarum
1172 1785 1280 1871 flagitia
1299 1785 1342 1848 sic

191 1905 326 1978 tanquam
344 1892 583 1979 praesentissima
602 1892 743 1977 quaedam
760 1909 874 1955 uenena
894 1891 1059 1976 patefacere
1077 1889 1230 1965 volumus,
1254 1897 1342 1971 atque

191 1997 236 2060 his
266 1997 347 2060 velut
377 1996 506 2059 antidota
533 1995 677 2079 quaeda·
710 2015 876 2078 opponere,
917 2014 992 2078 quoe
1021 1992 1069 2055 vel
1098 1992 1134 2055 iis
1163 1992 1211 2076 qni
1242 2013 1342 2055 morsu

191 2100 271 2186 petiti
287 2109 356 2162 sunt
377 2098 507 2161 remedio
528 2118 594 2161 esse
617 2097 747 2182 possint,
778 2097 826 2160 vel
845 2117 898 2159 eos
914 2096 1018 2180 quihus
1034 2115 1071 2158 ne
1086 2095 1214 2158 incidant
1229 2094 1344 2179 pericu·
1454 2150 1456 2154 .

190 2202 249 2266 lum
267 2213 313 2264 est
337 2200 540 2285 praemuniant
555 2221 589 2263 ae
606 2209 802 2277 conservent,
837 2197 1011 2278 Ponarium,
1043 2197 1263 2261 siveArculom
1283 2217 1344 2260 me·

190 2304 301 2383 dicam,
333 2304 368 2368 ad
390 2323 491 2366 eornm
513 2302 561 2387 qui
584 2323 600 2364 a
623 2302 808 2388 serpentibus
832 2300 883 2365 icti
907 2314 974 2366 sunt
998 2300 1156 2364 remedium
1182 2301 1246 2363 iure
1271 2319 1343 2384 opus

189 2407 257 2472 illud
274 2428 309 2469 ac
327 2406 431 2469 librum
455 2404 729 2490 interpretabimur,
762 2405 809 2488 qui
827 2405 856 2467 in
874 2416 935 2469 tres
953 2415 1051 2489 partes
1072 2404 1183 2467 divisus
1204 2403 1344 2466 haereses

191 2509 341 2592 octoginta
367 2507 587 2593 complectitur,
619 2528 694 2590 quae
716 2517 884 2592 serpentum
909 2529 944 2570 ne
969 2506 1113 2592 reptilium
1134 2505 1245 2569 similes
1263 2515 1343 2568 sunt.

193 2609 360 2675 Secundum
378 2631 450 2695 quas
467 2609 601 2673 veritatis
616 2609 844 2689 hrnromentnm,
868 2620 898 2672 ct
913 2610 1051 2673 salutaris
1070 2609 1202 2672 doctrine
1221 2607 1345 2692 fideique

192 2713 316 2776 formula
332 2712 464 2776 subiecta
483 2722 539 2791 est,
564 2733 598 2774 ac
615 2708 727 2775 Christi
742 2733 861 2797 sponsa,
885 2722 987 2775 sancta
1001 2712 1138 2776 videlicet
1153 2711 1277 2775 ecclesia
1295 2709 1345 2773 de·

192 2815 311 2878 clarata.
359 2811 445 2896 Quae
469 2835 532 2877 cnm
556 2813 612 2876 inm
630 2823 690 2876 tum
709 2813 745 2877 ah
763 2814 835 2878 orbe
851 2815 969 2878 condito
987 2835 1055 2878 esse
1071 2815 1218 2898 coeperit,
1243 2822 1345 2897 postea

190 2927 288 2980 tamen
305 2936 357 3000 per
371 2912 482 2980 Christi
504 2916 612 2979 domini
637 2917 868 2981 incarnationem
887 2927 1047 3003 temporum
1066 2916 1255 2980 successione
1277 2925 1345 2978 aute

191 3029 432 3082 commemoratas
457 3040 560 3084 omncs
586 3018 727 3084 hoereses
752 3020 868 3103 vulgata
887 3030 973 3104 etque
991 3022 1154 3105 patefacta,
1186 3018 1345 3102 eademque

191 3120 309 3186 euobis
326 3121 356 3183 in
374 3122 599 3185 commentarios
618 3143 658 3185 ex
674 3119 787 3186 Christi
806 3123 1022 3207 praedieatione
1041 3124 1151 3200 relato,
1175 3142 1209 3184 ao
1228 3141 1343 3183 rursum

191 3235 255 3311 post
269 3223 444 3307 explicatum
461 3246 575 3287 omnem
591 3225 712 3288 istorum
730 3225 893 3288 haereseon
911 3225 1122 3310 improbitatem
1140 3246 1180 3288 ex
1196 3223 1344 3308 apostolo·
1450 3213 1452 3218 ’

190 3349 255 3391 rurn
280 3324 429 3410 disciplina
449 3337 585 3390 accurate
609 3347 644 3389 oo
669 3329 821 3412 perspicue
848 3327 930 3390 brevi
955 3330 1078 3413 quodam
1105 3338 1150 3392 est
1173 3323 1345 3410 compendio

190 3428 339 3506 subiecta,
372 3426 413 3489 uti
433 3447 468 3489 ea
485 3448 518 3490 re
534 3427 649 3490 illorum
669 3440 843 3493 recreentur
861 3452 895 3493 ac
914 3431 1083 3494 reficiantur
1099 3430 1187 3494 animi
1206 3429 1253 3513 qui
1269 3428 1345 3491 hunc

191 3530 355 3593 haereseon
381 3530 644 3615 percurrendarum
670 3529 799 3595 lahorem
827 3532 1028 3618 susceperint,
1061 3554 1148 3618 porro
1170 3553 1225 3596 vos
1243 3550 1345 3595 omues

191 3630 379 3696 honestarum
394 3653 493 3695 rerum
507 3632 632 3695 studiosi
648 3629 776 3696 lectores
791 3644 909 3716 rogatos
924 3635 1058 3698 volumus
1074 3647 1104 3698 ut
1120 3647 1150 3698 et
1165 3634 1345 3719 prooemium

189 3735 283 3821 ipsum
300 3746 330 3797 ct
344 3733 560 3818 insequentium
576 3735 738 3797 haereseon
755 3736 967 3820 expositionem
986 3737 1168 3801 severitatis
1185 3735 1345 3821 professio·

191 3859 258 3903 nem
286 3849 316 3902 et
330 3838 510 3916 doctrinam,
543 3857 578 3900 uc
597 3846 719 3900 sanctae
735 3846 766 3899 et
785 3837 944 3903 minoricae
960 3839 1103 3903 eeclesiae
1125 3841 1209 3903 tidem
1227 3860 1243 3903 o
1262 3838 1345 3902 nohis

190 3961 363 4027 expressam
387 3960 562 4025 percurrere
585 3937 693 4002 velitis.

275 4042 361 4127 Quae
380 4043 494 4127 quidem
511 4041 608 4105 omitia
625 4040 680 4105 hoc
698 4042 727 4106 in
747 4062 836 4128 opere
854 4042 1064 4130 comprehensa
1081 4043 1172 4108 trihus
1189 4043 1272 4108 libris
1290 4064 1344 4108 ex·

224 4214 249 4264 4.
268 4207 341 4279 dudit
358 4217 411 4265 edil.
430 4216 513 4266 Peleu.
787 4217 838 4265 rius
856 4217 924 4265 until
946 4230 1060 4281 rogemus
1083 4225 1110 4264 ut
1133 4231 1218 4267 omnes
1236 4214 1346 4266 studiose

225 4283 249 4331 5.
267 4284 333 4332 Lihrl
350 4286 420 4345 vulno
441 4276 651 4347 dnnwclhsioeu·
787 4282 890 4333 versetis
908 4293 934 4332 et
952 4283 1133 4348 pirnel'ationern
1150 4295 1176 4334 et
1193 4289 1243 4335 cell.

223 4346 248 4400 6.
277 4351 430 4401 Sorthendum
456 4352 554 4412 {omme
576 4366 628 4401 curn
652 4353 750 4403 Petoolo
817 4351 841 4404 7.
858 4347 1008 4418 φιλοκάλους
1029 4354 1066 4403 ed
1084 4357 1161 4416 prino.
1201 4350 1345 4422 φιλοκάλοις

189 4418 385 4481 παρακαλεῖσθεκ
412 4419 448 4481 Gt.
460 4421 534 4480 Eptst.
545 4421 578 4468 od
589 4423 668 4480 lenc,
684 4424 751 4470 cutus
785 4422 821 4470 ed.
840 4424 919 4471 Petou.

188 4488 350 4550 oeconomus
367 4488 411 4538 loci
432 4488 483 4539 otte
503 4490 565 4540 rullo
585 4492 626 4538 est.
662 4490 751 4539 Gomo-
818 4492 842 4541 e.
861 4491 968 4541 Fortasse
984 4483 1040 4548 τάδ’
1056 4488 1082 4547 (t
1098 4493 1141 4561 τῇ.
