3096 5070
288 285 350 351 244
710 295 830 348 οιαστι
850 296 1019 348 τιιιιιιαιι

286 413 343 502 γῦρ
362 419 555 495 παρίπταται,
578 413 628 477 ιταλ
650 409 817 496 ῦπογοιρεῑ,
847 416 899 479 ιιαί
916 410 1129 495 καταλιμπάνει
1142 421 1242 480 πᾶσαν
1257 417 1354 482 αἰτίαν
1377 424 1444 483 συλ·

285 515 451 601 λογιστικὴν
464 521 504 604 τῷ
519 515 580 581 ιἰπό
595 522 647 598 τῆς
661 521 748 591 θείας
764 523 880 601 γραφῆς
901 519 1097 603 διδασκαλικςῦ
1114 515 1210 604 λόγῳ,
1242 523 1284 605 τῷ
1293 568 1302 596 ,
1336 518 1447 598 Οῦδείς

287 616 350 685 οίδε
364 617 416 684 τόν
430 616 505 698 υίόν,
521 621 549 683 εί
560 617 602 701 μὴ
616 614 635 685 ό
648 616 756 703 πατὴρ,
776 619 849 685 οῦδέ
861 616 914 684 τόν
926 620 1046 701 πατέρα,
1064 620 1092 682 εί
1104 616 1145 701 μή
1161 615 1180 683 ό
1192 615 1267 698 υίός,
1285 621 1336 685 ιιαί
1352 611 1377 708 ρῦ
1391 619 1447 687 έδν

286 720 478 810 όποιιαλῦψη.
520 716 735 786 Ἀποιιαίῦπτει
753 721 786 786 δέ
802 717 841 787 δι’
856 718 943 806 όγίου
957 719 1123 802 πνεύματος
1139 718 1177 786 οῦ
1192 730 1255 799 τοῖς
1269 718 1360 788 αῦτδν
1377 732 1446 788 συλ-

284 826 502 911 λογιζομένοις,
531 820 601 889 όλλό
622 832 685 900 τοῖς
711 825 752 901 είς
775 821 868 890 αῦτόν
887 827 1014 909 γνησίως
1031 825 1082 888 καί
1097 827 1210 900 τελείως
1227 825 1446 893 πεπιστευκόσι.
1480 870 1483 875 ·

288 931 348 994 Καί
366 925 423 1013 γόρ
437 923 505 992 οῦτε
519 923 555 991 τό
573 930 701 1011 κρίματα
716 926 810 992 αῦιοῦ
823 928 979 1010 έρευνῦγσαι
995 929 1172 1009 δυνηθείης,
1194 925 1265 993 οῦδί
1287 926 1340 1005 τός
1353 925 1448 1007 όδοῦς

286 1029 379 1096 αῦτοῦ
403 1027 587 1111 έξιχνιόσεις,
617 1025 693 1093 ιιατό
718 1025 751 1093 τό
768 1030 984 1113 γεγραμμένον,
1013 1026 1070 1094 νῦν
1094 1053 1125 1094 τε
1142 1033 1235 1115 μυρία
1255 1027 1328 1114 ἡμῖν
1349 1033 1446 1123 λλθης

285 1139 442 1219 φλυαροῦν,
465 1129 589 1198 ἐλεεινόν
611 1127 673 1195 κατ’
695 1131 745 1212 έμδ
767 1129 992 1217 ἀνθρωπάριον.

371 1340 448 1417 Κεφ.
461 1335 627 1417 ’ἳΑετίουη
659 1338 701 1400 Et
715 1333 783 1411 όλος
800 1337 859 1402 έστί
877 1334 1045 1420 γεννητικός
1060 1362 1077 1402 ο
1069 1332 1252 1452 ἀ’γέννητος
1267 1336 1356 1415 θεός,
1385 1336 1444 1406 οῦιι

284 1438 441 1515 οῦσιιοδοις
462 1464 495 1504 το
487 1436 651 1524 γεννηθὲν
666 1437 828 1523 έγεννήθη,
858 1436 927 1520 δίης
943 1436 1066 1523 έχοῦσης
1086 1446 1138 1522 τῆς
1164 1417 1269 1517 οῦσίας
1290 1438 1384 1506 αῦτοῦ
1408 1439 1444 1509 τό

283 1548 404 1629 γεννᾶν,
440 1541 499 1606 Ιοῦ
527 1539 560 1606 τό
587 1547 758 1626 γεννᾶσθαι.
802 1542 846 1606 El
865 1542 897 1607 δέ
919 1550 1219 1624 μετασχηματισθεῑσα
1245 1539 1366 1626 ἦοῦσία
1388 1550 1444 1611 τοῦ

282 1652 361 1711 θεοῦ
376 1645 507 1730 γέννημα
527 1646 651 1729 λέγεται,
681 1640 736 1709 οῦιι
753 1640 987 1727 όμετόβλητος’
967 1671 986 1727 η
1001 1642 1089 1710 οῦσία
1104 1641 1214 1724 αῦτοῦ,
1243 1653 1298 1730 τῆς
1317 1653 1440 1734 μεταβο·

281 1754 336 1830 λῆς
357 1747 578 1831 ’δργαζομένης
598 1744 652 1829 τὴν
676 1749 745 1812 υίοῦ
761 1748 950 1827 ίδιοποίησιν.
998 1749 1037 1811 Et
1048 1747 1081 1812 δλ
1096 1749 1141 1829 είη
1158 1748 1210 1812 ιιαλ
1232 1744 1440 1832 ῦμετόβλητος,

281 1852 333 1916 ιιαί
349 1853 488 1936 γενέσεως
507 1855 645 1931 κρείττων
661 1845 681 1931 ἦ
699 1845 785 1914 οῦσία
801 1856 855 1915 τοῦ
868 1853 960 1929 θεοῦ,
989 1846 1022 1914 τό
1040 1845 1116 1914 ιιατδ
1132 1847 1184 1915 τόν
1198 1847 1266 1916 υίόν
1280 1853 1338 1929 ίοος
1352 1857 1445 1936 ψιλῆς

281 1955 482 2038 προςηγορίας
505 1946 765 2036 δμοίογηθήσεται.

159 2071 267 2135 mm.
364 2053 483 2137 Ἀνατρ.
511 2050 596 2118 Ἔδει
612 2054 664 2137 μέν
677 2046 734 2121 οῦν
749 2050 787 2119 οῦ
801 2054 894 2135 μόνον
905 2054 954 2132 σέ,
985 2050 1090 2135 Ἀέτιε,
1121 2052 1193 2119 ἄλλό
1217 2053 1378 2121 ιιαίπόντα
1396 2059 1440 2121 αί·

282 2153 397 2244 ρετιιιδν
414 2153 486 2239 μετῦ
499 2161 571 2240 μίαν
586 2162 748 2222 νουθεσίαν
763 2165 986 2241 παραιτεῖσθαι,
1020 2152 1062 2231 οἷς
1076 2152 1096 2221 δ
1112 2153 1197 2241 ῦγιος
1215 2158 1267 2222 ιιοί
1282 2155 1378 2238 σοφός
1392 2182 1438 2223 τε·

280 2258 355 2325 λεῦει
371 2258 467 2344 λόγος.
511 2257 772 2340 Αῦτοιιατῦιιριτος
791 2255 847 2342 γδρ
863 2257 1022 2343 τυγχάνεις,
1045 2258 1139 2346 έαυιρῦ
1164 2255 1217 2324 τόν
1236 2257 1358 2343 ὄλεθρον
1374 2261 1431 2324 ίπο

280 2361 436 2444 σπώμενος
449 2363 500 2427 καί
514 2360 581 2444 οῦηί
596 2357 646 2441 ῦφ’
662 2361 764 2442 ίτέρου
779 2357 1022 2447 ἀναγκαζόμενος.
1054 2365 1104 2437 ίίς
1119 2351 1176 2426 οῦν
1190 2361 1296 2444 έλιησει
1305 2357 1357 2426 τόν
1367 2360 1434 2424 ίαν·

279 2473 321 2553 τῷ
343 2462 489 2549 πονηρόν,
520 2465 572 2528 καί
597 2460 698 2528 οῦδενί
722 2460 865 2548 δόγαθδν
881 2462 1076 2548 τυγχάνοντας
1115 2460 1192 2528 Ἀλλ’
1207 2465 1255 2528 ίνιι
1268 2459 1308 2546 μη
1325 2457 1371 2542 έφ’
1388 2456 1435 2538 οίς

280 2565 460 2650 έβλόστησας
474 2573 515 2655 τῷ
532 2565 635 2656 ιιόσμρο
655 2574 758 2642 ιταιιοῖς
774 2568 807 2632 έν
824 2571 936 2653 σεαυτῷ
960 2567 1034 2647 έχων
1057 2560 1279 2648 ῦπολαμβόνοις
1306 2561 1349 2640 εἷς
1369 2564 1438 2650 περί

279 2669 413 2755 μεγόλοον
425 2670 476 2734 ιιαλ
492 2668 670 2747 όιντιθέτοιν,
702 2670 895 2751 ἐπιμενοῦμεν
910 2669 960 2732 ιιαί
977 2666 1064 2733 αῦτοί
1087 2664 1158 2750 μετδ
1178 2671 1439 2756 ματροθυμίσςτῇ

279 2770 409 2860 διστόμῳ
434 2776 578 2860 μαχαίρᾳ,
607 2779 662 2836 τοῦ
677 2777 808 2855 Χριστοῦ
829 2768 922 2859 λόγιμ,
953 2771 1140 2852 έιιτέμνοντές
1155 2791 1210 2834 σου
1228 2767 1282 2846 τός
1298 2766 1438 2835 ιῖιιανθιό-

279 2877 339 2948 δεις
354 2876 452 2957 ῥίζας,
485 2875 518 2939 έν
533 2882 570 2964 τῇ
586 2872 764 2963 ῦγιαινοῦσῃ
778 2871 854 2957 πρός
875 2870 949 2938 θεόν
965 2876 1057 2960 τείείγ
1074 2874 1124 2936 καί
1139 2869 1269 2963 οἷληθινῇ
1286 2869 1437 2962 όμολυγίφ.

279 2975 363 3053 Δόξα
384 2975 439 3060 γόρ
461 2983 503 3066 τῷ
520 2977 653 3059 έλεήμονι
678 2983 720 3064 τῷ
742 2974 915 3059 φοορόσαντί
937 2997 970 3040 σε
990 2972 1095 3050 όποῖος
1116 2971 1159 3055 εί,
1187 2972 1243 3058 τὴν
1264 2982 1318 3041 τοῦ
1335 2972 1439 3041 ’ίοῦδα

280 3079 392 3160 ίπέγοιν
408 3078 505 3159 τόξιν,
534 3084 588 3145 τοῦ
604 3077 658 3144 σῦν
673 3087 735 3154 τοῖς
753 3085 902 3161 μαθηταῖς
917 3077 970 3158 μέν
985 3074 1224 3160 όριθμηθέντος,
1255 3075 1438 3161 όφορισθέν·

279 3207 331 3257 τος
346 3181 394 3259 δέ,
416 3177 454 3248 ου’
471 3187 601 3267 Χριστοῦ
614 3184 730 3265 ἔχοντος
747 3178 800 3246 τόν
814 3188 901 3262 νοῦν,
930 3177 988 3244 ἄλλ’
1002 3181 1035 3245 έιι
1051 3186 1106 3244 τοῦ
1120 3185 1243 3245 Σατανᾶ
1257 3176 1435 3262 ῦποδεξαμέ·

276 3312 334 3351 νου
356 3283 411 3367 τήν
431 3281 509 3370 πρός
530 3283 581 3350 τόν
601 3282 747 3366 δεσπότην
769 3280 863 3348 αῦτοῦ
885 3284 1123 3367 έπαρνησιθείαν.
1182 3287 1259 3371 Ψιλῇ
1285 3279 1342 3367 γδρ
1363 3282 1434 3358 λέξει

280 3384 475 3474 οόμολόγησας
497 3385 548 3452 τόν
573 3384 640 3452 υἱόν
664 3390 719 3451 τοῦ
747 3391 821 3451 θεοῦ
845 3386 919 3469 ἔχειν
945 3387 977 3450 δν
998 3391 1035 3474 τῇ
1057 3388 1182 3472 διανοίᾳ.
1227 3385 1287 3447 Καί
1309 3387 1355 3459 τίς
1375 3384 1435 3449 έστι

277 3495 360 3574 χρεία
376 3492 445 3573 περὶ
462 3496 513 3574 τῆς
529 3486 605 3574 πρός
624 3489 655 3553 σέ
669 3494 785 3567 λαλιᾶς,
815 3482 904 3553 όπότε
923 3484 1113 3553 παντάπασιν
1129 3484 1280 3572 όλίότριος
1296 3491 1437 3572 Χριστια-

278 3599 341 3658 νῦν
359 3588 514 3677 ῦπόρχεις,
543 3597 709 3673 προφητῶν
728 3614 759 3655 τε
774 3590 824 3655 καί
847 3586 1018 3655 ιίποσεόλοιν
1038 3591 1089 3655 ιιαλ
1107 3588 1332 3675 εῦαγγελιστοῦν,
1362 3612 1437 3672 μορ·

278 3693 376 3778 τῦροον
390 3719 419 3760 τε
437 3697 487 3759 καί
502 3692 621 3759 πόντων
634 3701 694 3757 τῶν
709 3689 818 3778 όγίων,
848 3699 907 3760 τοῦν
929 3693 1039 3775 έλέγξαι
1061 3712 1092 3758 σε
1116 3694 1158 3768 είς
1176 3689 1290 3778 ἡμέραν
1312 3695 1436 3777 ιιρίσειος

278 3797 402 3881 έτοίμοος
416 3796 557 3879 έχόντοον,
584 3794 630 3862 ότι
644 3793 709 3878 όηρι
726 3793 862 3860 θανάτου
884 3793 1106 3880 στρεβλούμενοι
1127 3791 1305 3878 ῦπέμειναν,
1334 3815 1434 3875 μαστι·

278 3898 410 3982 ξόμενοι,
433 3897 581 3981 ξεόμενοι,
609 3900 702 3983 θηρσί
720 3899 772 3963 καί
786 3899 859 3981 πυρί
875 3901 1132 3981 παραβληθέντες,
1161 3898 1214 3963 ιιαί
1230 3895 1315 3984 φόνιμ
1331 3897 1431 3979 μυχοί·

276 4027 346 4085 ρας,
376 4004 427 4067 ἰ’να
444 4001 511 4067 υίόν
526 4007 602 4066 θεοῦ
622 3998 708 4080 ὅντα,
738 4002 789 4065 ιταί
806 4001 837 4076 ίξ
851 3997 945 4065 αῦτοῦ
965 3997 1117 4082 όληθινῦς
1134 4001 1361 4085 γεγεννημένον,
1391 3993 1432 4080 μὴ

276 4099 462 4187 όρνησονται.
507 4102 682 4187 Γεννητιιιός
697 4100 753 4188 γόρ
769 4098 787 4168 o‘
801 4099 898 4184 πατὴρ
916 4100 1011 4183 μόνον
1024 4109 1218 4187 μονογενοῦς,
1239 4102 1290 4166 ιιαί
1305 4097 1360 4184 οῦχ
1374 4099 1432 4166 έτέ·

276 4231 332 4289 ρου
349 4203 428 4283 τινός
442 4209 486 4273 δτι
502 4205 574 4289 μετοί
591 4204 643 4272 τόν
659 4207 728 4284 ἕνα,
757 4206 809 4270 οιαὶ
825 4199 1042 4288 α’νομβρητιιιός
1064 4204 1231 4288 πνεῦματος
1245 4200 1350 4288 όγίου,
1383 4202 1434 4269 ιιαλ

275 4305 331 4392 οῦη
354 4309 455 4395 έτέρου
478 4309 662 4393 πνεύματος,
689 4304 808 4390 ιιτιστης
822 4307 855 4372 δέ
872 4309 921 4372 ιιαί
945 4306 1071 4390 ποιητὴς
1087 4313 1148 4373 τιῦν
1169 4303 1219 4372 ῦπ’
1237 4304 1333 4372 αῦτοῦ
1349 4330 1433 4392 γενο·

311 4446 335 4498 1.
352 4450 432 4515 svm
449 4443 504 4504 ἀλλ’
520 4443 560 4504 οῦ.
905 4445 931 4498 2.
948 4443 1125 4514 ίργαοαγιίνης
1141 4461 1221 4511 nuptu.
