3096 5070
184 297 228 360 46
613 308 737 361 emen
755 308 925 361 mmm}

188 422 245 499 (δν,
276 421 319 502 τίς
333 424 435 505 θεός,
463 428 515 492 καί
545 420 587 500 σός
614 423 735 508 ἤμελλεν
761 428 882 502 ἕκαστος
903 423 965 492 ιίπό
993 432 1046 509 τής
1074 424 1217 512 οίληθείας
1239 428 1348 498 ίαυτόν

189 526 353 609 ἐκβάλλειν,
384 531 462 613 ίλεγε
490 525 567 610 πρός
587 526 658 604 τοδς
678 525 858 608 Ἰουδαίους,
891 527 988 595 Οόδίν
1016 528 1070 611 α’φ’
1099 533 1208 597 ίαυτοῦ
1229 530 1348 600 ποιεῑό

187 630 270 710 υίός,
293 629 346 697 ἐόν
365 627 407 713 μή
431 633 481 720 ίδη
503 629 555 696 τόν
575 631 689 717 πατίρα
710 639 861 697 ποιοῦντα.
908 634 968 696 Καί
991 633 1046 715 οὐχ
1068 631 1115 698 ότι
1136 642 1256 718 πρῶτον
1277 631 1347 725 δρᾷ,

188 734 287 798 δπειτα
307 732 446 818 πρόττει,
468 731 541 799 όλλό
562 731 661 798 πόντα
682 736 715 799 ἕν
735 736 830 824 ἑαυτῷ
851 737 923 818 ἔχει,
945 737 995 800 καί
1017 735 1139 822 πρόετει
1160 734 1181 802 δ
1202 738 1346 820 βούλεται.

148 952 164 1009 ’,
278 945 353 1015 Παίς
371 931 427 1005 οὖν
443 945 536 1004 ταῦτα
553 941 645 1017 ἔσται,
675 931 699 1004 ιδ
725 944 868 1019 Φατεινίς
897 939 983 1023 ήτίς
1004 940 1022 1007 ό
1044 943 1076 1008 ίν
1096 944 1145 1007 σοὶ
1165 943 1255 1008 πόλιν
1275 940 1349 1026 ήμίν

129 1054 132 1068 ’
188 1040 426 1126 προβαλλόμενος
445 1048 533 1107 τοῦτο
555 1041 588 1108 τό
619 1039 760 1120 ζιζόνιονς
790 1047 834 1119 τίς
855 1038 873 1108 ό
893 1042 928 1109 τό
951 1043 1128 1128 δηλητήριον
1148 1053 1236 1112 τοῦτο
1258 1072 1348 1112 κατα·

187 1144 333 1220 σκευάσας
353 1151 395 1233 τῷ
416 1148 488 1234 βίρις
509 1145 608 1210 πόθεν
629 1142 661 1210 τό
685 1145 818 1230 πονηρόν
839 1166 886 1211 σοι
901 1149 1101 1229 ίνθυμείσθαι
1122 1147 1198 1213 κατό
1219 1155 1273 1214 τοῦ
1294 1175 1347 1214 κν·

186 1251 254 1328 ρίου
275 1269 331 1314 σου
348 1246 526 1329 βλάσφημον
546 1251 648 1330 λαβεῖν
668 1244 829 1326 όπόνοιανς
871 1248 937 1314 Οὐκ
953 1251 1050 1314 ίπεισί
1070 1271 1103 1315 σε
1116 1247 1262 1334 Ἅβραοίμ,
1285 1249 1344 1333 φό-

185 1371 267 1417 σκαν
287 1349 365 1434 πρός
385 1347 477 1415 αότόν
498 1353 547 1415 καί
569 1352 675 1435 λίγυν,
702 1347 736 1415 ‘0
756 1355 867 1435 κρίνων
879 1358 977 1416 πᾶσαν
997 1350 1053 1435 τήν
1074 1360 1130 1438 γῆν
1151 1353 1189 1419 οὐ
1211 1352 1347 1436 ποιήσεις

185 1458 299 1538 κρίσινς
319 1451 490 1538 Ἐλίγχθητι
504 1452 560 1539 γόρ
579 1448 622 1528 ιός
634 1449 703 1536 παρ’
719 1450 801 1541 αὐτῷ
823 1451 841 1518 ό
862 1452 929 1530 υίός
946 1457 1130 1537 ίπεδήμησε,
1152 1456 1204 1521 καὶ
1221 1453 1258 1521 οό
1272 1481 1346 1542 προ-

187 1555 270 1640 φορό
292 1582 336 1631 τις
358 1554 415 1633 όν,
447 1550 506 1620 ἄλλ’
528 1555 744 1632 ἒνυπόσταστος
764 1555 837 1633 θεός
857 1555 952 1643 λόγος.
997 1559 1058 1622 Καί
1076 1557 1160 1635 όπως
1181 1551 1345 1647 γνρίης,ό

187 1657 364 1740 ἕθελόσοφε,
395 1657 427 1724 τό
451 1659 544 1742 πίρας
566 1666 626 1724 τῶν
648 1661 677 1724 ίν
695 1659 786 1748 ταότη
807 1666 843 1748 τῇ
860 1656 1005 1725 όποθίσει
1024 1663 1340 1746 πεπραγματευμένον,

25 1839 33 1851 .
187 1758 229 1838 οἷς
255 1764 287 1828 δν
307 1768 344 1851 τῇ
370 1765 441 1849 θείη
461 1769 563 1852 γραφη
585 1761 873 1846 ίπισφραγισόμενος
898 1759 932 1828 τό
958 1765 1067 1828 τέλειον
1084 1760 1153 1845 ήμίν
1168 1761 1338 1847 ιίπεφήναεσ

58 1883 166 1940 nm
187 1863 314 1946 φόσκαν
326 1863 388 1942 ότι,
402 1862 524 1949 Ἕβρεξι
539 1864 643 1950 κύριος
664 1861 712 1930 ἄπ’
734 1861 867 1950 οόρανοῦ
889 1872 951 1948 πῦρ
972 1866 1024 1930 καί
1043 1874 1130 1931 θεῖον
1151 1869 1200 1933 ἒπλ
1220 1867 1341 1949 Σόδερε

184 1969 237 2033 καί
260 1966 401 2051 Γόμορρα
420 1965 503 2049 παρδ
530 1972 653 2047 κυρίου,
685 1970 737 2032 καὶ
764 1966 823 2033 οὐκ
852 1963 950 2044 εἶπεν,
980 1965 1014 2033 Ὁ
1036 1968 1123 2054 λόγος
1148 1975 1202 2035 τοῦ
1225 1973 1342 2055 κυρίου,
1387 2038 1392 2044 ,

187 2067 276 2150 ιἰλλδ,
306 2068 422 2152 Κόριος
439 2068 520 2155 παραί
536 2075 657 2156 κυρίου·
681 2066 722 2146 οἱς
738 2070 789 2135 καί
806 2071 905 2152 Δαβλδ
920 2071 1009 2156 λέγει,
1033 2067 1130 2137 Είπεν
1148 2069 1166 2138 ό
1183 2071 1287 2158 κόριος
1303 2077 1345 2161 ¹³3

184 2178 279 2262 κυρίην
303 2198 377 2254 μου,
408 2174 457 2238 καί
479 2176 529 2238 ίνα
556 2171 685 2239 1ότιοιί
710 2170 782 2254 μετό
804 2170 859 2253 τήν
879 2174 1026 2258 ίνσαρκον
1046 2179 1214 2257 παρουσίαν
1236 2171 1255 2240 ό
1277 2172 1345 2251 υίδς

186 2275 280 2360 μόνον
295 2273 456 2362 εόρίσκεται
473 2280 631 2360 διηγεῖται,
652 2276 704 2340 καί
727 2277 791 2360 περί
814 2282 867 2357 τῆς
888 2272 939 2340 ἀπ’
959 2273 1053 2360 α’ρχῆς
1070 2276 1127 2355 ότι,
1145 2277 1200 2342 Ἐκ
1217 2273 1345 2363 γαστρός
1420 2294 1423 2298 ’

186 2378 245 2459 πρό
260 2375 435 2460 Ἐοιςφόρου
453 2377 594 2465 ίγίννησό
609 2400 649 2443 σε.
695 2379 756 2442 Καί
781 2379 918 2461 περὶτοῦ
936 2375 1023 2463 όγίου
1041 2378 1220 2461 πνεόματος,
1251 2371 1344 2446 ιδπε-

186 2481 348 2567 ριττολόγε,
369 2484 420 2547 καί
438 2484 470 2547 δν
486 2478 591 2567 ιίργοῐς
605 2481 657 2546 καί
671 2481 835 2566 περιέργοις
854 2480 1019 2562 ταττόμενε,
1043 2479 1143 2557 οόδείς
1160 2485 1271 2560 δέξεταί
1285 2505 1345 2549 σου

185 2582 237 2650 τόν
254 2583 349 2670 λόγον.
396 2582 472 2649 Οότε
496 2581 552 2669 γδρ
572 2582 736 2666 μειζότερον
758 2581 791 2648 τό
810 2590 940 2665 πνεῦμα,
973 2581 1041 2649 οὔτε
1057 2582 1240 2668 μικρότερον.
1290 2590 1344 2662 Τίς

185 2685 242 2773 γόρ
258 2693 351 2752 ταῦτα
366 2685 531 2770 ἒξεζήτησε,
560 2687 668 2768 φησίν,
697 2687 730 2751 ἐκ
752 2691 812 2751 τῶν
830 2693 936 2771 χειρῶν
953 2683 1055 2768 όμοδνς
1083 2685 1205 2771 Ἐλίγχει
1226 2709 1259 2753 σε
1273 2685 1346 2755 δδό

186 2786 277 2866 αότός
291 2787 376 2875 ἅγιος
395 2787 500 2875 λόγος,
530 2785 572 2865 οίς
588 2786 699 2869 φόσκει
714 2785 818 2872 κόριος
834 2791 901 2873 περί
919 2796 972 2854 τοῦ
990 2787 1156 2871 πνεόματος
1172 2799 1225 2856 τοῦ
1241 2787 1342 2876 όγίον·

185 2995 440 3080 ίκπορευιίμεναν,
462 2995 513 3059 καλ
533 3000 589 3059 τοῦ
610 2994 685 3075 ίμοῦ
704 2993 838 3076 λήψεται.

116 3476 123 3490 ,
151 3434 167 3489 ⁴,
272 3409 334 3475 Καί
358 3405 451 3474 πόσαι
473 3405 555 3474 όλλαι
580 3405 757 3494 τυγχόνουσι
782 3411 954 3493 μαρτυρίαις
984 3406 1085 3490 ίπειδή
1101 3406 1134 3473 δδ
1156 3417 1249 3474 πᾶσιν
1269 3405 1345 3494 ήσή

120 3584 126 3605 1
185 3515 327 3598 ίρεσχελία
352 3511 442 3596 δῆλός
464 3515 525 3578 ἐστι
541 3511 655 3594 πλόνης
671 3503 748 3577 οὖσα
769 3512 820 3575 καί
843 3508 899 3576 οιίκ
921 3510 1071 3593 ἀληθείας.
1124 3510 1345 3594 Φοιραθήεεται

184 3617 217 3681 δδ
233 3613 270 3681 οό
287 3615 382 3700 μόνον
396 3613 456 3681 όπό
473 3623 611 3695 συνετῶν,
635 3612 706 3679 α’λλό
721 3615 771 3678 καί
790 3611 850 3678 όπό
864 3621 923 3678 τῶν
938 3613 1044 3698 όλίγων
1058 3641 1086 3678 τι
1102 3622 1155 3697 τῆς
1174 3621 1260 3691 θείας
1274 3639 1344 3700 γρα·

186 3727 248 3801 φῆς
261 3717 317 3801 τήν
335 3716 531 3784 είκολουθείαν
545 3714 818 3803 ίπιγινιοσκόντοιν,
841 3711 879 3780 δι’
893 3714 932 3799 ήν
947 3712 1003 3782 οόκ
1022 3717 1256 3800 ίπιδεηθήσομαι
1272 3725 1343 3784 πσλ-

185 3827 244 3887 λιδν
266 3819 460 3906 ιμαρτόρεον,
480 3819 503 3904 ή
518 3827 627 3902 πολλῆς
643 3815 831 3902 όνατροπῆς·
854 3815 1003 3884 εόόλατον
1019 3817 1075 3904 γόρ
1091 3843 1147 3885 σου
1161 3819 1194 3886 τό
1213 3819 1344 3906 διήγημα

185 3924 236 3989 καί
258 3920 280 4005 ή
301 3929 485 3990 κακοπιστία.
530 3921 587 3987 Διό
606 3917 737 4000 όρκετῶς
759 3923 859 4005 ’ἔχειν
877 3921 912 3987 ταί
932 3919 1009 4008 πρός
1025 3923 1057 3986 σί
1079 3925 1233 4006 είρημίνα,
1267 3919 1343 4003 3είς,

184 4021 245 4092 όπό
269 4033 324 4111 γῆς
337 4024 549 4107 ἇναφόσαντος
569 4020 724 4090 κνοιδόλου
747 4020 885 4092 4ότόνου
903 4051 935 4091 τε
950 4026 1000 4090 καί
1017 4022 1189 4107 οἷδανόμου,
1213 4031 1255 4114 τῷ
1270 4027 1344 4090 ποδί

136 4215 139 4221 .
185 4135 239 4194 τοῦ
252 4126 345 4215 λόγου
361 4134 527 4213 συντρίψας
548 4128 599 4192 καί
615 4134 652 4216 τῇ
667 4133 720 4193 τοῦ
736 4133 813 4192 θεοῦ
831 4126 922 4212 λόγου
937 4125 1080 4216 οίληθείηι,
1113 4125 1195 4210 ήοός
1211 4130 1343 4214 ἕλμιγγα,

219 4336 359 4391 Βιν.ν.-
381 4337 400 4384 1.
420 4338 530 4386 Patavina
543 4337 610 4405 γνῷς
624 4339 748 4386 desiderat,
782 4341 883 4398 ειεετηυε.
911 4337 1042 4402 μαρτυρῶν
1055 4338 1092 4387 ιδ.
1105 4339 1181 4399 μήτε.
1200 4337 1343 4402 μαρτυριῶν

182 4407 231 4458 διδ
240 4406 387 4466 nimam,
400 4401 468 4455 τίίνα
482 4405 686 4466 immutabimur
699 4403 747 4454 ubi.
782 4404 818 4453 εδ
836 4406 916 4454 Ρείαυ.

217 4474 276 4524 Gn.
291 4472 333 4526 w.
349 4500 382 4511 -
419 4473 440 4523 1.
458 4468 590 4539 μαρτύριον
604 4473 672 4523 codd.
689 4486 745 4523 πει.
814 4472 839 4523 2.
857 4473 922 4523 Libri
936 4474 1020 4525 λαλειιι
1037 4471 1109 4542 ἔχειν.
