3096 5070
444 307 582 361 nassau
600 306 665 359 nra.
678 308 722 360 ur.
739 308 822 361 nom.
835 309 854 358 t.
872 307 973 360 usus.
985 308 1093 360 cxxv.
1283 300 1344 364 t'tt

195 424 542 506 consubstantialitatem,
565 428 596 490 in
612 427 742 513 perlecta
758 426 834 506 tria,
858 427 911 492 sed
927 448 1015 492 nnana
1032 426 1232 508 divinitatem,
1258 451 1345 496 unam

194 527 401 607 substantiam,
426 549 513 592 unam
532 529 673 614 gloriam,
697 529 923 594 dominationem
939 550 1044 607 naam,
1075 531 1150 614 quod
1167 550 1220 594 eae
1241 552 1344 614 voces,

195 634 355 706 Cmdcmus,
388 641 418 692 et
440 633 603 706 Credam,
636 641 666 692 et
689 635 834 693 eredimus
854 631 1016 695 declarant.
1080 631 1128 694 lis
1152 652 1210 715 quo
1232 632 1348 698 illorum

193 735 360 799 mutuatur
374 732 481 815 oratio.
527 729 605 816 Quid
622 743 719 797 antem
738 733 767 797 in
783 753 818 797 ea
833 753 896 798 snm
909 732 1103 819 disputatione
1118 733 1251 819 longior,
1283 755 1349 798 oum

193 856 269 921 quse
285 836 429 901 adversus
443 837 519 900 istos
533 834 683 919 hucusque
700 835 862 899 dictasunt
882 833 1017 899 ueritatis
1032 835 1172 901 studiosis
1188 835 1261 900 satis
1282 854 1350 900 esse

192 960 252 1004 aon
271 940 421 1004 dubiteml
463 934 611 1023 Quocirca
627 938 747 1002 missam
766 947 798 1001 et
813 936 888 1001 hano
905 936 1050 1001 haeresim
1068 939 1193 1018 faciam,
1217 948 1248 1002 et
1263 938 1349 1002 deum

192 1041 354 1127 pcecahnr,
377 1050 410 1105 ut
425 1040 460 1103 ud
480 1060 581 1104 omnes
596 1039 739 1104 eiusmodi
755 1039 953 1126 profligandos
967 1060 1052 1125 opem
1068 1040 1154 1104 nohis
1170 1039 1293 1119 all'erat,
1317 1049 1350 1102 nt

192 1142 271 1207 illins
295 1143 405 1206 virtute
428 1140 495 1205 lreti
517 1141 592 1226 quod
610 1139 793 1228 suscepimus
816 1141 941 1226 exequi,
976 1151 1008 1206 et
1028 1142 1059 1206 iu
1082 1142 1217 1207 omnihus
1238 1140 1349 1226 gratias

193 1243 302 1309 hahere
324 1245 482 1330 possimus.

244 1416 495 1493 ADVERSUS
522 1413 718 1492 tumult
769 1415 929 1492 Haesesis
948 1414 1036 1510 LV,
1059 1419 1133 1494 sive
1154 1415 1296 1493 LXXV.

275 1548 386 1615 Attritis
409 1551 524 1635 quidam
548 1550 660 1636 ingenti
682 1548 803 1635 perinde
826 1550 931 1614 damno
951 1551 981 1615 in
1001 1551 1138 1615 mundum
1157 1552 1341 1616 introductus
1370 1555 1432 1625 cap.
1450 1558 1469 1608 Ι.

192 1664 255 1731 est,
287 1652 370 1717 luriis
391 1653 561 1738 quibusdam
588 1652 735 1738 percitus,
768 1663 799 1715 et
823 1653 980 1718 insolentia
1003 1653 1142 1718 nraiorem
1171 1653 1342 1718 iuuandum

191 1755 295 1820 elatus.
340 1752 457 1819 Etenim
480 1755 612 1820 haeresis
634 1753 731 1818 omnis
758 1754 887 1839 pessimo
916 1775 957 1818 ex
984 1776 1086 1820 eorum
1117 1756 1166 1840 qui
1196 1755 1233 1819 ab
1261 1755 1346 1821 initio

191 1876 282 1943 usque
307 1858 344 1921 ad
359 1858 445 1920 linem
463 1857 626 1921 extiterunt
639 1856 763 1920 oonsilio
779 1858 927 1940 prolectas
944 1868 1030 1937 sunt,
1061 1858 1125 1921 sive
1144 1857 1211 1922 illos
1232 1858 1345 1943 gloriae

191 1959 345 2044 cupiditas,
368 1970 418 2023 ant
431 1959 613 2042 arrogantia,
636 1958 700 2023 sive
713 1958 894 2045 voluptatum
909 1959 1009 2038 libido,
1029 1960 1094 2025 sive
1110 1960 1232 2025 aliorum
1247 1981 1346 2024 acmu-

190 2061 278 2141 latio,
309 2059 374 2124 sive
396 2061 552 2124 commotio
569 2060 710 2145 quaedam
729 2061 834 2140 aninii,
864 2072 916 2125 arat
939 2062 1089 2125 temeritas
1112 2062 1270 2147 impulerit.
1316 2062 1344 2126 Α

190 2162 307 2227 diaholo
328 2183 416 2248 porro
439 2162 534 2226 omnis
551 2161 600 2225 illa
615 2172 661 2226 est
677 2162 785 2227 inlliota
803 2164 950 2244 caecitas3
982 2184 1041 2227 noa
1060 2165 1135 2249 quod
1154 2163 1201 2226 hio
1221 2164 1344 2228 invitum

188 2284 225 2329 sc
240 2265 388 2328 nolentem
404 2264 541 2349 decipere
554 2264 717 2350 quempiam
733 2265 836 2350 possit,
859 2266 910 2330 sed
924 2266 1001 2350 quod
1017 2264 1216 2350 unusquisque
1233 2265 1345 2352 peccati

189 2367 244 2432 sihi
267 2385 374 2431 caussa
390 2376 476 2450 atque
494 2376 599 2431 auctor
613 2366 671 2445 sit,
703 2379 737 2429 ut
750 2373 803 2450 qui
818 2370 937 2450 pacton·
953 2379 1036 2442 suut,
1068 2367 1179 2453 inquit,
1203 2371 1348 2450 manifesti
1370 2373 1393 2469 ¹¹¹·
1408 2370 1461 2469 ‘pgr-

187 2474 353 2534 munem.
400 2468 510 2532 Atrius
534 2470 590 2533 iste
606 2490 678 2534 ceco
694 2470 739 2551 pd
758 2470 929 2534 hodiernum
945 2490 1037 2556 usque
1055 2479 1168 2555 tempus
1185 2481 1341 2554 superestq
1395 2455 1402 2479 ’
1440 2455 1446 2468 ’

188 2582 291 2657 estque
310 2582 392 2636 secte
406 2570 523 2656 penitus
538 2571 680 2636 Arianos.
725 2569 832 2657 Neque
854 2572 933 2637 euim
955 2572 1042 2636 aliter
1060 2583 1148 2657 atque
1167 2571 1224 2636 iste
1240 2571 1343 2651 scutit,

187 2674 248 2738 imo
265 2673 352 2737 etiem
368 2670 473 2738 Arium
489 2673 583 2759 ipsum
599 2674 767 2758 dogmatum
785 2674 917 2739 novitate
935 2675 1098 2760 superauit.
1144 2671 1224 2758 Quin
1243 2672 1297 2736 hae
1314 2673 1345 2736 in

188 2784 272 2860 parte
288 2775 415 2860 linguam
433 2796 515 2840 suem
531 2775 720 2862 procudisse,
752 2778 831 2841 etad
846 2777 999 2841 dicendum
1015 2785 1165 2863 promptus
1182 2795 1250 2841 esse
1263 2775 1345 2840 vide·

190 2886 254 2954 tur,
285 2886 318 2940 nt
332 2878 518 2963 deceptorum
535 2879 682 2943 homiuum
699 2878 880 2957 exercitum,
914 2898 1073 2963 eorumque
1092 2878 1197 2963 quihus
1212 2890 1242 2941 et
1257 2899 1342 2940 umes
1353 2889 1495 2950 sumes.

185 2982 324 3060 prmius!
338 2988 369 3043 et
384 2980 499 3044 animus
513 2982 643 3045 sanitate
661 2981 887 3066 arrogantisque
904 2982 1050 3045 distentus
1065 2992 1111 3045 est
1130 2981 1344 3047 multitudinem
1436 2986 1439 2991 '

189 3079 226 3144 ad
245 3099 314 3145 sese
327 3081 462 3166 pelliciat.
507 3079 624 3147 Etenim
640 3103 778 3167 magnum
796 3092 827 3147 et
846 3083 896 3146 ille
913 3103 1028 3168 quoqne
1046 3104 1188 3168 nugarum
1207 3104 1242 3148 ac
1260 3083 1343 3148 laha·

188 3182 282 3248 larum
298 3183 409 3268 copiam
424 3184 454 3247 in
466 3183 621 3250 humanum
633 3206 727 3271 genus
741 3184 868 3249 invexit.
914 3182 1000 3269 Quae
1017 3184 1132 3250 temetsi
1145 3186 1342 3271 prudentiori·

189 3284 244 3350 hus
267 3283 389 3349 ridicula
412 3285 563 3367 videatur,
595 3287 782 3352 nihilominus
800 3287 947 3373 plerisque
965 3308 1018 3372 per
1030 3286 1109 3350 illam
1127 3287 1282 3372 imposuit,
1312 3298 1344 3351 et

189 3388 220 3451 in
238 3407 369 3451 errorem
383 3387 517 3452 abduxit.
563 3385 631 3452 Fuit
645 3388 692 3453 hic
709 3387 857 3453 Eustatlrii
874 3387 1029 3454 Sebastiae
1045 3389 1175 3475 episcopi
1191 3390 1343 3474 (quaeest

188 3489 219 3552 in
237 3485 324 3553 Ponti
347 3490 468 3575 regione
485 3490 549 3554 eive
565 3490 687 3555 minoris
705 3490 882 3574 Armeniae)
901 3492 1021 3556 sodalis.
1066 3489 1164 3555 Ambo
1184 3492 1261 3555 enim
1280 3509 1342 3554 mo·

189 3590 332 3655 nauticum
348 3592 427 3655 vitae
443 3611 536 3675 genus
549 3592 677 3678 amplexi
694 3601 773 3657 sunt.
819 3589 894 3658 Cum
909 3605 1005 3659 uatem
1022 3591 1196 3658 Eustathius
1220 3592 1256 3656 ad
1282 3591 1344 3676 epi·

189 3703 342 3778 scopatum
356 3703 438 3757 esset
453 3702 590 3772 euectus,
615 3693 743 3771 Ae‘rius,
767 3694 822 3758 etsi
839 3695 866 3758 id
888 3715 1066 3782 magnopere
1082 3703 1222 3780 cuperet,
1246 3713 1283 3757 eo
1299 3702 1343 3757 ta·

189 3815 257 3860 men
275 3795 430 3880 pervenire
454 3814 512 3857 nnn
535 3794 639 3879 potuit.
685 3791 763 3858 llinc
784 3796 916 3860 simultas
932 3817 973 3862 ex
991 3796 1187 3862 aemulatione
1203 3796 1339 3860 conlata.

188 3894 231 3962 Et
253 3897 369 3982 quidem
393 3893 565 3960 Eustathius
588 3895 681 3959 Atrio
704 3894 856 3980 plurimam
882 3897 1034 3985 indulgere
1059 3909 1090 3962 et
1115 3897 1247 3961 addictus
1274 3917 1342 3962 esse

165 4054 167 4057 .
189 4000 271 4065 visus
287 4010 346 4064 est.
387 3996 466 4063 Nam
482 4007 512 4061 et
530 3996 734 4083 presbyteram
751 3996 828 4061 hune
841 4009 942 4082 postea
960 4001 1084 4079 amavit,
1108 4010 1140 4063 et
1151 3998 1341 4080 xenodochii,

190 4103 265 4188 quod
284 4100 535 4189 ptochotrophium
557 4102 587 4164 iu
604 4097 700 4163 Ponto
718 4110 858 4178 vocatur,
889 4121 988 4165 oureus
1006 4102 1034 4166 ei
1051 4099 1207 4165 commisit.
1253 4098 1342 4165 Eius·

190 4204 267 4268 modi
284 4205 388 4292 quippe
403 4201 549 4267 domicilin
564 4221 635 4289 prae
652 4222 752 4267 amore
768 4223 839 4287 erga
856 4201 986 4286 hospites
1003 4204 1040 4267 ah
1057 4202 1248 4269 ecclesiscnm
1267 4203 1343 4268 auti·

190 4305 307 4371 stitihus
322 4305 449 4372 excitari
462 4305 576 4386 solent,
606 4305 636 4369 in
653 4303 756 4391 quihus
774 4306 922 4369 mutilatas
944 4317 974 4368 et
996 4303 1158 4371 irnhccillos
1184 4306 1341 4386 collocent,

190 4405 286 4494 iisque
306 4408 343 4473 sd
363 4409 472 4474 victum
495 4407 664 4474 necessaria
686 4428 739 4493 pro
760 4408 838 4474 virili
859 4407 1057 4494 suppeditent.

190 4545 305 4607 must
327 4547 430 4610 duona,
460 4549 549 4598 mino
573 4550 627 4598 sust
650 4543 677 4597 in
699 4545 750 4596 cod.
767 4545 863 4609 Mc.

242 4624 550 4684 &mummulus
1102 4636 1141 4701 ¹2
