3096 5070
172 268 232 330 174
596 280 718 333 amer!
737 281 907 334 nmmum

168 404 247 462 λειον
261 403 315 479 τῆς
336 392 519 475 ἀποφάσεως
545 395 675 479 ίγοάσης.
723 395 811 463 Ου”τοο
834 424 883 479 μοι
911 400 961 463 ταί
979 399 1048 484 περί
1063 397 1245 482 πνεάματος,
1274 402 1327 467 ταί

168 501 252 579 υἰοῦ,
273 500 321 564 ιιαί
338 495 450 579 πατρδς
463 495 519 580 τὴν
534 503 606 579 μίαν
620 507 728 584 γνῶσιν
742 502 794 565 ιιαλ
807 496 863 581 την
878 504 1066 585 προγνοοσίαν
1082 502 1327 601 σαφοῖςιίχοάσης

168 609 223 686 τῆς
242 597 328 687 άγίας
348 598 468 684 τριάδος
488 597 544 682 την
564 599 728 685 εελειδεητά
749 627 780 668 τε
802 604 852 667 καί
875 600 1045 686 ταυτότητά.

30 811 151 882 Im&
254 808 317 871 Καί
337 801 481 889 άμάθητα
503 807 563 871 έστι
584 807 653 889 περί
676 803 791 872 τοάτοιν
814 807 922 891 λέγειν,
952 809 1003 873 παὶ
1020 804 1080 874 άπδ
1101 814 1190 887 θείας
1206 816 1329 896 γραφῆς

167 906 258 996 ὄγκον
277 915 448 993 μαρτυριῶν
470 909 587 991 φέρειν,
614 910 667 973 καί
688 910 731 984 εἰς
745 906 855 984 πλάτος
872 907 1080 992 έπιμηιιάνειν,
1112 917 1164 977 ιιαί
1189 911 1327 995 κάματον

166 1014 300 1096 ίμποιεῖν
323 1019 386 1087 τοῖς
409 1009 643 1095 ίιτιγγάνουσιν.
684 1006 827 1094 Ἀρπετοῐς
848 1010 903 1096 γάρ
927 1014 959 1077 έν
986 1011 1089 1102 Ιπείση
1106 1016 1216 1099 αἱρέσει
1232 1012 1328 1083 πολλά

167 1112 299 1189 εἰπόντες
323 1111 376 1187 τάς
392 1110 490 1188 πάσας
505 1114 536 1177 έν
558 1119 635 1176 θεοῦ
652 1110 776 1195 δυνάμει
798 1109 884 1194 ἡμεῖς
900 1115 932 1179 οἰ
951 1111 1088 1192 άσθευεῖς
1111 1113 1327 1200 άνετρέφαμεν,

165 1218 217 1283 παί
240 1212 430 1296 άπεδείξαμεν
452 1211 604 1299 άλλοτρίας
631 1210 723 1290 οὔσας
748 1221 802 1296 τῆς
825 1210 982 1297 άληθείας,
1012 1220 1062 1282 ιιαί
1085 1216 1211 1300 έιιάστην
1224 1217 1327 1285 αιἰτιῖν

166 1321 401 1403 βλασφημοῦσαν
416 1317 466 1381 καί
481 1313 668 1400 άρνουμένην
683 1316 737 1400 τήν
753 1316 910 1398 ἀλήθειαν,
932 1317 989 1384 πάν
1001 1343 1032 1384 τε
1046 1321 1078 1384 έν
1092 1324 1204 1405 βραχεῖ,
1224 1317 1284 1387 πάν
1295 1345 1327 1387 τε

167 1423 199 1487 έν
212 1425 318 1508 πολλῷ.
360 1415 413 1494 Ὦς
429 1421 481 1483 ιιαί
498 1410 584 1485 οὗτοι
603 1417 700 1501 μάτην
723 1422 766 1496 εἰς
788 1418 841 1487 τάν
859 1419 964 1503 κύριον
986 1423 1244 1506 βλασφημοῦντες,
1272 1424 1326 1489 καί

167 1527 209 1602 εἰς
222 1520 256 1589 τδ
274 1520 361 1607 άγιον
376 1527 509 1602 πνεῦμα,
537 1522 587 1584 καί
610 1521 652 1604 μη
668 1524 783 1605 ίχουτες
797 1523 869 1604 μήτε
886 1524 1035 1602 ἐνταῦθα,
1063 1523 1136 1607 μήτε
1152 1527 1185 1590 έν
1199 1531 1241 1613 τῷ
1256 1527 1324 1609 μίλ·

165 1635 246 1693 λοντι
270 1625 357 1689 αἰῶνι
380 1621 456 1688 ιιατά
478 1620 515 1686 τά
536 1618 596 1688 ὖπδ
619 1628 726 1709 κυρίου
741 1625 880 1709 εἰρημένα
894 1622 1001 1703 άφεσιν
1014 1622 1182 1712 άμαρτιεδν,
1203 1626 1255 1693 διά
1270 1625 1326 1711 τήν

167 1733 209 1807 εἰς
223 1726 256 1795 τδ
276 1726 362 1814 άγιον
377 1730 492 1808 πνεῦμα
506 1728 709 1809 βλασφημίαν,
737 1728 993 1808 καταπατηθέντες
1008 1724 1058 1792 ὑπ’
1078 1727 1171 1811 αὐτῆς
1184 1736 1238 1812 τῆς
1253 1727 1325 1814 άλη.

165 1837 254 1907 θείας
273 1834 360 1911 δίκην
377 1827 522 1914 ειεράσεου
543 1832 643 1894 δεινοῦ
664 1830 882 1913 μονοτέροιτος,
912 1834 965 1895 τοῦ
987 1837 1041 1895 νοῦ
1057 1838 1110 1912 τῆς
1125 1835 1324 1915 βλασφημίας,

166 1934 335 2016 δυναμίνου
351 1929 421 1996 ὅλον
436 1928 469 1995 τδ
485 1937 569 2012 σῶμα
584 1934 737 2016 φθείρειν,
759 1935 930 2007 πεισθέντες
943 1938 984 2020 τῷ
1000 1938 1053 1997 τοῦ
1071 1932 1159 2011 ξύλον
1174 1933 1252 2023 λδγγι
1264 1936 1325 2000 ιιιιί

166 2045 204 2127 τῇ
232 2042 287 2102 τοῦ
314 2038 493 2117 μονογενοῦς
520 2031 651 2122 άληθινῇ
672 2030 812 2122 ὁμολογία
838 2033 886 2099 δἐι
912 2041 953 2123 τῷ
974 2037 1200 2118 βλασφημοῦντι
1226 2038 1271 2112 εἰς
1289 2035 1324 2105 τδ

167 2145 283 2222 πνεῦμα
297 2133 365 2203 οὔτε
378 2136 411 2200 έν
425 2141 466 2223 τῷ
483 2136 569 2200 αἰῶνι
583 2134 696 2223 τοάτηο,
723 2135 792 2202 οὔτε
808 2139 841 2203 έν
854 2143 897 2226 τῷ
910 2139 1040 2219 μέλλοντι
1057 2135 1260 2221 άφεθιξσιται,
1282 2136 1324 2217 ὅς

167 2245 253 2325 ἰφην.
299 2239 566 2319 Καταπατηθένιες
579 2239 630 2303 ιιαί
646 2240 856 2322 συντριβέντες,
878 2236 921 2321 μὴ
936 2238 1084 2322 ἰσχύοντες
1096 2238 1172 2304 κατά
1185 2248 1239 2324 τῆς
1251 2238 1320 2324 α’ἰη·

43 2361 151 2420 mm&
169 2349 263 2419 θείας.
308 2339 407 2405 Πάλαι
423 2336 479 2425 γάρ
506 2336 585 2428 ᾅδου
613 2337 735 2423 άληθῶς
755 2347 850 2406 πᾶσαι
866 2345 901 2405 αί
916 2345 1057 2426 αἱρέσεις,
1088 2340 1161 2408 άλλά
1177 2341 1251 2409 πατά
1264 2349 1316 2425 τῆς

165 2450 273 2534 πίτρας
287 2443 324 2511 οὗ
339 2440 561 2525 κατισχύσουσι,
583 2441 714 2508 τοάτεστι
729 2440 805 2508 κατά
819 2450 871 2525 τῆς
886 2442 1035 2525 άληθείας.
1081 2441 1149 2510 Κάν
1164 2469 1195 2510 τι
1212 2442 1268 2532 γάρ
1286 2446 1319 2523 ίξ

165 2551 265 2616 αάτιδν
280 2571 356 2624 τινες
370 2544 526 2626 θελήσειαν
540 2546 633 2630 λέγειν
647 2543 703 2623 δἐι,
730 2542 791 2627 Την
807 2545 861 2627 μέν
876 2549 973 2610 πίστιν
988 2544 1041 2628 την
1058 2548 1230 2612 ἐντιθεῖσαν
1245 2544 1322 2613 κατά

167 2657 297 2719 Νιιιαίαν
314 2650 365 2715 καί
379 2644 465 2712 αὐτοὶ
478 2643 691 2733 ὁμολογοῦμεν,
713 2650 809 2724 δεῖξον
826 2648 859 2712 δέ
874 2674 924 2729 μοι
941 2643 991 2713 άπ’
1012 2645 1105 2730 αὐτῆς
1121 2647 1167 2714 ὅτι
1184 2646 1218 2715 εδ
1236 2647 1324 2735 άγιον

164 2763 281 2837 πνεῦμα
297 2754 328 2818 ἰν
339 2756 378 2840 τῇ
396 2748 518 2831 θεάτητι
532 2758 773 2832 συναριθμεῖται,
790 2786 830 2801 -
859 2747 1076 2834 εὑρεθήσονται
1091 2753 1140 2814 ιιαί
1157 2748 1209 2815 ἄπ’
1224 2748 1323 2837 αὐτῆς

164 2856 352 2944 ίλεγχόμενοι.
399 2849 445 2917 Οά
461 2853 561 2937 γίγονε
577 2852 609 2916 δί
624 2848 689 2917 τότε
706 2853 773 2936 περί
788 2858 842 2918 τοῦ
860 2850 1026 2934 πνεύματος
1040 2848 1060 2935 ἡ
1075 2851 1200 2935 ζήτησις.
1235 2852 1325 2939 Πρδς

164 2958 221 3047 γάρ
236 2956 270 3025 τά
287 2954 458 3023 ὖποπίπτον
480 2957 512 3021 έν
527 2961 636 3042 καιρῷ,
666 2955 718 3019 ααί
740 2962 852 3043 καιρῷ,
881 2957 915 3019 αί
937 2953 1059 3021 σύνοδοι
1082 2954 1135 3038 τήν
1158 2952 1326 3037 άσφάλειαν

164 3067 330 3129 ποιοῦνται
351 3055 430 3124 Ἐπεί
446 3048 502 3123 οὖν
519 3054 537 3122 δ
553 3055 671 3141 ’Ἀρειος
686 3058 728 3132 εἰς
744 3055 797 3122 τδν
811 3056 880 3122 υίδν
890 3056 943 3140 τείν
959 3061 1129 3140 δυσφημίαν
1142 3055 1324 3139 άπετεένετο,

164 3163 273 3232 τοάτου
288 3165 373 3228 ἕνεκα
394 3158 466 3243 μετά
485 3165 626 3245 περισσῆς
646 3162 785 3244 διαλογῆς
805 3157 942 3242 άιιρίβεια
966 3166 1025 3225 τῶν
1046 3157 1141 3246 λόγων
1162 3162 1325 3247 γεγένηται.

155 3264 236 3351 ’Όρα
249 3266 283 3331 δί
297 3261 348 3331 άπ’
363 3261 456 3346 αὐτῆς
469 3268 521 3344 τῆς
535 3257 692 3346 ὁμολογίας
708 3260 755 3327 ὅτι
769 3259 837 3327 οὔτε
854 3264 885 3327 ἰν
899 3261 995 3351 τούτῳ
1009 3258 1224 3346 εὖρεθὴσονταί
1235 3289 1263 3329 τι
1276 3264 1325 3330 λέ-

164 3394 265 3460 γοντες
281 3371 314 3434 οἶ
325 3370 368 3443 εἰς
384 3363 417 3432 τδ
434 3371 551 3446 πνεῦμα
567 3367 824 3446 βλασφημοῦντες,
847 3367 879 3430 οί
894 3364 1147 3448 πνευματομάχοι,
1169 3366 1219 3431 καί
1236 3362 1326 3433 ἄλλο’·

163 3499 239 3561 τριοι
255 3478 308 3555 τῆς
328 3467 421 3536 αὐτοῦ
436 3471 550 3551 δωρεάς
568 3469 620 3532 καί
642 3463 817 3553 άγιαστείας.
862 3466 972 3543 Εὗθδς
993 3466 1050 3553 γάρ
1072 3463 1228 3551 ἡέιιθεσις
1250 3463 1325 3550 δμο-

163 3585 244 3663 λογεί
251 3625 260 3655 ,
281 3575 333 3639 ναί
349 3570 406 3639 οὖν
421 3568 563 3656 άρνεῖται.
610 3568 793 3651 Πισιεάομεν
808 3567 864 3655 γάρ
880 3572 921 3646 εἰς
944 3571 997 3635 ἕνα
1023 3569 1098 3636 θεδν
1113 3573 1226 3656 πατέρα
1244 3596 1325 3636 παν·

163 3677 337 3765 νειιράτορα.
385 3671 425 3739 Τδ
442 3672 475 3737 δί
495 3670 676 3754 Πιστεάομεν
693 3669 748 3754 οάχ
763 3669 865 3747 άπλοῑς
882 3674 1011 3756 εἴρηται,
1033 3670 1104 3736 άλλά
1120 3669 1142 3754 ἦ
1159 3676 1256 3748 πίστις
1277 3675 1324 3749 τίς

162 3780 216 3848 τδν
237 3779 321 3846 θεόν.
367 3778 427 3841 Καὶ
450 3778 492 3851 εἰς
514 3776 567 3840 ένα
590 3774 694 3861 τάριον
713 3771 828 3856 ’ἰησοῦν
851 3771 981 3858 Χριστδν
1003 3771 1058 3857 οάχ
1078 3769 1179 3850 άπλοδς
1197 3776 1324 3859 είρηται,
1383 3838 1388 3845 ,

164 3881 224 3950 ἄλλ’
239 3885 282 3958 εἰς
297 3878 372 3945 θεάν
388 3875 409 3960 ἦ
426 3883 530 3953 πίστις.
574 3879 636 3942 Καί
652 3879 694 3953 εἰς
711 3875 744 3943 τδ
761 3877 845 3963 ἅγιον
860 3883 977 3959 πνεῦμα
988 3877 1040 3940 ιιαί
1056 3874 1111 3958 οὐχ
1125 3871 1226 3951 άπλός
1241 3878 1324 3961 εἰρη-

163 4011 229 4065 τοι,
251 3981 309 4049 άλλ’
324 3984 366 4058 εἰς
385 3984 456 4063 μίαν
470 3984 655 4067 δοξολογίαυ,
677 3982 729 4045 ααί
744 3982 786 4054 εἰς
803 3984 874 4062 μίαν
888 3981 993 4045 ἕνωσιν
1005 3976 1159 4061 θεότητος,
1180 3979 1230 4044 ιιαί
1248 3982 1324 4061 μίαν

201 4226 259 4279 Cu.
272 4226 342 4277 XIV.
360 4254 393 4265 -
430 4226 451 4276 1.
467 4222 539 4294 πάσῃ
557 4226 608 4277 οοδ
627 4225 723 4288 mata.
758 4223 821 4276 πᾶσι
837 4223 889 4273 cod.
906 4223 953 4273 ἰτο.
971 4228 992 4273 εἰ
1008 4223 1072 4272 edica
