3096 5070
393 278 530 332 PANARH
548 279 667 331 ment.
685 279 767 332 TOM.
785 279 805 329 Ι.
823 278 922 329 natta.
936 276 1056 329 dxxvi.
1243 261 1304 328 2⁰1

147 399 294 479 arietent,
320 420 355 464 ae
371 421 430 465 non
447 399 506 463 iam
522 420 598 464 unus
612 400 685 463 deus
702 399 775 477 erit,
798 391 847 483 qui
865 396 1067 482 campartem,
1099 397 1208 482 quique
1224 397 1307 483 priua

146 523 178 567 ae
199 502 271 566 nibil
290 502 407 583 babuit,
438 524 474 565 ac
492 513 633 588 perpetuo
662 512 779 581 manet,
811 523 828 565 a
853 521 910 585 quo
934 501 1038 563 unicus
1063 521 1209 584 verusque
1229 500 1307 565 dliaa

145 605 261 692 genitae
276 617 322 669 εει
338 616 368 668 ει
384 603 505 685 existit,
530 605 565 669 ab
583 606 743 689 eodemque
761 605 919 688 productus
939 615 984 667 εει
1003 613 1122 667 sanetus
1139 602 1230 687 ipsius
1248 602 1307 687 spi-

144 708 236 773 rituac
265 708 319 771 εει
338 707 387 792 qai
408 718 587 792 quaerentur
607 708 771 791 complures
792 719 878 770 erunt
897 707 954 784 dii,
985 707 1083 790 itaque
1103 705 1138 768 ad
1161 703 1305 768 fallaciam

144 810 317 876 relabentur
339 811 456 889 omnia,
491 821 521 874 ει
544 831 559 874 a
580 811 706 874 veritate
731 810 845 895 penitus
870 808 1060 881 aberrabunt.
1106 806 1306 891 Quamobrem

144 934 220 978 unae
241 913 343 991 nobis,
375 924 407 976 at
421 933 527 976 revere
544 922 607 990 εει,
630 911 839 996 intelligendus
858 921 905 974 εει
921 913 1013 990 deus,
1032 924 1118 992 poter
1133 916 1240 975 domiai
1252 934 1305 974 uo·
1316 929 1336 974 a
1347 926 1457 984 caram

142 1021 279 1079 atn'lcau
294 1019 418 1089 Charin,
453 1037 492 1079 ex
515 1037 572 1098 quo
595 1014 717 1099 spiritus
744 1026 864 1077 sanctus
888 1025 950 1092 εει,
983 1019 1065 1096 quic
1078 1019 1308 1096 petrcproccdit
1328 1031 1407 1076 toene

144 1121 285 1200 etefltio
303 1123 419 1199 accepit.
466 1116 549 1181 Haec
571 1128 618 1180 εει
635 1139 690 1181 una
707 1116 864 1194 divinitas,
894 1138 971 1180 unua
994 1117 1083 1195 deus,
1119 1137 1194 1180 unua
1214 1117 1309 1181 domi·
1334 1083 1411 1140 Μ’

145 1242 219 1300 aaa,
249 1231 353 1306 pater,
386 1230 416 1283 et
441 1220 535 1298 lilius,
570 1231 599 1283 ει
618 1219 740 1305 spiritua
767 1230 900 1283 sanctus.
948 1215 982 1282 ln
1008 1241 1065 1304 quo
1091 1218 1170 1283 nulla
1193 1229 1239 1282 εει
1256 1218 1306 1282 tilii

148 1333 309 1407 compatre
324 1323 484 1409 apiritusve
502 1322 595 1386 sancti
611 1323 761 1400 conlusio,
787 1323 837 1385 εει
857 1333 887 1385 ει
901 1332 984 1407 pater
997 1332 1081 1406 pater
1097 1332 1161 1400 εει,
1185 1333 1216 1385 ει
1231 1322 1307 1387 flliua

150 1424 242 1505 lilim,
274 1436 304 1489 et
328 1425 449 1511 spiritua
473 1437 592 1490 sanctus
615 1425 736 1510 spiritus
760 1435 898 1502 sanctus,
929 1425 1061 1510 perlecta
1084 1425 1158 1505 tria,
1189 1425 1308 1489 anadi-

151 1526 273 1608 riaitaa,
298 1549 374 1591 anua
394 1530 484 1606 deus,
510 1549 585 1593 unua
605 1527 758 1606 dominus,
789 1528 1029 1611 quemadmodum
1046 1547 1135 1612 saepe
1156 1529 1185 1592 in
1203 1527 1309 1592 baere-

151 1628 230 1695 aibua
248 1632 411 1696 niutandia
435 1632 565 1696 divinum
590 1651 697 1694 numen
724 1630 948 1715 praedicandam
973 1629 1237 1715 celebrandumque
1256 1632 1308 1694 do·

150 1732 272 1799 amnne.
319 1733 384 1818 Qua
410 1755 442 1797 re
465 1756 529 1798 cum
558 1744 587 1797 ει
617 1755 691 1797 unus
715 1731 863 1812 deussit,
895 1754 950 1796 nec
978 1732 1065 1796 alium
1090 1744 1207 1817 practer
1230 1733 1308 1798 bene

151 1837 247 1900 auimo
264 1837 419 1923 concipere
440 1837 604 1922 possimus,
629 1836 790 1899 admirabili
807 1848 904 1898 tamen
924 1836 1039 1899 ratione
1056 1847 1085 1898 ει
1100 1835 1249 1920 ingenitus
1264 1846 1308 1899 at·

150 1959 206 2024 qne
220 1938 371 2004 increatus
386 1951 471 2025 pater
485 1950 548 2013 εει,
575 1949 604 2002 ει
623 1939 726 2002 unicus
745 1939 790 2001 dci
807 1939 882 2002 tilius
900 1938 935 2001 ab
951 1938 1014 2023 ipso
1029 1939 1145 2022 genitus
1163 1940 1241 2003 nulla
1260 1961 1308 2004 ra·

147 2042 229 2106 boue
244 2041 391 2107 diaaimilis
407 2042 485 2106 illius
503 2052 567 2118 εει,
601 2042 652 2106 εει
676 2042 751 2104 idem
771 2063 835 2105 cum
856 2052 953 2125 patre,
986 2052 1018 2102 et
1034 2040 1150 2124 aequali
1168 2042 1198 2105 in
1214 2042 1307 2105 omni·

147 2143 201 2209 bea
216 2144 356 2228 dignitate
373 2145 521 2228 gaudena,
554 2145 669 2208 tametsi
688 2144 806 2227 genitas
826 2142 900 2220 iste,
925 2143 973 2205 ille
991 2163 1064 2205 vero
1084 2143 1123 2206 sit
1144 2143 1307 2228 ingenitae.

144 2244 263 2310 Etenim
283 2249 308 2311 ai
328 2249 416 2311 filium
434 2249 554 2310 omnino
571 2247 688 2329 genuit,
715 2247 776 2308 fieri
797 2268 855 2309 non
871 2256 967 2328 potest
985 2255 1017 2307 ut
1033 2266 1091 2307 aon
1109 2247 1182 2329 patri
1199 2268 1308 2331 aequa-

143 2348 291 2412 liaaitac
313 2349 429 2414 similia.
475 2346 619 2432 Quicquid
637 2349 713 2411 enim
730 2348 842 2432 gignit,
875 2349 969 2412 simile
988 2349 1042 2411 sibi
1067 2349 1177 2433 gignit:
1211 2371 1307 2434 neque
1412 2392 1418 2403 ·

143 2452 239 2516 simite
267 2462 395 2531 tantum,
429 2453 582 2515 sedidem
610 2462 696 2535 atque
722 2451 845 2535 aequale
869 2472 1003 2536 prorsus.
1050 2450 1187 2537 Exempli
1212 2456 1307 2535 gratia

143 2553 293 2617 bominem
318 2554 405 2617 bomo
429 2553 539 2639 gignit,
574 2565 605 2616 et
627 2555 700 2617 deus
721 2554 824 2634 deum3
858 2553 907 2617 illc
932 2553 1116 2639 copulatione
1138 2575 1306 2638 corporum,

143 2655 190 2719 bie
214 2656 415 2741 inexplicabili
432 2659 556 2741 quodam
573 2658 659 2720 modo
678 2677 753 2720 ruiana
777 2656 893 2720 unicum
912 2656 1000 2720 lilium
1020 2657 1137 2742 gennit,
1168 2657 1233 2720 aine
1252 2657 1311 2721 ullo

145 2758 306 2842 profluvio,
331 2759 379 2822 vel
396 2760 599 2822 contractione
616 2760 664 2823 vcl
679 2758 861 2822 dilatatione.
907 2757 997 2823 Pater
1013 2760 1089 2823 enim
1109 2781 1174 2823 cum
1192 2759 1232 2822 ait
1249 2760 1309 2845 api·

146 2859 237 2940 ritae,
261 2882 302 2925 ex
320 2863 420 2946 seipso
439 2863 517 2925 nullo
535 2863 582 2926 vel
602 2861 705 2939 initio,
739 2861 786 2924 vel
805 2873 936 2944 tempore
953 2863 1041 2926 tilium
1062 2863 1178 2947 genuit,
1204 2860 1259 2925 ribi
1277 2861 1307 2924 in

148 2963 281 3028 omnibua
306 2965 431 3028 similem
458 2975 488 3027 ει
513 2964 664 3047 aequalem
688 2974 721 3028 ut
744 2984 783 3027 cx
807 2963 954 3048 evangelii
981 2967 1155 3029 auctoritate
1178 2975 1306 3028 commi.

148 3067 338 3142 Quaerebant,
371 3067 481 3149 inquit,
514 3070 594 3128 r‘llum
612 3070 772 3148 interficere
786 3071 901 3141 ludaei,
934 3072 1001 3147 quala
1014 3090 1070 3129 non
1087 3071 1167 3129 niodo
1180 3070 1308 3130 solvebat
1329 3074 1407 3172 lgtpp

145 3167 306 3244 sabbatam,
339 3173 390 3230 aed
409 3175 492 3231 ettam
508 3172 607 3249 filium
632 3173 680 3230 dci
695 3175 815 3250 scipsum
835 3172 961 3244 dicebat,
993 3174 1136 3252 aequalem
1151 3194 1183 3232 ac
1196 3173 1305 3250 saniem
1352 3160 1359 3185 ’
1397 3158 1402 3172 ’

74 3296 77 3301 ·
145 3273 208 3331 ιω.
253 3267 294 3332 Et
311 3291 382 3334 vero
398 3274 544 3356 quomodo
559 3294 617 3336 aron
636 3273 664 3333 in
687 3272 822 3335 omnibus
841 3274 915 3357 patri
932 3272 1036 3336 similis
1052 3284 1100 3337 εει
1115 3285 1144 3336 ει
1161 3273 1304 3357 aequalia,

146 3370 195 3455 qui
209 3371 240 3434 in
256 3372 353 3457 seipso
372 3375 462 3437 vitam
484 3375 587 3451 babet,
621 3385 707 3458 atque
729 3375 768 3436 ita
793 3375 937 3459 loquitur:
972 3380 1203 3454 (tucraedmodam
1224 3389 1309 3456 pater
1337 3401 1415 3446 torae

144 3479 420 3550 monimentum,
446 3482 486 3537 ita
502 3481 625 3558 ctstlim
642 3482 765 3538 succr'tct
776 3485 924 3539 mortuos?
946 3477 1068 3541 deinde:
1095 3484 1152 3558 (lui
1165 3483 1239 3540 uidet
1250 3500 1302 3552 me,
1337 3454 1421 3550 ltili„

146 3579 263 3637 υιιειει
275 3590 394 3657 patrem.
441 3577 512 3642 Non
536 3580 679 3664 potestis
706 3601 773 3643 esse
796 3583 932 3644 diversae
954 3581 1001 3665 qui
1024 3601 1168 3666 peraeae
1193 3590 1305 3663 patrem
1342 3558 1410 3613 ¹⁴³⁰·

144 3678 300 3761 significat.
336 3680 412 3743 Tum
433 3681 480 3764 qui
499 3680 554 3743 isla
573 3683 659 3744 dicit:
686 3687 900 3763 (lm’cognoacit
914 3706 956 3745 me
975 3689 1122 3762 cognoscit
1136 3694 1165 3750 et
1177 3694 1305 3762 petrem:

143 3791 190 3845 et:
224 3788 277 3864 qm‘
288 3789 363 3847 mitet
378 3807 420 3846 mc
436 3789 511 3845 υίιει
526 3797 554 3844 ει
565 3796 686 3865 patrem.
735 3784 889 3868 Tanquam
910 3807 968 3848 non
990 3786 1064 3847 alins
1082 3786 1205 3868 ipsemet
1223 3806 1239 3847 a
1258 3806 1307 3868 pa·

142 3884 259 3964 tresit,
291 3887 318 3949 id
345 3888 420 3970 quod
442 3900 499 3948 tam
520 3897 602 3971 pater
625 3908 709 3968 quam
728 3887 1120 3950 liliusindicatliisverbis:
1157 3891 1306 3949 Faciamus
1318 3899 1459 3956 uenam.

140 3989 275 4050 homoinem
300 3993 339 4050 nd
362 3995 511 4069 anagninam
536 4000 678 4062 nestram,
714 4002 743 4050 et
763 3993 802 4050 ed
821 3994 1042 4051 similitudinem.
1090 3990 1180 4072 Atqui
1199 3989 1254 4051 nisi
1274 3990 1306 4052 ι·

140 4089 195 4153 lius
214 4091 288 4174 patri
308 4091 412 4154 similis
434 4103 532 4167 εεεει,
565 4090 680 4174 quinam
701 4094 735 4155 ad
755 4093 909 4175 imaginem
935 4105 965 4154 ει
983 4091 1201 4156 similitudinem
1227 4101 1307 4176 esset

140 4190 227 4256 bomo
252 4194 367 4256 lactus?
410 4191 481 4256 Non
507 4194 583 4256 enim
606 4194 682 4257 dixit
699 4206 798 4279 pater,
829 4191 987 4257 Faciamus
1008 4192 1153 4255 hominem
1177 4194 1211 4255 ad
1232 4193 1306 4258 ima·

139 4295 238 4376 ginem
256 4316 371 4374 meam,
403 4307 454 4359 aut
478 4298 523 4360 Ad
545 4296 699 4380 imaginem
727 4308 822 4375 tanam,
857 4298 908 4358 scd
935 4301 986 4358 Ad
999 4301 1148 4377 imaginem
1166 4309 1301 4359 noenum.

140 4415 253 4467 Petuntur
276 4419 384 4475 videtur,
414 4432 560 4480 quemquem
585 4421 708 4483 vulgatam
775 4416 800 4468 ti.
817 4415 1009 4486 διηλλαγμένως
1026 4419 1093 4471 εοιι.
1110 4420 1193 4482 scripta·
1214 4420 1306 4471 ttedtt.

139 4484 233 4531 retinuit
250 4487 392 4547 acrtpturum
410 4484 490 4551 ῥῆσιν.
738 4489 814 4551 princ.

172 4551 197 4600 a.
215 4549 260 4604 και
276 4555 327 4604 aa
344 4556 441 4619 amam.
