3096 5070
364 318 499 370 ennean
517 320 581 370 ma.
596 318 639 369 ut.
664 319 745 371 rou.
759 320 791 369 tt.
818 317 933 368 axros.
952 317 1017 369 uro.
1036 316 1179 370 cernon
1286 305 1349 369 ιιι

195 458 347 501 nnmerum
372 438 549 501 invenimus.
597 434 693 501 Unum
719 438 964 522 quibus-propter
989 457 1074 499 unam
1098 437 1175 500 illam
1194 457 1211 500 a
1230 435 1350 519 reliquis

195 539 356 617 divulsam,
388 551 419 602 et
436 541 484 602 nni
508 561 617 625 sponso
642 539 797 618 tributum,
829 540 865 601 de
890 560 946 623 qna
970 537 1134 602 istiusmodi
1157 539 1349 623 appellatione

193 641 386 718 testilioatnr,
414 646 474 704 Uno
487 656 531 704 ert
544 643 671 704 entrembo
686 663 759 716 meo,
783 652 813 703 et
827 661 949 718 rursus,
973 643 1102 719 Perfecta
1117 662 1188 702 meo.
1234 639 1350 723 Quibus

192 744 301 808 indicat
319 743 438 828 pellices
457 764 561 807 omnes
578 744 722 827 ignobiles
739 753 770 807 et
786 743 927 806 obscuras
945 763 1025 821 esse,
1050 763 1104 805 neo
1119 742 1286 806 innocentio
1300 751 1351 805 aut

193 847 330 911 castitate
345 867 387 908 ao
403 846 523 910 leuitate
547 846 676 910 censeri.
722 845 761 908 Et
784 845 899 929 quidem
920 845 955 908 nb
975 844 1058 908 initio
1073 845 1108 908 ud
1128 842 1349 908 Barbarismnm

192 971 227 1013 ae
251 945 451 1033 Scytbismnm
472 948 507 1010 ad
530 959 696 1033 postremos
722 968 813 1032 usqne
840 944 1039 1010 Massaliaoos
1062 943 1186 1010 LXXV
1210 946 1349 1010 haereses

192 1051 358 1135 adscriptae
381 1062 460 1113 sunt.
506 1051 553 1113 Ad
578 1072 651 1135 qnas
671 1050 870 1129 llelleuismo,
900 1050 977 1113 unde
996 1049 1147 1132 gentilium
1170 1060 1288 1127 seetue,
1319 1059 1350 1112 et

194 1151 360 1230 ludaismo,
384 1173 475 1236 equo
494 1149 630 1216 ludaieee
646 1149 956 1236 samaritanorumque
975 1151 1119 1229 laetione,
1151 1152 1228 1215 uude
1245 1149 1348 1216 Sama·

193 1254 296 1316 ritieae
326 1265 500 1334 manarunt,
532 1255 759 1336 accedentibus,
791 1257 845 1319 boe
869 1267 914 1319 est
937 1255 1030 1319 tribus
1053 1254 1172 1317 omnino
1194 1256 1285 1318 sestis
1312 1255 1348 1318 nd

193 1352 347 1421 LXXVll
367 1358 547 1442 superiores,
572 1354 699 1421 LXXX
716 1379 854 1422 numerus
870 1359 1004 1421 efficitur.
1051 1354 1196 1440 Superest
1211 1378 1281 1434 trun,
1306 1356 1350 1420 ui·

192 1458 299 1522 mirum
312 1470 413 1523 saneta
429 1470 459 1523 et
473 1459 632 1538 catholiea,
656 1461 798 1538 ecelesia,
823 1481 898 1544 quae
915 1481 987 1524 vere
1003 1456 1172 1524 Christiana
1187 1460 1292 1543 religio
1306 1459 1349 1522 di-

192 1562 287 1639 oitnr,
318 1582 449 1646 quaeque
466 1563 523 1627 ium
541 1575 601 1625 tum
621 1561 706 1640 olim,
739 1574 850 1626 etcum
872 1563 1007 1641 Adamo,
1038 1563 1104 1625 imo
1116 1572 1185 1625 ante
1203 1563 1347 1626 Ademnm

190 1664 303 1748 ipsum,
336 1665 467 1749 adeoque
490 1675 559 1728 ante
576 1666 673 1727 omnia
689 1666 807 1727 saeoula
832 1687 895 1727 eum
913 1661 1034 1729 Christo
1051 1664 1164 1745 lloruit,
1196 1665 1232 1729 de
1258 1666 1348 1750 patris

142 1774 144 1781 “
192 1788 227 1829 ue
245 1767 295 1828 lilii
315 1776 345 1828 et
360 1766 479 1849 spiritus
501 1768 596 1830 saneti
620 1767 782 1829 voluntate.
828 1762 884 1829 Cui
905 1767 1019 1850 quidem
1036 1786 1138 1829 eorum
1154 1769 1282 1831 omnium
1299 1769 1347 1853 qni

191 1868 221 1931 iu
253 1866 383 1952 qnalibet
405 1869 596 1951 generatione
623 1871 679 1932 deo
709 1870 879 1953 pluenerunt
906 1880 1037 1952 tempore
1070 1870 1148 1956 lidesp
1173 1881 1220 1934 est
1250 1870 1347 1933 habita

192 1982 222 2034 et
244 1970 419 2033 adveniente
444 1971 473 2034 in
499 1972 575 2035 hune
596 1971 733 2035 mundum
754 1967 875 2035 Christo
897 1971 1015 2033 domiuo
1031 1972 1185 2035 martileste
1205 1983 1251 2036 est
1267 1982 1347 2057 pate·

192 2074 287 2150 lactu,
321 2093 398 2136 nuno
422 2083 519 2135 autem
540 2084 605 2156 post
621 2075 790 2160 superiores
810 2093 913 2137 omnes
938 2072 1094 2152 haereses,
1129 2073 1193 2139 sive
1212 2075 1345 2159 pellices,

192 2176 326 2240 oratione
344 2185 444 2238 nostra
462 2174 673 2259 praedicenda,
706 2177 947 2261 quemadmodum
969 2174 1094 2239 instituti
1112 2176 1257 2239 sermonis
1275 2178 1347 2240 ordo

189 2277 328 2362 postulat.

275 2377 391 2465 Quippe
408 2379 528 2442 verbum
545 2380 639 2465 ipsum
657 2381 686 2443 iu
711 2377 843 2445 Cantinis
862 2381 918 2444 hoo
936 2380 1022 2444 modo
1043 2380 1225 2444 numeravit:
1255 2384 1346 2444 Senu-
1364 2392 1487 2463 crpvtl.

189 2488 273 2564 gairto
288 2487 420 2564 regebas,
445 2493 475 2543 et
487 2487 631 2562 oetogritto
646 2487 773 2564 pellrbes,
798 2494 828 2545 et
844 2487 1067 2546 adolescentulos
1080 2505 1200 2564 quoram
1214 2504 1347 2547 trnmerus

190 2606 246 2647 aon
264 2597 322 2646 est.-
347 2606 403 2646 uaa
417 2596 478 2660 ert,
503 2585 608 2668 inquit,
632 2588 760 2648 columbo
776 2610 845 2662 meo,
867 2589 995 2668 perfeeto
1012 2608 1083 2659 meu,
1108 2592 1192 2649 utrr'eo
1207 2594 1350 2651 estmotri

189 2707 275 2761 suae,
306 2690 638 2767 eleetogem'tm'eisuoe.
687 2687 765 2752 Tum
792 2691 859 2753 illud
883 2691 1082 2769 demonstret,
1106 2690 1344 2773 quemadmodum

190 2788 312 2874 reperiri
338 2788 374 2851 ab
399 2790 533 2854 omnibus
557 2791 668 2875 possit,
702 2802 801 2877 utpote
830 2812 905 2876 qnae
933 2791 1068 2855 omnibus
1094 2792 1267 2856 honoratior
1294 2793 1344 2872 sit,

190 2890 315 2975 imperet
338 2891 489 2970 omuibus,
523 2903 609 2976 atque
632 2893 688 2979 ipsi
711 2895 773 2958 sole
792 2896 872 2957 velut
889 2895 997 2958 eximia
1018 2895 1058 2957 sit
1074 2905 1104 2957 et
1121 2895 1231 2975 electa,
1263 2896 1346 2959 euius

190 2991 241 3055 dlii
260 3013 346 3076 reges
363 2993 487 3058 heredes
513 3007 582 3059 sunt
599 3018 634 3060 ae
650 2997 794 3081 legitimi,
828 2998 882 3060 boo
900 3007 944 3060 est
958 3001 1154 3078 promissionis
1168 3000 1266 3074 liberi,
1290 3021 1346 3061 nnn
1362 3007 1439 3055 oua.
1452 3010 1485 3054 ⁸1·

189 3098 326 3169 ancillae,
358 3118 453 3181 neque
470 3097 597 3183 pellicis,
629 3110 851 3178 ceterarumve,
883 3120 956 3184 quoe
974 3100 1052 3163 nullo
1073 3121 1195 3165 numero
1212 3123 1347 3188 eompre-

190 3197 369 3262 hendnntur.
405 3196 548 3282 Quamvis
565 3201 641 3265 enim
659 3223 698 3266 ex
716 3199 859 3266 Cbettnra
876 3202 1036 3266 concubina
1055 3224 1108 3266 sua
1124 3204 1232 3268 liberos
1248 3205 1346 3268 Abra·

190 3300 292 3365 bamns
311 3306 493 3386 susceperit,
518 3303 625 3368 nullam
642 3316 739 3368 tamen
756 3305 804 3368 isti
822 3326 886 3367 enm
908 3302 1010 3368 lsaaeo
1033 3307 1062 3368 in
1082 3304 1246 3390 patrimonii
1265 3327 1344 3370 eom·
1357 3316 1484 3378 omme

189 3404 357 3467 munionem
376 3407 514 3482 veniunt,
545 3408 596 3470 sed
623 3429 744 3471 munera
773 3408 933 3485 duntaxat,
963 3409 1046 3492 quasi
1069 3409 1165 3493 legata
1188 3410 1342 3493 quaedam,

190 3505 355 3589 noeipiuot3
387 3517 418 3568 ut
436 3507 549 3571 altioris
570 3529 623 3571 nos
642 3530 748 3573 sensns
771 3512 864 3594 figura
886 3511 951 3596 ipsa
967 3522 1153 3576 commoneat
1168 3532 1205 3575 ne
1222 3512 1285 3596 quis
1308 3513 1343 3575 de
1466 3570 1468 3575 .

190 3602 303 3670 Christi
327 3609 482 3672 vocatione
502 3609 648 3694 desperet.
694 3609 773 3674 Nam
796 3614 845 3676 illa
864 3613 959 3694 dona,
991 3635 1065 3698 quae
1084 3611 1202 3678 lsmae'li
1221 3611 1344 3679 Chettu-

189 3728 299 3794 raeque
326 3710 393 3773 liliis
417 3710 605 3774 Abrabamns
633 3712 799 3791 distribuit,
834 3717 997 3781 luturorum
1027 3717 1168 3780 botrorum
1185 3717 1342 3801 imaginem

189 3811 417 3892 adumbrabant,
451 3834 525 3897 quee
552 3814 705 3878 conversis
728 3814 762 3876 ad
788 3816 871 3878 lidem
896 3827 927 3881 et
952 3820 1105 3884 veritatem
1132 3819 1236 3882 animis
1259 3831 1344 3882 erant

188 3914 364 3979 obventura.
411 3915 529 3979 Etenim
547 3918 632 4001 Agar
651 3917 793 3996 ancillae,
825 3939 910 4001 quam
926 3920 1111 3984 Abrabamns
1133 3921 1238 4001 eiecit,
1268 3943 1343 4007 qnae
1362 3935 1496 4008 (tanqu

187 4028 233 4082 est
256 4017 405 4082 inlerioris
423 4017 608 4082 lliernsnlem
627 4019 801 4104 figurarum
824 4021 925 4085 liberis
941 4023 1003 4086 suis
1022 4045 1078 4086 uun
1102 4024 1276 4103 servientis,
1308 4028 1343 4090 de

189 4140 245 4205 qun
260 4118 399 4205 seriptum
418 4132 480 4200 eet,
505 4123 611 4184 Abt’eot'
627 4134 742 4184 matrem
758 4135 892 4198 vestram,
918 4125 1005 4203 item,
1029 4130 1104 4187 Dedi
1117 4128 1241 4190 libellum
1256 4151 1340 4211 repu-
1374 4144 1427 4189 oen
1439 4144 1462 4190 ι.

188 4225 272 4285 dr'ie'a
288 4246 389 4286 monus
404 4227 492 4286 e'lb'us.
540 4222 617 4288 Huic
632 4226 749 4310 inquam
768 4227 852 4311 Agar
866 4227 1000 4307 ancillae,
1025 4231 1060 4293 nd
1075 4250 1155 4315 spem
1172 4233 1342 4296 conversio·

188 4323 235 4387 nis
249 4325 493 4406 adumbrandam,
518 4337 584 4391 uter
599 4348 693 4413 aquae
709 4330 793 4393 dutus
810 4332 873 4410 est,
906 4353 963 4416 quo
984 4333 1091 4398 laraori
1110 4335 1341 4418 regenerationis

187 4477 241 4527 edil
259 4479 341 4529 Pano.
363 4483 441 4533 Cotum
458 4489 530 4545 repet.
782 4488 853 4535 ettam
868 4489 1003 4538 comoedos.

221 4544 245 4596 ¹2.
262 4540 368 4613 n'qnboiu
386 4551 437 4600 eod.
454 4553 551 4615 ltbedr‘p.
586 4547 745 4618 adpetebant.
814 4553 838 4606 3.
857 4549 927 4621 tinnio
942 4558 1009 4608 codd
1026 4571 1080 4610 mss.
1115 4553 1190 4625 η’μῶι
1207 4561 1264 4611 edttt
1279 4563 1338 4612 tibet

186 4614 233 4664 len.
251 4620 273 4666 et
291 4617 363 4682 editt,·
388 4618 526 4671 futurorum
542 4620 665 4673 bonorum
682 4625 751 4673 uertit
