3096 5070
409 278 546 330 rauauu
564 277 627 327 ura.
641 277 685 327 ur.
704 273 786 328 rou.
800 273 819 324 1.
835 272 938 324 uasa.
950 272 1069 324 amu
1254 258 1318 324 28⁶

164 398 318 463 affectione
344 397 555 462 etsubstautia
581 395 666 459 uobis
692 393 838 472 obtrudit3
870 413 935 455 cum
961 391 1030 454 illud
1052 391 1083 455 in
1104 391 1242 455 confesso
1265 390 1316 471 sit,

164 511 278 568 creatas
295 520 344 563 res
366 520 468 563 omues
489 519 556 562 esse
574 519 608 561 re
629 518 718 575 vera,
751 517 846 581 neque
864 506 960 558 tamen
976 493 1012 556 ob
1031 494 1118 557 ullum
1137 495 1318 558 commodum

161 611 212 671 ast
220 603 436 667 incrementum
455 602 567 686 gloriae
584 621 599 662 a
617 601 689 678 deo,
721 600 770 683 qui
788 600 864 662 nulla
887 618 919 660 re
938 617 1011 681 opus
1030 595 1133 674 babet,
1166 595 1319 679 excogita·

160 716 207 772 tas
222 704 331 784 luisse3
361 726 420 768 nun
435 725 522 768 secus
540 713 628 787 atque
645 702 674 764 iu
693 702 780 765 unico
800 702 847 764 dei
865 700 943 779 filio,
974 699 1094 782 eiusque
1110 708 1213 762 sancto
1233 697 1319 783 spiri·

148 820 204 890 tu,
228 809 312 872 neias
327 817 374 870 est
386 828 451 870 cum
468 815 634 869 creatarum
648 825 746 868 rerum
763 804 931 867 conditione
945 802 1011 865 illos
1028 802 1206 886 adaequare.
1254 797 1318 865 Dici

161 911 239 975 enim
264 910 342 973 istud
367 909 446 973 trullo
470 910 555 972 modo
576 918 684 993 potest.
730 907 773 969 Αι
795 926 867 970 vero
892 902 1055 969 rationibus
1080 904 1318 991 syllogismisque

162 1015 225 1077 suis
241 1033 295 1076 uos
317 1011 488 1096 aggreditur
503 1011 628 1089 notius,
653 1012 688 1074 dc
707 1009 885 1073 coelestibus
900 1007 988 1071 rebus
1006 1005 1158 1091 garriens,
1183 1016 1213 1069 et
1230 1006 1319 1069 auda·

161 1127 226 1179 oter
243 1115 278 1178 ad
297 1113 449 1199 superiora
466 1113 666 1190 contendens,
691 1122 777 1195 atque
796 1111 832 1174 ab
850 1109 1039 1174 inferioribus
1059 1109 1203 1173 creaturis
1220 1108 1318 1194 petitis

162 1216 346 1299 argumentis
363 1237 417 1279 uos
434 1235 624 1301 oppugnans,
654 1236 718 1278 cum
734 1225 830 1277 tamen
850 1212 912 1277 suis
931 1211 989 1276 illis
1007 1210 1211 1297 disputationis
1230 1231 1317 1295 argu·

163 1319 211 1381 tiis
228 1318 299 1381 nibil
321 1319 439 1381 omuino
458 1327 641 1403 promoveat.
687 1314 846 1379 Hominum
870 1315 975 1401 quippe
1000 1314 1142 1399 sapientia
1165 1315 1317 1400 praeterit,

163 1420 288 1484 bumana
305 1420 496 1484 ratiocinandi
524 1420 571 1484 vis
587 1441 622 1483 ac
639 1419 783 1482 subtilitas
808 1420 980 1504 consepulta
997 1417 1090 1482 iacet:
1122 1419 1238 1491 Em'ba’t,
1272 1417 1316 1479 in·
1347 1433 1433 1480 anta.

163 1523 244 1607 quit,
276 1529 394 1605 sparatus
408 1527 469 1585 enias
485 1536 515 1586 at
530 1534 690 1585 revertens·
709 1527 738 1583 in
752 1526 897 1602 puluerem
917 1544 1009 1584 suum.
1056 1517 1316 1607 syllogismorum,
1345 1489 1392 1543 Μ’
1406 1489 1437 1532 ¹⁴'

161 1626 298 1709 inquam,
332 1627 466 1690 acumina
494 1624 592 1689 omnia
610 1625 758 1689 bominum
781 1623 909 1709 ingeniis
928 1625 1098 1707 excogitata
1115 1633 1316 1708 praetereunt,

163 1729 353 1813 hominesque
370 1730 481 1812 pariter
496 1750 561 1792 cum
579 1728 627 1791 illa
643 1725 724 1791 Astii
744 1726 987 1805 ratiocinatione,
1012 1737 1042 1790 et
1059 1727 1198 1790 affectato
1215 1736 1319 1791 contra

163 1832 248 1895 fidem
275 1830 441 1895 calliditatis
467 1830 601 1894 artificio.
647 1835 749 1892 Monet
770 1840 866 1892 autum
892 1849 928 1892 ea
948 1851 1033 1912 quam
1052 1829 1231 1914 syllogismis
1256 1827 1318 1893 suis

162 1934 377 1997 circumvenire
400 1942 540 2010 conatur,
555 1936 651 2013 fides,
675 1954 756 2014 spes,
781 1943 811 1992 et
831 1937 953 2006 caritas,
978 1933 1020 1995 uti
1042 1933 1181 2017 scriptum
1204 1942 1262 1995 est.
1351 1945 1433 1993 acar.

249 2035 330 2100 Aelii
348 2031 445 2119 Caput
462 2031 570 2098 XXll.
615 2031 648 2099 Si
671 2035 832 2098 substantia
860 2035 953 2098 omnis
978 2034 1108 2118 ingenita
1131 2036 1186 2114 sit,
1219 2036 1316 2099 cuius·
1341 2000 1420 2055 Μ’

164 2139 241 2202 modi
260 2148 307 2202 est
320 2137 528 2221 omnipotentis
547 2136 610 2215 dei,
635 2137 701 2222 quid
720 2137 827 2201 attinet
842 2137 916 2200 banc
933 2137 1047 2221 quidem
1066 2138 1250 2223 passionibus
1267 2138 1319 2201 ob·

163 2242 304 2322 noxiam,
341 2241 420 2304 illam
445 2259 519 2303 vero
543 2250 694 2324 expertem
719 2241 916 2304 asseveraret
967 2236 1054 2322 Quod
1078 2241 1103 2303 si
1128 2240 1318 2304 attributione

163 2345 287 2429 quadm
301 2343 451 2427 ingenitae
469 2352 610 2420 naturae,
634 2343 726 2406 altera
742 2341 923 2426 quantitate,
948 2343 1102 2427 qualitate,
1137 2353 1223 2428 atque
1239 2342 1320 2406 omui

162 2467 284 2534 prorsus
314 2457 414 2510 mauet
443 2445 605 2508 mutatione
633 2445 784 2530 superior,
819 2446 911 2509 altera
942 2444 1146 2509 allectionibus
1175 2445 1317 2526 obnoxia,

162 2569 236 2634 quae
253 2560 349 2613 tamen
365 2548 448 2633 ipsa,
474 2558 505 2611 ut
521 2547 693 2611 immutabili
710 2548 891 2612 substantiae
910 2548 1078 2612 conditione
1095 2547 1150 2627 sit,
1176 2548 1318 2612 benelicio

163 2652 286 2735 quodam
301 2651 424 2714 alterius
438 2651 476 2714 sit
493 2652 615 2735 adepta,
646 2650 775 2726 sibacc,
805 2651 943 2736 inquam,
975 2651 1014 2714 ita
1037 2671 1070 2715 se
1093 2650 1237 2730 babeant,
1269 2661 1320 2715 ant

164 2772 251 2831 casn,
284 2773 319 2816 ac
338 2751 459 2817 iortuito
475 2753 502 2816 id
521 2753 682 2837 coutig'sse
702 2754 855 2818 dicendum
881 2765 943 2834 est,
976 2767 1025 2818 aut
1043 2753 1112 2818 illud
1133 2773 1319 2837 consequens

165 2864 228 2932 est,
252 2865 283 2918 ut
297 2867 326 2917 et
342 2876 378 2919 ea
392 2876 467 2940 quae
484 2856 546 2940 agit
560 2855 710 2940 ingenita,
742 2867 772 2920 et
790 2877 865 2941 quae
886 2859 1075 2922 mutationem
1092 2857 1200 2942 patitur
1219 2856 1319 2941 genita

166 2967 332 3021 censeatur.

251 3055 373 3124 Conlut.
393 3056 500 3123 XXll.
547 3058 573 3124 l.
596 3059 704 3146 Neque
723 3062 915 3128 substantiam
937 3083 1052 3127 omnem
1070 3061 1229 3147 ingenitam
1251 3083 1317 3128 essa

165 3160 304 3240 dicimus,
336 3183 391 3225 nec
408 3184 523 3227 omnem
543 3184 560 3226 a
577 3165 631 3228 deu
653 3166 800 3248 genitam,
832 3167 968 3251 quoniam
991 3166 1037 3250 qui
1056 3165 1143 3229 fllium
1160 3187 1244 3230 suum
1266 3187 1319 3250 ge·

164 3264 245 3342 uuit,
278 3275 308 3327 et
323 3285 340 3327 a
356 3285 389 3328 se
409 3265 473 3350 ipso
498 3266 630 3351 spiritum
650 3280 783 3333 sanctum
801 3269 914 3349 emisit,
946 3269 1025 3332 illum
1046 3268 1164 3353 inquam
1184 3269 1317 3355 spiritum

165 3365 213 3451 qui
231 3387 330 3430 eorum
348 3389 422 3451 quae
439 3369 488 3433 lilii
501 3381 569 3433 suut
582 3369 730 3457 particeps
742 3371 807 3451 luit,
831 3394 888 3435 uon
907 3392 1022 3456 omues,
1045 3373 1096 3436 sed
1115 3394 1202 3435 uuum
1215 3373 1318 3436 dunta-

165 3480 218 3533 xat
231 3469 351 3554 geuuit3
375 3471 452 3534 uude
467 3481 497 3535 ει
511 3471 678 3556 unigenitus
695 3485 758 3553 est,
782 3484 813 3538 et
828 3496 918 3538 unum
932 3474 1030 3539 emisit
1046 3496 1062 3538 a
1080 3495 1113 3540 se
1133 3475 1217 3559 ipso,
1242 3474 1318 3537 uude

165 3572 286 3656 spiritus
310 3582 442 3635 sanctus.
486 3569 547 3637 Per
569 3595 656 3638 unum
685 3597 771 3660 porro
796 3578 926 3656 crearit,
959 3589 989 3642 et
1004 3577 1033 3640 iu
1056 3599 1114 3641 uno
1133 3575 1320 3640 confirmarit

166 3694 287 3752 omues,
313 3694 435 3757 quorum
452 3673 499 3736 alii
515 3676 675 3757 generandi
691 3678 749 3740 vim
764 3677 889 3758 habent,
923 3691 953 3743 et
971 3690 1038 3765 pust
1053 3680 1175 3765 primam
1192 3677 1318 3742 creatio·

167 3796 233 3840 uem
252 3775 393 3859 deinceps
405 3786 604 3860 generantur,
628 3777 677 3840 alii
694 3779 736 3841 sic
753 3781 844 3843 creati
864 3793 933 3846 sunt
952 3796 983 3846 ut
999 3803 1093 3867 ueque
1108 3781 1242 3866 giguaut,
1267 3802 1319 3845 ue·

165 3900 222 3963 que
239 3879 410 3963 gignantur.
458 3877 569 3942 Verum
593 3879 723 3941 irrcreata
748 3880 887 3946 trinitatis
912 3885 1076 3949 substantia
1101 3885 1188 3968 louge
1214 3884 1250 3948 ab
1274 3882 1320 3948 bis

164 3981 300 4045 omuibus
316 3979 412 4058 abest,
437 4001 510 4065 quae
527 3982 564 4045 ab
581 3981 646 4066 ipsa
662 3980 791 4058 trinitate
809 3995 907 4048 creata
923 3998 1003 4066 suut,
1027 4008 1085 4050 nun
1103 3985 1215 4071 genita.
1249 3983 1320 4052 ideo
1347 4015 1433 4064 pm

164 4083 305 4149 trinitatis
320 4083 389 4147 illud
404 4084 551 4169 proprium
568 4094 633 4166 est,
657 4094 688 4148 ut
705 4104 800 4168 neque
815 4086 872 4171 pati
889 4087 1054 4173 quicquam,
1078 4109 1173 4173 neque
1190 4108 1319 4153 commu·
1349 4069 1382 4126 ¹²*
1394 4070 1427 4116 ⁸

164 4250 269 4333 babere,
299 4270 330 4304 eo
356 4253 424 4320 quod
448 4267 541 4322 sponte
564 4274 608 4309 anu
632 4257 725 4309 amicus
759 4251 814 4320 (ads
830 4230 932 4310 munli
943 4258 1037 4327 omitto)
1053 4256 1086 4315 τὰ
1100 4256 1165 4315 κατὰ
1181 4256 1319 4330 τᾶςπροιι·

165 4321 333 4386 permittites
351 4338 414 4388 quae
430 4335 489 4373 sunt
506 4325 651 4392 praedicta,
675 4332 726 4378 cell.
760 4324 878 4392 ρημίνας.

199 4386 223 4438 4.
240 4392 277 4440 lto
291 4392 359 4442 codd.
377 4405 432 4442 mss.
468 4395 532 4444 Edita·
547 4397 631 4446 babent
647 4389 724 4449 αὐτο·
792 4393 816 4445 b'·
837 4396 910 4458 Vulgo
927 4387 946 4460 ἦ
963 4393 993 4448 τό
1011 4391 1035 4462 γ’
1053 4387 1103 4452 ado.

167 4453 247 4523 μάτῳ.
792 4459 816 4512 7.
833 4463 878 4516 τοῦ
896 4466 983 4514 erodit
998 4466 1029 4514 ob
1045 4467 1099 4516 adtt.
1117 4467 1217 4518 Patuutt.

199 4525 223 4575 b.
249 4527 329 4589 Supra
347 4530 418 4591 cutpo
438 4535 503 4581 extat
521 4533 635 4593 scriptum
656 4529 725 4600 φίλοι
