3096 5070
399 339 535 391 ειιιιιιιιι
554 337 616 389 nra.
628 337 669 387 ιιι.
689 336 771 389 rou.
783 336 803 386 1.
820 332 918 385 nana.
930 331 1049 383 ιιιιιιιι.
1265 314 1306 378 tto

151 477 224 521 vero
249 467 331 542 patre
354 457 516 536 iuniorem,
548 456 704 519 anathema
734 456 783 520 sit.
838 451 871 518 st
899 453 964 536 quis
990 449 1129 534 temporis
1154 457 1307 534 expertem

151 559 295 642 unigeniti
320 556 433 624 Christi
458 582 474 623 a
498 568 581 644 patre
606 559 793 643 procedentis
816 554 997 641 hypostasim
1022 552 1057 615 ad
1083 550 1240 635 ingenitam
1261 549 1307 613 dei

152 661 311 725 essentiam
328 664 458 740 referat,
492 672 628 744 tanquam
647 654 831 741 υἱειιᾶτορα,
863 658 918 719 boc
936 657 1179 735 estfilr'opotrem,
1212 654 1309 738 appel-

152 766 227 843 lans,
246 764 401 828 anathema
417 763 467 827 sit.
512 760 545 827 sl
563 764 627 846 quis
644 763 706 825 sola
724 771 870 846 potestate
887 769 996 845 patrem
1013 754 1152 838 unigeniti
1171 754 1232 831 lilii,
1251 775 1309 817 non

153 878 297 952 potestate
317 865 403 929 simul
423 875 453 928 et
470 866 599 927 essentia
618 884 685 926 esse
702 862 840 940 deliniat,
874 873 1009 943 tanquam
1030 861 1121 922 solam
1137 865 1309 941 potestatem

153 991 318 1055 usurpans,
351 977 381 1030 et
406 987 589 1030 communem
613 967 639 1028 ei
663 986 727 1028 cum
755 963 862 1026 ceteris
884 963 1021 1048 operibus
1038 960 1234 1024 conditionem
1258 959 1309 1021 tri·

152 1072 263 1148 boens,
288 1089 383 1153 neque
404 1090 575 1153 germanum
592 1089 609 1131 a
624 1077 706 1152 patre
723 1065 812 1129 bliurn
835 1085 906 1130 vere
921 1075 1015 1126 ortum
1033 1084 1101 1127 esse
1124 1063 1306 1148 praedicans,

154 1172 310 1236 anathema
327 1171 376 1233 sit.
422 1168 457 1234 si
482 1171 546 1255 quis
571 1181 682 1255 patrem
702 1178 846 1254 potestate
868 1166 953 1231 simul
969 1177 999 1229 et
1012 1165 1175 1229 substantia
1190 1163 1241 1226 lilii
1259 1184 1308 1248 pa·

154 1286 228 1336 trem
251 1293 390 1336 asserens
414 1272 692 1337 consubstantialem
714 1270 763 1334 vel
781 1271 912 1334 ciusdem
935 1291 1000 1333 cum
1023 1278 1106 1353 patre
1126 1266 1308 1330 substantiae

156 1375 247 1440 lilium
268 1396 335 1439 csse
354 1376 450 1453 dicat,
474 1374 629 1438 anathema
649 1372 699 1437 sit.

238 1475 447 1563 Subscripsere
488 1474 632 1554 Basilius,
672 1473 863 1552 Eustatbius,
906 1473 1128 1559 Hyperccbius,
1170 1469 1307 1549 Letoius,

154 1579 331 1660 Heorticus,
356 1579 556 1666 Gymnesios,
579 1576 788 1656 Memnoruius,
811 1575 982 1662 Eutyches,
1008 1573 1189 1652 Severinus,
1214 1572 1309 1656 Euty·

153 1683 252 1760 obius,
278 1682 466 1759 Alcimedes,
491 1681 677 1745 Alexander.
724 1677 767 1741 lta
784 1681 872 1742 credo
889 1690 1024 1765 utsupra
1041 1677 1180 1762 scriptum
1198 1686 1256 1756 est,
1280 1685 1310 1739 et

154 1806 206 1869 per
227 1785 472 1869 subscriptionem
496 1786 650 1866 profiteor.

576 1917 883 1970 HACTENUS,

337 2090 453 2140 nastLtt
474 2090 517 2140 AC
536 2089 674 2144 oeouctt
690 2092 735 2141 ET
754 2088 926 2140 SOCIORUM
945 2088 1129 2139 aaoaassto

240 2190 428 2257 Substantiae
457 2214 562 2255 nomeu
587 2193 705 2256 minime
733 2192 846 2276 quidem
875 2192 967 2276 ipsum
994 2189 1024 2252 in
1048 2190 1141 2254 reteri
1164 2189 1453 2282 velnos‘oap,x11‚

154 2304 331 2359 testamento
346 2305 447 2379 aperte
463 2293 621 2379 reperitur,
646 2295 697 2358 sed
713 2296 787 2378 quod
807 2315 842 2357 eo
861 2293 1044 2376 significatur
1061 2293 1167 2378 passim
1186 2314 1310 2378 expres-

155 2418 219 2461 sum
239 2397 358 2479 legitur.
404 2394 542 2483 inprimis
558 2395 588 2458 in
614 2417 650 2458 eo
670 2397 734 2459 loco
751 2398 779 2459 io
803 2418 860 2481 quo
880 2397 952 2459 deus
970 2392 1106 2480 Moysem
1126 2396 1244 2459 mittens
1266 2397 1309 2460 sic

155 2499 181 2562 ei
199 2499 313 2562 locutas
331 2509 392 2578 cst,
421 2503 472 2562 Sic
485 2503 561 2560 daces
571 2501 650 2578 filiis
664 2502 770 2573 lsrael,
803 2503 861 2577 (lai
873 2510 932 2571 est,
958 2509 1016 2561 etc.
1063 2496 1149 2581 Qraod
1168 2498 1204 2560 de
1225 2510 1306 2581 patre
1317 2515 1415 2573 meaa
1429 2518 1461 2562 ιι,

154 2601 326 2686 praesertim
348 2601 472 2678 dicitnr,
503 2602 551 2685 qni
574 2601 677 2664 ordine
694 2602 804 2685 primus
824 2601 1015 2684 intelligitur,
1044 2621 1135 2681 aquo
1152 2605 1241 2661 omnib
1256 2623 1308 2682 po-
1324 2619 1448 2677 napaeas.

155 2707 273 2765 territos
296 2708 325 2764 in
347 2707 425 2765 coelo
441 2716 470 2764 et
483 2708 513 2765 in
527 2715 605 2765 terro
621 2708 792 2765 nominatur.
840 2700 899 2785 Qui
926 2724 1021 2786 neque
1043 2702 1079 2765 ab
1107 2702 1167 2765 ullo
1186 2712 1248 2780 cst,
1280 2713 1309 2765 et

154 2805 190 2867 iia
214 2825 287 2888 quae
305 2815 374 2867 aunt
394 2826 498 2868 caussa
517 2816 563 2868 εει
579 2817 611 2869 ιιι
626 2808 697 2869 εἰιιι.
744 2804 855 2868 Verum
872 2827 936 2868 cum
954 2816 984 2867 ει
1005 2805 1081 2867 lilius
1098 2804 1136 2867 sit
1159 2805 1307 2882 existens,

155 2916 186 2967 et
200 2905 269 2968 illud
284 2904 340 2968 sibi
356 2909 599 2971 communicatum
620 2909 779 2992 acceperit,
803 2905 913 2971 Paulus
932 2904 1158 2984 samosatenus,
1183 2920 1213 2969 ει
1225 2903 1310 2969 Mar·

155 3007 259 3086 cellas,
277 3007 313 3070 ab
332 3008 380 3071 illa
404 3006 521 3072 loannis
540 3009 700 3084 sententia,
726 3031 783 3093 qua
800 3010 940 3095 seriptum
958 3018 1015 3086 est,
1038 3014 1073 3071 Iu
1087 3013 1228 3090 principio
1244 3020 1307 3071 crat
1319 3027 1397 3075 ιοιιιι.
1412 3029 1462 3085 ι,ι.

153 3111 266 3171 amdam
285 3119 357 3186 eta,
382 3111 492 3174 erroris
510 3111 696 3175 occasionem
714 3113 912 3197 arripuerunt,
932 3121 963 3175 ot
982 3111 1027 3175 dei
1047 3111 1133 3175 filium
1152 3132 1223 3176 rere
1241 3133 1308 3176 esse

153 3211 242 3276 filium
268 3212 379 3275 nollent
402 3233 576 3296 agnoscere.
632 3213 691 3279 Sed
712 3235 751 3277 cx
773 3215 837 3299 ipsa
863 3215 943 3278 verbi
969 3214 1163 3299 appellatione
1191 3237 1306 3295 oausam,

153 3315 195 3376 uti
212 3315 358 3393 diximus,
389 3314 564 3400 arripientes
585 3317 672 3379 lilium
689 3318 735 3379 dei
757 3317 959 3395 vocabulum,
978 3318 1054 3402 quod
1077 3318 1113 3380 ab
1137 3338 1188 3381 ore
1205 3339 1308 3403 proee-

154 3412 212 3493 dit,
244 3440 279 3481 ac
304 3439 407 3482 vocem
431 3418 575 3483 nominari
597 3420 764 3482 voluerunt.
811 3414 858 3482 0b
883 3419 910 3481 id
931 3430 1028 3504 patres
1050 3419 1091 3483 illi
1114 3419 1163 3504 qni
1185 3418 1306 3485 Paulum

155 3511 379 3584 Samosatenum
405 3522 597 3599 damnarunt,
630 3521 666 3583 ob
692 3522 778 3583 talem
802 3520 1130 3604 interrogatiunculam,
1165 3533 1197 3584 nt
1219 3523 1307 3586 lilium

155 3618 360 3684 subsistentem
385 3634 415 3685 et
430 3623 605 3687 existentem
622 3633 733 3685 etcum
750 3621 799 3707 qai
816 3633 862 3685 εει
881 3643 948 3686 esse
965 3624 1216 3702 demonstrarent,
1249 3646 1307 3688 uon

156 3729 252 3782 autem
276 3721 447 3786 uocabulum
470 3724 604 3807 aliquod,
636 3723 724 3786 filium
754 3725 945 3787 substantiam
969 3735 1001 3787 ut
1028 3737 1170 3788 vocarent
1191 3726 1306 3789 adducti

155 3832 242 3898 sunt,
274 3845 330 3906 qua
353 3825 533 3888 substantiae
557 3824 751 3908 appellatione
775 3826 802 3888 id
827 3826 902 3909 qnod
926 3827 1125 3911 perseipsum
1151 3827 1253 3891 existit
1270 3829 1307 3893 ab
1347 3862 1350 3867 ¹

155 3945 192 3987 eo
213 3926 288 4007 quod
313 3945 366 4008 per
389 3946 422 3988 se
445 3946 503 3988 non
522 3925 627 3987 existit
647 3924 743 4006 aliquo
767 3927 935 3990 discrimine
959 3941 1142 4012 separarent.
1188 3928 1305 3996 Etenim

154 4027 328 4091 vocabulum
348 4047 399 4111 per
421 4047 489 4090 sese
505 4047 563 4089 non
580 4024 731 4103 subsistit,
762 4047 816 4090 nec
831 4048 898 4092 esse
915 4029 961 4092 dei
979 4030 1054 4093 lilius
1070 4041 1176 4116 potest.
1222 4034 1306 4099 Alio·

155 4129 202 4212 qui
222 4129 319 4213 plnres
334 4140 422 4192 erunt
436 4128 491 4192 boe
509 4127 594 4190 modo
611 4126 659 4190 filii
683 4125 741 4190 dei.
787 4125 863 4191 Nam
881 4143 964 4214 pater
985 4133 1073 4195 multa
1090 4135 1216 4199 omnium
1235 4159 1305 4201 con·

155 4229 284 4294 sessione
300 4231 359 4294 lilio
374 4231 488 4294 loeutus
504 4241 567 4294 cst:
593 4241 624 4294 ut
643 4251 708 4293 oum
726 4228 812 4310 dixit,
834 4235 903 4293 Faba
910 4235 1140 4316 firmamentum,
1163 4242 1249 4302 Fiant
1260 4243 1306 4303 lu.

158 4363 261 4418 ΡΩΘΗ
290 4363 368 4418 ΤΩΝ
402 4365 491 4418 ΠΕΡΙ
515 4364 715 4418 ΒΑΣΙΛΕΙΟΝ
785 4367 843 4419 Gan.
858 4369 916 4419 ΧΠ.
928 4397 962 4408 -
987 4370 1009 4421 1.
1021 4369 1064 4424 καὶ
1078 4365 1113 4426 oia
1126 4370 1180 4428 tora
1194 4390 1238 4426 cm.
1253 4377 1305 4427 cod.

159 4431 221 4484 Kal
236 4432 422 4487 ΓΕΩΡΓΙΟΝ
448 4434 470 4485 Ο
492 4433 714 4487 ῩΠΟΜΝΗΜΑ·
747 4437 844 4500 llbcdt'p.

157 4497 310 4621 ἷιιέρίιριρῖε
354 4505 422 4565 Quod
444 4505 528 4553 uittam
551 4505 717 4555 εηιιιιαιυειιιι
782 4505 807 4556 2.
824 4520 854 4572 γε
871 4520 916 4558 om.
934 4509 984 4559 cod.
999 4509 1096 4574 amata.
