3096 5070
268 317 331 382 456
693 327 819 380 mem
835 325 1005 381 τοιουτου

269 449 320 512 ιιαέ
334 467 424 527 φησι,
451 448 510 509 Καὶ
528 449 646 529 ελςῆλθε
662 444 738 526 πρός
753 443 807 528 τήν
823 452 987 530 προφῆτιν,
1011 445 1204 531 διηγούμενος
1224 449 1290 530 περλ
1308 454 1361 529 τῆς
1376 453 1433 511 τοῦ

272 546 402 633 Γαβριὴλ
431 547 619 633 εῦαγγελιιιης
647 548 779 628 εἰςόδου,
812 548 847 625 ῦς
875 545 1022 630 όπεστόλη
1049 546 1109 614 ῦπό
1133 557 1211 614 θεοῦ
1231 549 1433 634 διηγήσασθαι

272 649 529 736 τήνιμονογενοῦς
552 654 622 715 υλοῦ
643 658 697 716 τοῦ
721 658 799 716 θεοῦ
819 655 934 726 ελςοῦον
955 655 995 727 εἰς
1019 650 1070 716 τόν
1093 651 1206 733 ιιόσμον
1227 655 1278 718 ιιαλ
1295 653 1434 737 γέννησιν

274 751 333 818 όπό
352 757 484 837 Μαρίας.
530 756 588 817 Καὶ
605 756 637 819 έν
651 755 751 839 γαστρλ
768 756 869 834 ἔλαβε,
892 757 982 835 φησλ,
1005 756 1057 819 καὶ
1077 757 1173 819 ἔτεκεν
1187 753 1269 822 υἱόν·
1298 756 1349 819 ιιαλ
1367 751 1434 818 εἶπε

272 856 376 941 ιιῦριος
388 853 465 938 πρός
483 857 533 938 μέ,
559 854 694 920 Κάλεσον
708 854 741 921 τό
757 854 853 938 όνομα
870 854 977 936 αῦτοῦ,
1007 859 1117 940 ταχέως
1133 856 1307 933 σκῦλευσον,
1338 857 1435 934 ὀξέως

273 957 492 1043 προνόμευσον·
524 960 595 1043 πρλν
616 956 639 1041 ἢ
659 965 770 1043 γνοῦναι
791 956 824 1024 τό
847 963 969 1024 πατῦλον
990 969 1088 1024 καλεῖν
1112 961 1238 1044 πατέρα,
1268 959 1289 1042 ἢ
1309 963 1434 1043 μητέρα,

273 1061 400 1144 λήψεται
424 1060 553 1142 δύναμιν
575 1068 757 1142 Δαμασκοῦ,
785 1062 837 1126 ιιαλ
856 1061 903 1125 τό
917 1070 1009 1126 σκῦλα
1029 1067 1199 1147 Σαμαρείας
1222 1065 1273 1127 ιιαλ
1297 1060 1333 1126 τό
1355 1064 1434 1143 έξῆς.

276 1166 336 1228 Καλ
364 1162 575 1228 πάνταταῦτα
600 1162 686 1228 οῦπω
711 1156 748 1246 ἦν
771 1165 960 1245 τετελεσμένα.
996 1163 1117 1244 ’Ἡμελλε
1138 1166 1171 1230 δέ
1191 1172 1278 1230 τοῦτο
1297 1169 1434 1250 γίνεσθαι

276 1268 308 1332 έν
330 1272 371 1354 τῷ
393 1268 449 1353 υἱῷ
472 1272 526 1330 τοῦ
550 1273 641 1346 θεοῦ,
669 1267 720 1331 ιιαλ
745 1273 935 1350 πληροῦσθαι
957 1266 1126 1350 μετόγλλια
1149 1271 1199 1349 έτη
1223 1270 1274 1332 ιιαλ
1295 1265 1437 1344 έξακόσια

276 1374 366 1435 πλείω
392 1367 511 1434 έλόσσω.
557 1371 618 1432 Καὶ
637 1368 709 1449 μεταλ
732 1370 876 1444 τοσαύτας
896 1369 997 1454 γενεοὶς
1015 1368 1052 1434 τό
1067 1372 1205 1453 μέλλοντα
1224 1367 1265 1444 τός
1278 1368 1335 1451 ἤδη
1350 1367 1437 1453 γενό·

277 1499 349 1556 μενα
364 1471 442 1555 έτόρα
457 1469 475 1536 ό
487 1470 653 1556 προφήτης.
704 1463 794 1555 1Ἀρα
807 1479 928 1554 ψεῦσμα
941 1465 997 1556 ἦι;
1020 1471 1062 1555 μὴ
1074 1474 1196 1558 γένοιτο.
1239 1469 1437 1552 Ἀλλόόσφα-

275 1583 335 1651 λῶς
349 1574 382 1640 τό
399 1572 481 1657 παρὰ
496 1578 550 1638 τοῦ
566 1581 642 1638 θεοῦ
658 1575 876 1657 οἰτονομηθέν,
905 1572 947 1650 ιός
964 1574 1022 1657 ἤδη
1045 1575 1279 1656 τετελειωμένον,
1311 1573 1437 1658 έκηρότ-

277 1704 357 1757 τετο,
387 1681 439 1742 ἰ’να
456 1674 496 1758 μή
520 1675 674 1766 αἰπιστηθῇ
693 1674 867 1760 ἦόιλήθεια·
898 1681 948 1743 ἵνα
971 1675 1011 1759 μὴ
1034 1680 1075 1752 ελς
1097 1675 1256 1762 ῦισταγμόν
1279 1679 1355 1763 ἔλθη
1377 1679 1437 1742 ’ἓν

277 1778 406 1868 ῦπονολρι
431 1786 484 1844 τοῦ
508 1779 668 1862 προφήτου
688 1779 722 1846 τό
746 1787 883 1846 τοιοῦτον
905 1782 1062 1862 έιιθαμβον
1078 1781 1130 1844 καλ
1146 1783 1311 1861 ἔκπληκτον
1327 1779 1437 1862 μυστή-

279 1906 343 1968 ριον
362 1885 464 1965 μέλλον
485 1884 613 1946 ἔσεσθαι.
650 1880 694 1946 Ἢ
705 1882 758 1965 οὐχ
774 1879 850 1972 όρᾷς
865 1879 936 1947 αῦτό
953 1880 986 1947 τό
1004 1881 1142 1967 κήρυγμα
1156 1880 1189 1947 τό
1208 1880 1436 1965 ἐπιφερόμενον,

280 1982 321 2061 οἷς
335 1987 410 2070 λέγει
424 1982 515 2058 αότός
530 1981 548 2048 ό
562 1983 645 2069 ῦγιος
656 1982 791 2062 Ἡσαΐας,
820 1982 872 2061 Ὡς
888 1984 1038 2070 πρόβατον
1055 1986 1103 2050 ἐπὶ
1123 1983 1243 2069 σφαγὴν
1257 1983 1356 2067 ἤχθη,
1384 1987 1436 2049 ιιαλ
1482 2056 1487 2064 ,

280 2085 322 2163 οἷς
339 2085 433 2168 αἰμνός
456 2089 586 2152 ἔνοπλον
604 2095 659 2152 τοῦ
683 2092 833 2174 ιιελροντος
856 2086 949 2151 αὐτόν
965 2085 1102 2167 ἄφωνος,
1133 2086 1231 2163 οῦτως
1250 2087 1308 2152 οῦκ
1325 2085 1434 2171 όνολγει

280 2189 313 2256 τό
330 2189 424 2271 στόμα
442 2189 549 2254 αὐτοῦ·
581 2187 634 2271 τὴν
653 2191 685 2255 δέ
700 2189 803 2275 γενεοὶν
825 2187 918 2254 αότοῦ
935 2193 978 2264 τλς
995 2188 1181 2274 ῦιηγήσεταις
1211 2188 1258 2255 ότι
1273 2193 1380 2274 αἴρεται
1398 2190 1431 2252 έν

280 2301 333 2376 τῆς
346 2299 401 2378 γῆς
419 2288 513 2374 ἦζωὴ
534 2289 642 2370 αὐτοῦ,
673 2295 725 2358 ιιαλ
748 2290 834 2357 ῦόσω
859 2290 928 2367 τοῦς
950 2290 1100 2376 πονηροῦς
1118 2289 1185 2356 αἰντλ
1201 2299 1254 2374 τῆς
1267 2297 1362 2371 ταφῆς
1376 2285 1427 2352 αό-

280 2402 351 2470 τοῦ,
380 2396 430 2458 καλ
447 2393 483 2459 τό
501 2396 584 2476 {Hm
630 2398 689 2459 Καλ
703 2397 791 2477 βλέπε
809 2401 874 2470 πῶς
892 2395 928 2461 τό
944 2402 1047 2479 πρῶτα
1070 2392 1177 2479 ῦστερα
1197 2399 1348 2478 διηγεῖται,
1376 2390 1428 2454 καλ

281 2495 318 2563 τό
333 2495 441 2580 ῦστερα
457 2494 498 2572 τός
510 2500 650 2581 γεγονότα
667 2497 834 2583 έρμηνεῦει,
864 2497 977 2580 φήσας,
1005 2495 1059 2573 Ὡς
1077 2496 1227 2585 πρόβατον
1242 2496 1291 2561 ent
1311 2491 1430 2579 σφαγὴν

281 2596 370 2683 ἤχθη.
418 2601 639 2687 Παρωχημένον
657 2601 689 2664 δέ
706 2603 818 2685 λέγεται
835 2596 918 2664 εἶναι.
967 2598 1011 2664 Οῦ
1030 2598 1086 2684 γόρ
1108 2598 1202 2677 εἶπεν,
1223 2595 1361 2684 Ἀγεται,
1382 2597 1435 2660 καὶ

284 2700 371 2768 οῦπω
394 2695 556 2784 ἦνόγθελς
572 2699 590 2767 ό
605 2699 664 2768 όπό
685 2700 807 2768 Ἡσαΐου
827 2701 1049 2787 κηρυττόμενος.
1089 2702 1218 2788 Ἐλέγετο
1242 2701 1275 2766 ῦλ
1298 2707 1340 2788 τῷ
1364 2724 1437 2783 προ-

283 2804 378 2894 φήτῃ,
411 2801 452 2880 τός
477 2804 535 2888 ἤδη
560 2807 768 2891 γεγεννημένον
787 2803 821 2870 τό
836 2808 929 2890 ἔργον.
972 2803 1177 2888 Ἀπαρόβατος
1191 2796 1301 2889 γόρόγν
1326 2800 1440 2885 ἡθεοῦ

284 2912 480 2992 μυσταγωγλα.
522 2905 570 2985 Ἐξ
585 2907 679 2991 αῦτῆς
695 2909 727 2972 δέ
742 2905 913 2990 όποβαλνων
930 2907 1029 2972 οῦιιέτι
1046 2905 1086 2983 οῦς
1103 2906 1244 2993 γενόμενα
1259 2909 1366 2991 ἔλεγεν,
1388 2907 1440 2969 ἰ’να

144 3024 266 3083 pus-1⁸⁸⁴·
285 3011 327 3095 μὴ
351 3008 466 3092 πλόνην
489 3008 579 3074 πόλιν
600 3011 808 3096 ἀπεργάσηται.
851 3007 950 3089 Ἀλλὰ,
983 3013 1073 3091 φησὶ,
1104 3014 1213 3094 αἴρεται
1238 3011 1271 3075 έιι
1286 3015 1340 3090 τῆς
1353 3003 1442 3091 γῆςῆ

284 3112 345 3197 ζωὴ
361 3113 462 3178 αὐτοῦ.
504 3111 553 3178 'En
569 3115 601 3178 δέ
616 3121 675 3178 τοῖν
696 3113 751 3178 ῦῦο
770 3111 949 3196 προφόσεων
972 3117 1101 3178 δείκνυσι
1122 3110 1176 3194 τήν
1194 3109 1358 3195 ἀλήθειαν,
1391 3107 1442 3174 ότι

284 3215 333 3295 τό,
353 3213 470 3299 Ἠχῦη,
492 3214 550 3299 ἤδη
568 3218 741 3293 ἐτελειοῦτο,
772 3216 823 3280 ιιαλ
840 3213 890 3292 τό,
920 3219 1059 3299 Αλρεται,
1090 3217 1240 3298 μετέπειτα
1261 3216 1440 3296 ἐπληροῦτο,

158 3331 165 3343 '
284 3321 335 3384 ἵνα
354 3316 412 3382 όπό
431 3325 486 3382 τοῦ
506 3320 655 3403 γεγονέναι
674 3317 783 3406 νοήσῃς
799 3315 832 3382 τό
850 3317 961 3400 ἀληθές
975 3320 1025 3382 καλ
1042 3316 1075 3382 τό
1093 3317 1204 3402 πόγιον
1219 3324 1272 3399 τῆς
1288 3324 1344 3381 τοῦ
1361 3320 1441 3378 θεοῦ

286 3424 471 3506 ἐπαγγελίας,
503 3418 562 3486 όπό
587 3422 618 3486 δέ
640 3428 693 3485 τοῦ
718 3422 872 3501 μέλλοντος
894 3422 1014 3485 ἔσεσθαι
1037 3419 1090 3485 τόν
1114 3422 1221 3506 χρόνον
1249 3415 1444 3490 θῦπειιιόσεις

286 3533 346 3590 των
366 3522 655 3606 όποιιαλοπτομένιον
677 3527 854 3608 μυστηρίων.

160 4058 226 4128 Κεφ
243 4059 274 4123 ξ.
380 4038 467 4104 Οῦτω
482 4041 532 4103 ιιαλ
547 4039 595 4104 έπλ
613 4045 649 4126 τῇ
665 4041 774 4125 Μαρία
789 4033 809 4102 ό
822 4035 940 4121 ῦγγελος
959 4037 1114 4119 προέλεγεν
1135 4032 1210 4116 ὅπερ
1226 4033 1339 4113 έμελλεν
1356 4030 1446 4112 ελςερ-

289 4142 413 4228 χόμενος
435 4138 568 4225 όιτατηρ
590 4140 698 4222 ταύτης
719 4143 760 4214 εἰς
782 4137 834 4205 τόν
858 4135 941 4204 οέιιον
965 4137 1017 4202 τόν
1040 4139 1117 4202 ἴδιον
1141 4131 1222 4219 παρό
1239 4140 1314 4198 θεοῦ
1331 4135 1446 4212 ιιομλζε-

290 4255 379 4325 σθαι,
410 4244 443 4309 τό
459 4240 497 4309 δι’
511 4241 597 4326 εῦχης
612 4244 735 4326 αἰτηθὲν
751 4240 801 4307 ῦιοῖ
817 4249 870 4324 τῆς
886 4246 940 4305 τοῦ
955 4238 1066 4325 πατρός
1088 4241 1139 4304 καλ
1158 4235 1267 4320 μητρός
1291 4233 1446 4315 αἰτήσεως,

289 4347 350 4427 ότι,
379 4346 457 4413 Ἰῦοῦ
474 4345 584 4433 ἡγυνό
603 4368 658 4412 σου
676 4353 870 4428 σννειληφνῖα
887 4345 918 4408 έν
932 4348 1048 4428 γαστρί·
1077 4345 1127 4407 ἵνα
1142 4345 1270 4424 βεβαίως
1292 4335 1446 4426 περαιόση
1538 4382 1540 4386 .

325 4521 384 4571 cn.
401 4523 444 4573 VI.
460 4550 493 4560 -
528 4518 550 4571 1.
568 4511 766 4587 ἆραοοιλσπει.
800 4511 851 4585 ἄρα
917 4515 943 4566 2.
961 4521 1078 4568 Ατιὶαιλυι
1093 4513 1126 4582 η’,
1144 4516 1280 4578 ηυιοιισίιι·
1295 4515 1449 4562 habentem

290 4592 353 4647 caiti.
884 4582 923 4655 λι,
940 4587 1081 4655 ιγρορτορλι·
1097 4585 1237 4639 Βοιλλιτιυίι
1253 4582 1348 4635 debetur
1364 4582 1447 4635 τιτοτλ
