3096 5070
275 258 337 324 382
702 271 823 326 ιιυστι
842 273 1011 326 amma

274 414 333 468 νει,
362 387 472 474 λάρυγξ
488 390 520 455 δέ
537 398 604 454 σῖτα
621 388 751 475 γεῦεται,
782 394 841 475 καί,
850 389 1011 473 ὀφθαλμός
1026 400 1177 471 κατανοεῖ,
1207 392 1257 456 καλ
1275 397 1346 467 νοῦς
1361 387 1433 480 όρᾷ.

264 489 391 572 Ὅρασις
414 496 515 557 τοίνυν
533 494 584 557 καί
600 499 699 577 γεῦσις
716 495 764 558 καί
781 493 928 579 διάκρισις
953 490 972 557 ό
989 501 1061 569 νοῦς
1084 497 1115 560 ἐν
1129 491 1202 577 ήμῖν
1226 491 1365 577 ἀπάρχει,
1397 495 1435 559 ἐκ

275 599 352 658 θεοῦ
367 590 440 675 ήμῐν
453 597 674 678 κεχαρισμένος,
697 593 782 660 οῦττοι
803 597 835 661 θέ
850 595 1102 681 συγκαταθετικός
1117 603 1177 661 τῶν
1191 595 1239 660 ἀεὶ
1257 597 1435 681 γινομένων,

275 694 329 763 ίάν
346 695 388 778 μή
403 699 478 787 θίλη
496 693 514 762 ό
530 695 701 780 ἅνθρωπος.
743 695 782 761 Ἡ
794 699 825 763 δὲ
845 698 916 783 σάρξ
932 698 979 762 ἀεί
998 700 1030 763 ἐν
1045 697 1126 788 πάση
1143 706 1244 786 γραφή
1262 694 1433 783 ἀποκηρῦτ·

273 824 351 863 τεται
373 797 422 864 διά
445 799 499 881 τήν
522 801 553 865 ἐν
578 797 653 889 αῦτῇ
675 802 834 885 γινομένην
858 804 1029 883 ἐπιθυμίαν.
1077 799 1122 866 Οῦ
1145 800 1263 876 πάντας
1285 800 1317 865 δὲ
1339 799 1437 884 αιἰτήν

273 899 327 982 τήν
344 899 440 983 σάρκα
457 900 670 987 ἀποκηρύττει,
701 900 772 967 ἀλλά
788 901 824 967 τά
841 907 871 980 ἐξ
888 903 982 984 αὐτῆς
997 902 1136 987 γινόμενα
1152 901 1335 987 ἀπεκήρυξεν
1351 899 1369 967 ό
1384 901 1436 968 λό·

275 1028 343 1090 γος,
366 1001 407 1079 ῶς
424 1007 483 1086 ἔφη
501 1002 518 1070 ό
535 1004 715 1085 ἀπόστολος,
742 1001 819 1070 olda
836 1005 892 1091 γάρ
910 1004 956 1071 ὅτι
971 1004 1027 1071 οῦκ
1043 1010 1120 1070 οἰκεῖ
1133 1008 1165 1071 ἐν
1182 1008 1263 1087 ἐμοὶ,
1285 1007 1438 1070 τουτέστιν

275 1106 308 1171 ίν
327 1113 363 1195 τῇ
381 1111 468 1192 σαρκί
484 1133 557 1188 μου,
588 1106 721 1191 ἀγαθόν,
754 1106 804 1172 διά
825 1105 860 1171 τά
885 1110 918 1174 ἐκ
934 1115 987 1190 τῆς
1002 1107 1113 1194 σαρκός
1138 1107 1331 1190 ἐπιφυόμενα.
1365 1105 1438 1172 Ἵνα

276 1208 308 1272 δέ
325 1207 548 1292 ἀποκροῦσηται
572 1216 633 1275 τῶν
658 1211 799 1294 αίρέσεοιν
821 1208 876 1292 τήν
898 1211 1049 1290 διάνοιαυ,
1081 1209 1122 1292 μή
1142 1236 1207 1285 πῶς
1221 1214 1364 1292 νομίσωσι
1378 1209 1438 1292 τήν

275 1308 371 1395 σάρκα
387 1307 446 1377 ἀπό
462 1319 515 1393 τῆς
532 1318 590 1376 τῶν
608 1319 722 1395 νεκρῶν
737 1311 926 1389 ἀναστάσεοις
946 1311 1176 1394 4ἀιπηλπίσθαι,
1206 1314 1296 1397 λέγει,
1327 1320 1385 1376 Δεῖ
1399 1310 1435 1377 τά

276 1411 417 1497 φθαρτόν
432 1421 521 1479 τοῦτο
537 1411 720 1479 ἐνδύσασθαι
737 1411 928 1500 ἀφθαρσίαν,
951 1417 1001 1479 καί
1022 1414 1055 1481 τό
1071 1413 1186 1496 θνητόν
1203 1422 1290 1480 τοῦτο
1311 1412 1437 1480 ἐνδῦσα-

276 1523 349 1580 σθαι
366 1515 549 1594 ἀθανασίαν,
577 1519 629 1580 ἵνα
652 1515 694 1599 μή
711 1518 921 1602 παρεκβάλλοον
936 1515 972 1582 τά
987 1520 1057 1602 ἔργα
1076 1524 1130 1600 τῆς
1146 1515 1272 1602 σαρκός,
1301 1514 1437 1601 ἀσάρκα

276 1619 384 1683 ελαθεν
400 1614 421 1700 ή
437 1615 539 1702 γραφή
562 1624 678 1698 καλεῖν,
708 1624 864 1701 νομισθείη
888 1619 942 1702 τήν
967 1623 1069 1685 ἐλπίδα
1094 1627 1146 1702 τῆς
1166 1617 1354 1694 ἀνασιάσειος
1380 1625 1436 1701 τῆς

276 1717 386 1805 σαρκός
408 1719 627 1803 παρεκβάλλειν.
677 1719 720 1786 Τά
739 1718 794 1805 γάρ
818 1723 888 1806 ἔργα
904 1720 940 1786 τά
959 1725 991 1788 ἐν
1009 1720 1084 1811 αῦτή
1106 1720 1244 1807 γινόμενα
1261 1728 1363 1803 φαῦλα
1382 1744 1434 1786 σα·

277 1829 344 1902 φῶς
359 1821 559 1906 ἀπεκήρυξεν,
590 1821 685 1905 αῦτήν
709 1823 741 1888 ιλέ
757 1822 810 1905 τήν
833 1823 930 1909 σάρκα
953 1825 1040 1910 ἀγιον
1055 1823 1129 1889 ναόν
1152 1826 1312 1905 ἐπέδειξεν,
1344 1826 1376 1889 ἐν
1393 1830 1435 1911 τῷ

276 1919 428 2010 ἀγιάσαντι
444 1924 539 1989 αὐτοῦ
562 1924 615 2009 τήν
637 1925 748 2011 σάρκα,
779 1924 854 1990 κατά
870 1926 902 1992 τό
922 1929 1121 2013 γεγραμμένον
1141 1925 1203 2006 ότι,
1236 1930 1385 2012 Θρησκεία
1403 1927 1436 1992 δὲ

276 2025 399 2111 καθαρά
414 2034 454 2115 τῷ
468 2034 531 2115 θεῶ
552 2030 603 2092 καὶ
624 2031 713 2114 πατρί
735 2027 809 2112 αῦτη
828 2029 924 2108 ἐστίν,
954 2032 1183 2096 ἐπισκέπτεσθαι
1208 2027 1361 2115 ἀρφανοῦς
1383 2030 1436 2094 καί

276 2131 369 2215 γήρας
386 2131 417 2194 ἐν
435 2135 470 2218 τῇ
491 2134 595 2212 θλίψει
613 2129 724 2209 αὐτῶν,
756 2129 880 2196 ἀσπιλον
906 2130 1012 2197 ἑαυτόν
1030 2142 1129 2216 τηρεῖν
1151 2131 1212 2198 ἀπό
1239 2140 1293 2198 τοῦ
1309 2130 1431 2212 κόσμου.

279 2235 339 2298 Καί
357 2231 443 2319 ἀλλιμ,
468 2231 646 2316 οΜακάριοι
664 2237 696 2299 σί
710 2230 804 2317 ἀγνήν
821 2231 875 2316 τήν
891 2232 987 2319 σάρκα
1002 2234 1188 2319 τηρήσαντες.
1233 2231 1378 2306 Πολλάκις
1396 2230 1429 2293 δέ

276 2333 340 2402 κατ’
356 2336 449 2417 αὐτῆς
465 2336 588 2418 λέγουσα
604 2333 623 2418 ή
638 2333 741 2421 γραφή
759 2338 891 2412 ἐδίδαξεν
909 2334 990 2419 ήμῶς
1010 2336 1063 2412 τάς
1080 2339 1242 2420 ἐπιθυμίας
1253 2335 1302 2400 καλ
1318 2328 1427 2413 ήῦυνάς

279 2440 309 2516 ἐξ
327 2435 418 2518 αῦτῆς
434 2435 613 2518 βλαστάνειν.
660 2435 745 2502 Κατά
760 2437 792 2502 ὀί
809 2444 862 2503 τοῦ
877 2445 931 2503 νοῦ
946 2439 1034 2504 οῦιλέν
1050 2443 1190 2523 ἐξηγεῖται
1206 2431 1356 2520 η’γρσφῆ,
1379 2429 1427 2495 ἆί·

277 2539 328 2621 λά,
363 2547 453 2606 Ψαλῶ
476 2545 517 2628 τῷ
540 2545 604 2618 νοῒ,
635 2547 722 2621 ψαλῶ
743 2545 782 2627 τῷ
800 2537 961 2620 πνεύματι,
989 2544 1056 2619 καλ,
1086 2541 1155 2607 Ἐἀν
1176 2543 1262 2623 ψαλῶ
1282 2535 1372 2601 πάλιν
1390 2539 1432 2621 τῷ

279 2643 438 2727 πνεύματι,
470 2639 489 2708 ό
507 2643 539 2707 δὲ
555 2647 626 2717 νοῦς
643 2667 702 2724 μου
718 2639 854 2724 ἀκαρπός
875 2644 943 2709 ἐστι.
988 2645 1048 2707 Καὶ
1066 2642 1138 2731 ὁρᾷς
1158 2643 1202 2711 ὅτι
1218 2644 1251 2708 ἐν
1267 2638 1349 2726 αῦτῷ
1364 2661 1435 2720 καρ·

278 2745 354 2826 πός,
377 2748 409 2811 ἐν
423 2751 463 2832 τῷ
477 2752 528 2832 νῷ.
574 2741 640 2808 Κάν
655 2768 685 2808 τε
701 2742 742 2826 μή
757 2736 779 2833 ή
795 2742 926 2829 καρπός,
958 2745 994 2811 οῦ
1010 2744 1130 2822 πάντως
1153 2744 1206 2812 τόν
1227 2749 1301 2810 νοῦν
1323 2739 1435 2806 κατέλι-

279 2851 327 2926 ξεν
349 2850 380 2915 ἐν
401 2845 571 2935 ἀμαρτίαις,
593 2843 665 2911 ἀλλά
687 2843 724 2913 δι’
746 2844 840 2911 αῦτοῦ
862 2853 971 2929 μᾶλλον
991 2846 1043 2914 τόν
1064 2845 1182 2932 καρπόν
1203 2842 1389 2928 ἀπεφήνατο.

139 3268 264 3391 mm,
376 3263 410 3324 Τί
425 3259 457 3324 d}
476 3264 585 3323 1τοῦτο
606 3254 682 3342 πράς
701 3256 755 3339 τήν
770 3264 825 3322 τοῦ
845 3261 951 3342 κυρίου
974 3255 1059 3340 ήμῶν
1079 3256 1207 3339 δῦναμιν
1224 3263 1277 3337 τῆς
1294 3251 1442 3334 θεότητος

202 3324 273 3377 '⁸⁵'
285 3359 442 3444 ίνσκήψεις
472 3367 499 3427 τί
515 3361 547 3426 ιλέ
560 3358 719 3445 η’μαῦρωσε
735 3357 790 3443 τήν
806 3357 898 3426 αῦτοῦ
915 3360 1042 3443 ιλῦναμιν
1057 3367 1111 3442 τής
1129 3356 1215 3443 ἀγίας
1231 3353 1372 3444 γυναικός
1388 3380 1443 3439 γα-

281 3462 370 3549 στήρ,
393 3461 489 3548 μήτρα
508 3464 677 3547 παρθένου,
702 3468 856 3528 ’τοκετῶν
876 3461 981 3547 πόροι,
1005 3460 1130 3546 ἀγκάλαι
1145 3467 1324 3543 Συμεῶνος,
1351 3453 1443 3520 ³”Av-

281 3593 334 3648 νης
351 3563 499 3648 ῦτιοὸοχή,
523 3569 646 3650 Μαρίας
664 3562 848 3648 βασταγμάς,
871 3572 923 3647 τῆς
939 3563 1054 3648 πόρνης
1072 3560 1165 3645 ἀφαλ,
1187 3567 1279 3647 τρίχες
1295 3555 1444 3646 γυναικός

282 3672 385 3734 ποθῶν
403 3665 582 3749 ἀπτόμευαις
603 3665 675 3730 ἀλλά
695 3664 731 3730 τά
747 3665 881 3752 θάκρυα,
904 3665 976 3731 ἀλλά
992 3669 1145 3750 μνήματος
1163 3669 1197 3730 αί
1210 3667 1324 3741 θίσεις,
1369 3666 1444 3726 Σιν-

282 3768 344 3836 ἐῶν
357 3769 413 3857 γάρ
428 3769 545 3853 είλήσας
557 3767 589 3834 τό
603 3776 686 3851 σῶμα
702 3765 795 3834 αάτοῦ
810 3768 848 3836 οά
861 3772 1041 3855 περιεγένετο
1057 3772 1171 3835 ἐκείνου
1187 3775 1242 3833 τοῦ
1255 3764 1445 3851 ἀκραιφνοῦς

282 3875 332 3940 καλ
348 3880 401 3956 τῆς
417 3872 511 3937 αὐτοῦ
527 3877 662 3957 μεγίστης
684 3871 845 3955 δυνάμεως.
892 3875 952 3937 Καί
974 3871 1030 3958 γάρ
1055 3874 1098 3938 ἔτι
1119 3874 1150 3937 ἐν
1170 3874 1266 3957 κοιλίᾳ
1288 3868 1445 3952 τυγχάνων

280 3974 421 4058 Ἰιοάννης
437 3978 570 4059 ἐσκίρτα,
600 3979 709 4059 χαίρων
727 3975 776 4040 ἐπί
789 3981 827 4064 τῇ
841 3981 894 4040 τοῦ
907 3973 1054 4040 δεσπότου
1072 3974 1166 4039 αὐτοῦ
1182 3970 1258 4057 πρός
1275 3967 1366 4035 αῦτάν
1383 3970 1444 4045 είς·

283 4077 361 4164 όδῳ,
391 4075 440 4143 ῦιά
456 4085 510 4160 τῆς
529 4076 753 4162 ἐγκυμονήσεοις
772 4084 825 4159 τῆς
840 4073 926 4162 ἀγίας
941 4079 1109 4162 παρθένου·
1140 4076 1295 4163 γεννηθείς
1312 4073 1361 4150 ιλέ,
1389 4072 1446 4139 καλ

315 4248 340 4303 4.
360 4254 425 4302 Libri
440 4254 512 4315 υυίρο
530 4245 699 4319 ἀφηλιτίσθαι.
911 4249 936 4300 2.
953 4253 1060 4302 Ροιιοιιι
1077 4249 1219 4303 τοκετικῶν.
1256 4249 1291 4309 Of.
1308 4247 1373 4308 infra
1388 4261 1446 4311 ιορ.

315 4322 340 4371 5.
357 4323 425 4371 Hunc
439 4323 524 4382 λοαυυι,
541 4323 581 4370 ubi
597 4327 665 4383 ιτιιε,
682 4323 783 4383 τιριτίτι
795 4333 845 4369 non
876 4316 920 4370 36.
1016 4372 1029 4389 ,Ι

342 4392 347 4402 ’
911 4385 936 4438 3.
948 4378 1043 4452 ’Δννης
1062 4390 1154 4437 restitui
1170 4400 1199 4436 ια
1216 4386 1353 4434 auctoritate
1374 4384 1447 4434 codi-

319 4404 490 4509 gnxxtx.
509 4481 540 4496 -
578 4455 600 4507 1.
616 4457 690 4509 τοῦτο
705 4456 771 4506 codd
788 4468 843 4504 οιιι.
878 4457 1046 4517 μειρακίοισι,
1074 4470 1145 4516 quam
1161 4455 1269 4516 probavit
1285 4455 1356 4499 eriam
1373 4453 1447 4500 Ριία-

282 4531 385 4588 aerque.
402 4521 490 4577 τοῦτου
507 4525 563 4575 editi
580 4526 641 4574 libra
877 4526 938 4573 υίυε.
971 4525 999 4574 λιι
1013 4525 1063 4574 cod.
1080 4525 1126 4574 λιιι
1142 4525 1227 4585 ίιριίυτ
1242 4512 1336 4586 αῦῦήἳ,
1352 4522 1378 4569 ἑο
1392 4522 1446 4570 cod
