3096 5070
367 306 504 359 ransart
521 306 586 358 Lib.
597 306 641 357 ΗΙ.
658 306 773 359 nostr.
791 305 890 358 ΗΔΕΗ.
903 305 1011 357 Lxxrt.
1225 297 1263 358 51

212 546 403 597 EXBMPLUM
421 543 602 598 nrtsrotatt
620 545 807 607 Masonem,
826 545 923 608 QUEM
941 546 982 595 ΟΒ
999 543 1166 596 HAERRSIM

518 629 676 680 SYNODUS
695 630 868 680 DEPOSUIT.

196 747 373 816 Beatissimo
396 750 528 833 collegae
551 748 623 811 lulio
645 745 807 813 Marcellus
828 749 859 812 in
882 743 1003 812 Cbristo
1025 747 1164 810 salntem.

197 849 272 917 Com
287 852 418 917 nonnulli
438 849 528 914 exiis
545 850 612 934 qni,
636 851 712 934 quod
733 872 832 936 parum
848 850 962 933 integre
982 850 1018 913 de
1034 850 1089 913 fide
1106 848 1264 928 sentirent,

110 965 197 1019 antea
222 954 407 1018 corrdemnati
433 962 518 1031 suot,
551 953 657 1036 quique
683 972 701 1014 a
724 973 770 1015 me
791 953 821 1014 io
840 951 975 1016 Nicaeae
997 952 1112 1036 synodo
1135 950 1265 1014 convicti

110 1067 191 1135 suot,
216 1067 318 1119 contra
336 1076 381 1119 me
395 1055 430 1118 ad
446 1054 581 1139 pietatem
599 1067 675 1118 tuam
693 1054 825 1118 scribere
843 1076 901 1118 oon
917 1054 1127 1131 dubitaverint,
1151 1073 1198 1116 me
1213 1072 1268 1116 nec

110 1170 210 1235 neoto,
234 1179 289 1220 nec
306 1179 371 1221 cum
389 1158 532 1221 ecciesiae
551 1157 684 1222 doctrina
700 1167 900 1221 consentanee
917 1156 952 1219 de
970 1155 1025 1219 fide
1040 1167 1192 1233 statuere,
1226 1155 1268 1218 uti

111 1259 222 1322 crimen
240 1280 323 1322 suom
340 1258 369 1322 in
385 1280 432 1322 me
449 1260 661 1337 transferrent,
695 1268 850 1344 propterea
868 1259 1039 1322 necessario
1054 1256 1179 1321 Romam
1198 1256 1267 1320 mibi

112 1359 304 1441 veniendum,
328 1374 357 1424 rt
376 1373 404 1425 te
421 1363 662 1426 commonendum
683 1360 800 1445 putavi,
826 1371 858 1424 ut
875 1381 927 1423 cos
944 1358 993 1444 qui
1010 1368 1114 1424 contra
1131 1379 1177 1422 me
1194 1357 1268 1421 scri·

111 1475 232 1546 pserunt
253 1484 439 1543 arcesserem
473 1474 504 1527 ut
520 1485 584 1527 cuni
607 1464 816 1540 advenissent,
849 1463 885 1526 de
901 1461 1015 1526 duobus
1029 1462 1086 1525 iilis
1100 1482 1118 1524 a
1133 1480 1179 1525 me
1196 1481 1267 1524 con·

112 1566 316 1644 vincerentur,
348 1588 414 1630 cuna
437 1567 486 1629 iila
513 1566 574 1651 ipsa
594 1566 666 1629 iaisa
685 1586 752 1628 esse
771 1584 845 1647 quae
863 1565 892 1627 in
912 1585 958 1627 me
973 1565 1174 1648 scripserunt,
1207 1573 1266 1626 turn

110 1687 162 1731 eos
180 1669 274 1732 adbuc
289 1668 318 1731 in
337 1669 461 1753 pristino
484 1688 587 1732 errore
612 1687 805 1752 perseverare
823 1677 854 1730 ct
868 1666 986 1750 indigna
1004 1666 1144 1750 quaedam
1161 1666 1267 1729 adver-

108 1790 160 1833 sus
182 1772 323 1835 ecciesiae
347 1771 392 1835 dei
416 1792 450 1833 ac
473 1791 527 1834 nos
551 1771 631 1855 ipsos
657 1769 773 1832 iliarum
801 1767 952 1853 praesides
977 1789 1045 1832 esse
1070 1766 1264 1831 machinatos.

109 1868 170 1936 Sed
189 1896 253 1936 oum
272 1874 313 1936 itti
329 1875 432 1936 venire
448 1873 613 1950 noluerint,
649 1873 764 1934 tametsi
782 1870 972 1955 presbyteros
989 1871 1024 1933 ad
1040 1871 1121 1955 ipsos
1137 1870 1265 1948 miseris,

109 1994 166 2057 ego
184 1995 256 2037 reru
272 1988 358 2037 aianol
371 1975 488 2058 integro
512 1996 547 2038 ac
567 1974 660 2038 tribus
683 1972 833 2037 mensibus
851 1970 964 2036 Romae
989 1983 1185 2036 commoratus
1203 1973 1267 2036 fne-

109 2076 183 2154 rirn‚
218 2074 381 2139 iaciendum
399 2075 468 2138 mihi
484 2082 602 2141 omuino
619 2077 750 2155 censui,
773 2086 805 2138 ut
824 2085 893 2139 sote
909 2095 995 2158 quarn
1014 2075 1080 2138 binc
1098 2073 1266 2160 proficisce-

109 2197 176 2254 rer,
199 2197 282 2241 meae
301 2177 365 2240 tidei
389 2179 603 2262 professionem
622 2178 672 2241 tibi
694 2178 810 2242 sincere
828 2189 915 2261 atque
934 2197 974 2240 ex
995 2177 1110 2252 animo,
1142 2196 1266 2259 meaque

108 2300 195 2342 mano
222 2281 412 2365 perscriptam
436 2281 590 2361 offerrem,
624 2282 738 2364 quatern
762 2279 850 2343 didici
872 2289 959 2363 atquc
980 2299 1021 2342 ex
1044 2279 1149 2342 divinis
1171 2279 1266 2342 literis

109 2402 173 2445 sum
190 2383 327 2461 edoctos,
362 2394 391 2445 et
410 2394 442 2446 ut
459 2384 488 2447 in
510 2384 679 2446 memoriam
702 2382 753 2446 tibi
775 2402 948 2446 revocarem
967 2401 1041 2464 quae
1059 2400 1211 2465 perperam
1229 2379 1265 2445 ab

108 2483 167 2548 iliis
184 2496 373 2565 asseruntur3
407 2485 569 2570 exquibus
594 2484 776 2569 intelligeres
800 2485 972 2569 quibusoam
996 2483 1031 2545 ad
1050 2483 1199 2546 auditores
1215 2484 1265 2546 de-

108 2585 258 2702 cipiendos
282 2588 419 2652 adhibitis
446 2587 631 2652 sermonibus
654 2586 809 2651 veritatem
833 2586 981 2650 occultare
1006 2593 1161 2648 conantur.
1216 2580 1266 2647 ln·

107 2688 209 2773 primis
225 2692 302 2754 enim
292 2701 431 2775 rnegant
448 2690 595 2754 dominum
619 2700 751 2753 nostrum
777 2687 875 2753 lesum
895 2685 1046 2752 Christum
1036 2687 1213 2772 rpropriuna
1230 2708 1266 2750 ao

108 2813 210 2855 verum
223 2793 269 2855 dei
284 2793 490 2878 omnipotentis
505 2814 572 2857 csse
588 2792 720 2858 verbum.
767 2790 828 2856 Sed
837 2761 944 2855 biiud
936 2791 1028 2876 ipsius
1045 2809 1112 2853 esse
1129 2788 1263 2869 verbum,

109 2893 196 2956 aliam
212 2894 385 2980 sapientiam
400 2907 431 2958 et
443 2896 580 2959 virtutem
598 2916 666 2959 esse
680 2894 858 2979 praedicant.
907 2890 989 2956 ΙΙΙιιιιι
1003 2913 1088 2971 vero,
1113 2902 1264 2977 postquam

12 3037 15 3041 ›
109 3017 139 3059 ra
156 2996 249 3059 iucem
272 2997 311 3062 sit
328 2998 441 3076 editus,
476 2998 598 3083 abipso
621 2997 760 3075 verbnm,
796 3007 826 3060 et
841 2997 1034 3081 sapientiam,
1053 2994 1264 3079 'virtutemque

108 3099 301 3163 nominatum.
348 3096 515 3182 Quodnam
538 3101 681 3176 sentiant,
714 3100 800 3162 aliam
817 3120 834 3162 a
852 3108 933 3183 patre
956 3099 1102 3161 diversam
1126 3097 1265 3183 byposta·

107 3201 163 3266 sim
181 3222 248 3265 esse
267 3203 346 3265 ilium
364 3185 547 3266 existimant.
591 3199 754 3266 Praeterea
780 3211 890 3284 patrem
914 3212 982 3263 anto
1005 3201 1094 3264 tilium
1118 3201 1262 3279 existere,

108 3322 148 3367 ex
164 3304 208 3368 bis
226 3325 300 3388 quae
319 3303 451 3368 scribunt
473 3306 627 3369 manifeste
653 3306 819 3382 declarant,
853 3324 908 3366 nec
926 3303 1020 3388 ipsum
1043 3322 1115 3367 rere
1138 3322 1206 3366 esse
1231 3302 1264 3365 ii-

107 3403 177 3468 liom
198 3419 316 3492 epatre
337 3405 556 3493 procedentem.
603 3405 662 3473 Sed
681 3407 737 3471 etsi
758 3429 775 3470 o
794 3407 849 3470 deo
870 3427 936 3470 esse
953 3407 1063 3485 dicant,
1088 3405 1210 3490 perinde
1229 3404 1264 3467 it-

109 3505 166 3568 lum
180 3509 360 3575 arbitrantur
375 3533 410 3575 ac
427 3524 527 3575 cetera
542 3512 640 3575 omnia
656 3522 755 3576 creata
774 3510 930 3594 proticisci.
976 3510 1023 3573 Ad
1045 3510 1137 3585 baec,
1170 3506 1263 3569 fuisse

108 3606 260 3690 aliquando
279 3633 343 3675 oum
367 3615 494 3677 nondum
511 3625 591 3678 esset
613 3616 757 3678 affirmare
774 3634 833 3676 non
851 3612 1000 3692 dubitant,
1032 3612 1164 3691 adeoque
1180 3626 1263 3670 orea-

108 3719 202 3772 turam
225 3720 255 3773 et
269 3713 412 3796 opificium
428 3735 514 3794 esse,
549 3736 633 3799 quern
651 3717 737 3780 etiam
754 3737 772 3778 a
789 3726 871 3800 patre
891 3715 1059 3798 seiungunt.
1106 3713 1171 3798 Ego
1189 3735 1262 3779 vero

108 3810 155 3894 qni
174 3810 246 3874 baec
262 3825 398 3876 esserunt
412 3815 447 3878 ab
463 3817 589 3880 ecclesia
603 3817 743 3881 catholica
759 3817 871 3880 alienos
886 3836 953 3880 esse
967 3837 1137 3900 persuasum
1155 3817 1258 3881 babeo.

109 3911 186 3977 ‘l'um
205 3914 300 3977 sacris
322 3915 415 3978 literis
437 3916 595 3979 inhaerens
617 3919 704 3980 credo
723 3938 810 3981 unum
831 3939 898 3981 esse
921 3921 1006 3981 deum
1028 3927 1059 3980 et
1081 3918 1260 4002 unigenitum

106 4015 171 4080 eius
188 4015 277 4081 filium
303 4017 443 4096 verbum,
475 4017 523 4101 qui
548 4028 713 4103 compatre
736 4039 853 4103 semper
876 4020 996 4098 existit,
1031 4040 1087 4083 nec
1111 4021 1261 4087 existendi

106 4116 220 4184 initium
237 4120 326 4185 nilum
350 4140 476 4205 unquam
500 4118 609 4184 babuit.
653 4118 735 4183 Idem
759 4140 863 4184 revera
882 4142 898 4184 a
916 4121 971 4183 deo
991 4122 1169 4205 procedens,
1203 4146 1261 4189 non

108 4275 234 4324 Carnarius
248 4278 317 4326 vertit
330 4283 356 4324 et
369 4291 419 4325 non
435 4290 489 4325 esse
505 4274 585 4342 ipsum
607 4290 665 4325 rere
699 4276 783 4336 editis,
777 4273 892 4356 p..107
929 4275 1003 4337 Vctpo
1017 4280 1080 4326 extat
1095 4274 1162 4330 κατὰ
1174 4275 1261 4332 πάντα.

106 4339 182 4390 filiurn
200 4359 231 4391 ex
248 4343 305 4428 dep.
734 4344 757 4393 ὁ.
777 4357 821 4394 css
842 4343 910 4391 codd.
934 4357 989 4395 mss.
1006 4348 1107 4408 utsrprrs.
1142 4363 1183 4400 οτι
1206 4349 1263 4397 eddi

139 4405 164 4459 4.
194 4407 294 4464 καὶτὰ
317 4408 399 4464 πάντα
422 4414 521 4463 moran
547 4413 572 4462 C
591 4415 620 4463 Η
640 4415 667 4463 G
702 4413 762 4461 libri

105 4477 242 4542 Rettbsrp'
233 4495 259 4530 sn
274 4481 433 4531 discretionis
450 4482 580 4543 Gottinpioe
598 4477 669 4532 1794.

993 4550 1044 4616 4*

1291 767 1353 838 Cap.
1371 771 1402 821 Η.
