3096 5070
383 281 520 336 PlNlllll
536 281 600 336 Ltu.
616 283 661 336 lll.
675 281 760 336 Tota.
771 284 792 335 l.
808 282 911 335 HAER.
925 281 1047 336 Lxxrta
1233 272 1295 336 117

134 405 164 469 ia
181 404 279 470 animo
297 403 443 469 habebant
459 403 664 485 occultarunt,
696 425 762 467 cum
780 402 851 467 nihil
868 402 945 466 aliud
964 380 1086 488 praeter¹
1099 402 1168 467 illud
1185 403 1215 468 in
1231 404 1294 490 opi·

133 508 221 572 aioae
240 507 399 586 baberent,
431 506 507 591 quod
528 525 631 568 eorum
645 506 740 591 gratia
760 507 895 570 lecerunt
911 504 959 588 qui
976 525 1010 568 se
1026 507 1062 569 ad
1077 504 1208 590 ipsorum
1225 528 1295 572 coe·

133 621 192 674 tuan
210 619 462 696 aggregaverant,
499 607 633 671 homines
657 608 785 693 alioquin
808 606 986 685 orthodoxi,
1015 607 1067 670 sed
1092 608 1292 688 simulatores,

114 723 163 789 ,et
178 713 364 799 imperatoris
387 709 526 797 potestati
545 708 730 790 servientes,
762 711 944 794 eandemque
968 707 1211 789 reformidantes,
1245 710 1295 795 qni

131 837 231 880 secam
256 815 384 880 invicem
408 813 577 877 inimicitias
599 813 792 877 exercebant.
836 809 915 876 Nam
936 808 1100 897 Eutycbius
1119 810 1295 877 Eleuthero-

131 917 295 1004 politaaus,
328 925 428 1000 utpote
453 937 470 979 a
495 915 581 978 beato
605 912 780 980 Maximona
800 912 1075 998 Hierosolymitano
1099 915 1238 1000 episcopo
1259 937 1294 980 aa

131 1023 305 1085 coalessore
328 1018 491 1083 catholicae
514 1018 581 1081 fidei
603 1017 746 1081 institutis
763 1018 902 1096 edoctas,
936 1027 1056 1101 propter
1072 1013 1178 1103 Cyrilli
1196 1017 1294 1083 odium

130 1124 165 1187 ad
186 1122 327 1186 Acacium
352 1141 420 1184 sese
439 1142 497 1184 noa
520 1119 669 1184 adiunxit.
717 1117 775 1202 Qui
795 1118 911 1203 quidem
929 1119 1078 1203 aliquanto
1097 1131 1228 1203 tompore
1245 1142 1294 1184 ea·

130 1223 265 1289 tbolicam
282 1224 365 1286 fidem
385 1223 563 1307 amplectens
581 1221 732 1307 dignitatis
750 1242 823 1286 suae
841 1221 1013 1286 retinendae
1037 1223 1133 1307 gratia
1158 1224 1294 1287 dissimu-

130 1326 220 1404 lavit3
244 1336 320 1389 utet
339 1326 388 1390 alii
402 1322 591 1389 Palaestinae
608 1325 774 1409 complures
789 1323 932 1410 episcopi.
977 1322 1106 1409 Propter
1124 1347 1197 1409 quos
1214 1324 1294 1389 Aca·

131 1428 194 1491 cius
210 1449 273 1492 cum
290 1427 352 1492 suis
368 1429 469 1491 eadem
487 1427 569 1490 rabie
587 1438 617 1490 et
633 1427 812 1498 infidelitatis
832 1430 933 1490 lrarore
958 1427 1060 1513 perciti
1080 1427 1152 1490 nibil
1167 1429 1202 1491 ad
1220 1439 1293 1491 tem·

130 1551 183 1615 pus
201 1530 236 1594 de
257 1530 337 1596 hisce
359 1529 544 1615 dogmatibus
565 1550 686 1593 movere
711 1529 885 1606 voluerunt,
920 1551 1015 1614 aeque
1039 1540 1090 1594 aut
1110 1530 1292 1609 affirmando,

130 1645 179 1698 aut
203 1634 336 1716 negando
360 1631 598 1718 pronuntiarunt.
645 1628 706 1696 Sed
728 1628 905 1710 Seleuciae,
935 1653 1010 1716 quae
1033 1633 1149 1718 Aspera
1173 1633 1291 1712 dicitur,

131 1736 161 1800 iu
179 1732 290 1799 lsauria
305 1732 473 1800 Corratautii
497 1734 685 1819 imperatoris
703 1734 785 1797 iussu
802 1736 973 1818 congregati
989 1735 1075 1798 aliam
1093 1736 1158 1798 bdei
1182 1738 1293 1799 lormu·

129 1838 185 1902 lom
210 1849 392 1923 proponunt,
425 1859 484 1901 aon
511 1837 626 1922 qualem
648 1847 748 1921 patres
771 1837 840 1900 olim
858 1837 887 1899 iu
905 1834 1041 1901 Nicaeae
1060 1839 1175 1924 synodo
1192 1838 1293 1901 ortho-

129 1941 235 2003 doxam
261 1960 296 2002 ac
315 1940 493 2025 praeclaram
518 1939 723 2017 instituerant,
759 1940 810 2003 sed
828 1937 933 2002 callide
955 1959 989 2002 ac
1009 1941 1074 2003 bete
1097 1939 1232 2005 simulata
1247 1951 1292 2004 ta·

129 2063 195 2105 men
219 2041 424 2126 simplicitate,
448 2043 526 2108 bunc
548 2043 577 2105 ia
600 2043 717 2106 modum
740 2040 991 2125 conscripserunt.

214 2139 371 2207 Credimus
387 2143 417 2208 iu
435 2165 523 2208 uuum
540 2145 645 2222 deum,
669 2154 781 2230 patrem
799 2144 1029 2229 omnipotentem
1050 2155 1129 2223 etc,
1161 2154 1193 2208 et
1212 2144 1242 2208 ia
1257 2145 1290 2208 li·
1334 2157 1368 2209 c·
1388 2194 1395 2209 .

128 2245 198 2311 llum
224 2246 271 2309 dei
296 2256 375 2324 etc,
408 2246 597 2332 simpliciter,
628 2268 663 2310 ac
689 2246 760 2311 nibil
785 2245 990 2310 vehementius
1014 2246 1134 2311 elocuti.
1178 2243 1290 2311 Postea
1324 2174 1423 2280 xlllv.

128 2368 202 2412 vero
222 2359 312 2412 totam
332 2358 363 2411 ut
382 2348 507 2412 labulam
526 2359 667 2433 agerent,
691 2349 884 2428 addiderunt,
908 2345 1169 2415 Cousubstaatiale
1192 2350 1291 2415 reiici-

127 2472 209 2531 mus,
234 2461 370 2535 tanquam
388 2473 404 2514 a
420 2452 514 2515 sacris
531 2450 626 2515 literis
642 2451 780 2517 alienum.
828 2448 907 2516 lstud
925 2472 999 2515 vero
1017 2452 1207 2530 damnamus,
1232 2453 1291 2517 dis·

127 2553 252 2619 similem
267 2574 335 2618 esse
353 2553 444 2640 patris
466 2554 568 2617 lilium.
616 2554 714 2637 Atque
731 2553 804 2618 baec
823 2555 937 2618 demum
955 2565 1019 2617 erat
1036 2552 1290 2618 callidissimorum

126 2667 300 2720 venatorum
326 2656 478 2721 illecebra.
524 2654 577 2722 Sic
601 2658 679 2720 enim
703 2656 781 2721 inter
808 2677 876 2720 sese
900 2655 1111 2736 mussitabant,
1145 2676 1181 2719 ac
1204 2656 1293 2722 dooe-

127 2756 213 2821 baata
239 2753 384 2822 Creatura
400 2758 515 2844 quidem
534 2770 581 2823 est
595 2759 642 2823 dei
661 2759 754 2840 liliua3
788 2759 840 2823 sed
857 2758 961 2823 similis
983 2760 1075 2846 patri,
1099 2780 1136 2823 co
1154 2759 1292 2825 uidelicet

128 2881 219 2925 sensu
238 2860 287 2945 qui
302 2861 429 2925 omnium
444 2861 592 2925 bominum
609 2884 666 2926 usu
681 2883 716 2926 ac
729 2863 942 2926 consuetudine
961 2860 1114 2926 familiaris
1127 2872 1186 2926 est.
1220 2861 1292 2926 Ete-

129 2963 187 3026 nim
205 2964 316 3049 plastae
336 2974 449 3028 statuas
462 2965 619 3048 effingunt,
653 2986 687 3029 ac
702 2964 857 3029 simulacra
873 2985 914 3027 ex
929 2985 1020 3043 auro,
1052 2977 1194 3046 argento,
1219 2965 1291 3029 alia-

128 3086 165 3129 re
182 3065 321 3144 materia,
353 3076 402 3130 aut
425 3066 576 3130 coloribus
596 3066 625 3129 ia
649 3067 728 3151 ligno
750 3068 938 3152 exprimuat3
973 3087 1046 3152 quac
1072 3067 1290 3132 similitudinem

128 3168 236 3232 babent
252 3168 299 3231 illa
314 3168 448 3252 quidem,
480 3169 699 3254 exemplaribus
723 3191 795 3233 vero
819 3169 880 3232 suis
898 3170 978 3232 aullo
998 3171 1084 3233 morlo
1098 3180 1167 3234 suut
1183 3191 1291 3256 aequa·

128 3270 177 3334 lia.
224 3267 278 3335 Sic
300 3271 335 3334 ab
359 3271 416 3334 illis
439 3271 542 3335 callide
564 3273 698 3357 quiddam
723 3273 924 3357 excogitatum
948 3283 995 3337 est
1021 3272 1185 3336 huiusmodi
1207 3284 1239 3337 ut
1258 3274 1291 3336 li·

128 3372 196 3437 lium
215 3373 289 3460 patri
307 3374 431 3438 similem
451 3376 719 3452 emolumentur,
751 3374 821 3437 licet
838 3374 907 3439 nibil
926 3373 1036 3458 inipso
1056 3386 1196 3460 paternae
1215 3375 1290 3437 diri·

128 3476 227 3540 aitatis
239 3475 363 3541 inesset.
413 3474 493 3540 llaec
508 3477 623 3541 illorum
642 3479 760 3540 decreta
778 3476 928 3556 aouaulli,
952 3478 1000 3561 qni
1020 3499 1085 3542 eum
1103 3477 1174 3561 ipsis
1191 3487 1288 3557 eraut,

127 3577 231 3661 partim
247 3589 366 3663 propter
381 3579 522 3664 temporis
539 3579 733 3644 calamitatem
750 3579 965 3664 approbarunt,
990 3590 1020 3642 et
1038 3600 1110 3644 vero
1126 3600 1231 3662 magua
1251 3599 1290 3643 ex

128 3688 213 3763 parte
228 3680 337 3742 conscii
359 3701 394 3743 ae
416 3683 545 3745 lautores
563 3694 659 3746 eraut.
706 3680 832 3765 Quidam
855 3693 952 3746 tamea
973 3682 1059 3746 inscii
1078 3690 1108 3743 et
1123 3681 1291 3766 impruden·

129 3791 175 3844 tes
203 3779 314 3864 abrepti
340 3792 425 3859 suut,
460 3794 490 3846 at
515 3784 601 3868 paulo
624 3794 689 3868 post
709 3784 853 3868 apparuit.
898 3783 994 3848 Erant
1018 3783 1096 3847 euim
1123 3782 1289 3848 interillos

128 3881 316 3966 Patropbilus
335 3883 613 3970 scythopolitanus,
637 3894 668 3947 et
683 3881 852 3970 Philippus,
877 3887 925 3971 qui
945 3887 1030 3951 huius
1046 3905 1203 3949 successor
1220 3909 1290 3952 coa·

129 3986 248 4049 stitutus
266 3984 325 4048 illic
345 3986 457 4066 tuerat,
489 4007 554 4048 cum
573 3986 637 4049 aliis
659 3985 822 4071 plerisque,
854 3990 901 4072 qui
922 3989 996 4052 hanc
1020 3987 1164 4053 baeresim
1182 3990 1290 4075 ample·

127 4087 293 4152 elebantur.
341 4085 437 4151 Hodie
459 4108 531 4151 vero
550 4099 615 4174 post
640 4088 756 4151 illorum
779 4089 906 4170 obitum,
939 4091 988 4156 ubi
1008 4091 1135 4176 ipsorum
1157 4090 1289 4176 impietas

127 4190 214 4276 louge
233 4189 349 4276 lateque
368 4201 545 4277 propagata,
570 4190 720 4255 audaciam
740 4212 775 4255 ac
794 4190 940 4255 licentiam
961 4194 1039 4257 nacti
1056 4215 1091 4257 ac
1108 4194 1206 4258 caruis
1222 4196 1290 4261 bra·

127 4292 194 4356 ebio
211 4294 295 4375 irati,
321 4294 398 4359 aulla
417 4315 449 4357 re
467 4295 523 4358 iam
542 4294 695 4373 obstante,
729 4315 852 4378 quorum
870 4295 1024 4361 eonsilium
1039 4296 1167 4362 inierant
1187 4309 1288 4385 aperte

126 4512 199 4563 quom
211 4505 270 4552 carta
286 4502 428 4552 comeatum
443 4505 503 4552 reete
519 4504 693 4566 interpretatum
709 4515 758 4554 aare
773 4501 842 4552 uideo
858 4509 917 4572 port
933 4500 1005 4554 haur.
