3096 5070
273 276 336 343 δύο
696 289 818 343 amem
836 290 1005 344 εειεωιεειι

274 408 325 474 τά
343 403 473 493 πλευράν
488 411 681 494 νενυγμίιην,
703 405 790 473 άστέα
804 432 834 472 τε
851 409 902 472 καί
917 413 1023 493 νεῦρα,
1044 410 1095 473 καλ
1110 407 1147 473 τά
1166 407 1251 489 άλλα,
1284 407 1436 495 ω’ςμηεί·

276 535 326 577 ναι
344 514 511 591 φαντασίαν
528 508 560 575 τδ
580 508 746 595 ὁρεόμενον,
769 508 894 585 πίστεάς
908 535 939 575 τε
954 513 1005 576 καί
1020 513 1139 588 ἐλπίδος
1154 519 1208 593 τῆς
1223 509 1365 597 ἡμετέρας
1379 512 1436 597 την

276 609 435 695 ύπόσχεσιν
454 615 581 679 ἐποιεῖτο
600 611 637 678 δι’
654 615 773 695 ἐαυτοῦ,
802 609 839 678 τά
855 610 909 677 ὅλα
933 612 1098 694 τελειώσας,
1131 615 1182 678 καλ
1198 619 1364 681 συνεσθίων
1378 618 1434 682 καί

275 714 534 798 συναυλιξόμενος,
558 713 595 780 ού
611 714 745 798 δοκήσει,
763 712 823 780 ἄλλ’
840 714 980 803 άληθεία·
1009 717 1161 781 παιδεύων
1175 740 1206 780 τε
1221 718 1335 793 ἐδίδαξε
1349 721 1434 801 βασι-

274 820 352 882 λείαν
373 814 525 903 ούρανῶν,
556 815 715 901 κηρύσσειν
730 820 762 883 ἐν
778 817 905 906 άληθείςι
921 804 955 884 τό
971 820 1045 905 μέγα
1061 821 1112 884 καί
1127 817 1364 904 κορυφαιότατον
1379 841 1433 903 ση-

274 923 387 1002 μαίνων
403 927 465 996 τοῖς
478 929 629 1002 μαθηταῇ
638 921 691 993 καί
705 922 812 1005 λέγων,
835 918 1057 1002 Μαθητεύσατε
1072 919 1108 984 τά
1124 923 1215 1002 ἔθνη,
1237 924 1367 988 τοντέστι
1382 949 1435 1006 με·

273 1020 425 1103 ταβάλλετε
446 1020 483 1086 τά
507 1025 582 1105 ἔθνη
606 1010 667 1088 διεδ
690 1027 796 1097 κακίας
819 1025 861 1098 είς
882 1020 937 1105 την
958 1018 1119 1105 άλὴθειαν,
1150 1021 1213 1089 άπδ
1231 1026 1370 1109 αίρέσεων
1389 1029 1434 1103 είς

275 1128 345 1206 μίαν
377 1123 564 1206 9’θεότητα,
603 1129 787 1207 βαπτίζοντες
814 1121 925 1200 αύτούς
952 1127 993 1201 είς
1019 1123 1116 1207 ὄνομα
1141 1124 1255 1212 πατρός
1283 1128 1334 1191 καί
1359 1130 1433 1193 υίοῦ

274 1229 325 1292 καί
338 1223 425 1312 άγίου
441 1225 621 1310 πνεύματος,
654 1231 696 1303 είς
712 1226 766 1309 την
788 1225 935 1311 κυριακήν
950 1225 1116 1310 όνομασίαν
1133 1235 1187 1311 τῆς
1202 1227 1321 1312 τριάδος
1333 1226 1433 1315 άγίαν,

273 1331 324 1394 καλ
345 1328 499 1413 βασιλικὴν
524 1334 733 1415 9’σφραγῖδά
764 1332 813 1393 ἵνα
834 1333 914 1418 δείξη
931 1332 964 1395 ἐκ
980 1336 1036 1394 τοῦ
1051 1328 1200 1412 όνόματος
1223 1335 1366 1414 μηδεμίαν
1381 1329 1433 1397 άλ-

273 1437 391 1498 λοίασιν
407 1430 483 1498 είναι
496 1439 549 1514 τῆς
571 1438 642 1515 μιάς
658 1431 801 1514 ἑνότητος.
836 1430 939 1497 Ὅπου
957 1431 1012 1517 γάρ
1030 1436 1062 1497 οί
1074 1432 1282 1516 βαπτιζόμενοι
1297 1431 1431 1499 κελεύον-

274 1561 323 1600 ται
342 1537 383 1611 είς
400 1533 496 1616 ὄνομα
509 1533 638 1618 πατρός,
669 1537 720 1600 καλ
737 1534 923 1613 Μάσφαλοιῑς
941 1531 963 1617 ἦ
980 1539 1145 1621 δοξολογία·
1181 1539 1223 1612 είς
1241 1534 1336 1618 ὄνομα
1349 1539 1432 1620 υίοῦ,

274 1637 330 1704 ούκ
349 1645 385 1684 ⁹⁶
396 1634 584 1713 άποδεόντως
602 1634 623 1720 ἦ
639 1639 805 1719 ἐπίκλησις·
837 1639 878 1712 είς
892 1634 987 1720 ὄνομα
1005 1633 1092 1724 άγίου
1108 1638 1287 1721 πνεύματος,
1310 1635 1349 1704 ού
1366 1643 1434 1723 διη-

276 1741 389 1826 ρημίνη
411 1736 432 1823 ἡ
452 1742 571 1820 ἐνωσις,
593 1737 663 1806 ούδέ
684 1738 942 1825 άκηλλοτριωμένη
963 1747 1016 1823 τῆς
1037 1747 1108 1822 μιᾶς
1128 1740 1280 1824 θεότητος.

144 2280 196 2326 μσς.
207 2269 252 2316 ιη
351 2252 524 2336 Ἀνελήφθη
547 2256 589 2332 είς
608 2251 757 2339 ούρανούς
773 2256 806 2320 ἐν
822 2250 948 2341 ’θαύτῷ
966 2260 1009 2341 τῷ
1027 2252 1139 2335 σάματι
1154 2254 1207 2317 καὶ
1224 2279 1260 2343 τη
1278 2258 1360 2341 ψυχῇ
1373 2254 1423 2317 καί

272 2363 314 2446 τῷ
329 2364 387 2445 νῷ,
418 2356 584 2431 σννενάσας
607 2358 648 2431 είς
663 2360 734 2438 μίαν
752 2355 873 2438 ἑνότητα
891 2357 942 2421 καλ
957 2360 1028 2438 μίαν
1043 2354 1243 2439 πνευματικὴν
1255 2353 1422 2432 ύπόστασιν,

270 2462 321 2526 καί
343 2462 451 2525 ἐνθεον
468 2458 647 2533 άποτελέσας
667 2457 806 2523 ἐκάθισεν
823 2460 855 2524 ἐν
869 2461 951 2546 δεξιᾷ
970 2464 1023 2523 τοῦ
1041 2456 1170 2542 πατρός,
1199 2458 1316 2539 πίμψας
1328 2453 1425 2540 κήρυ·

271 2587 326 2638 κας
341 2564 383 2637 είς
398 2560 470 2642 δ’λην
485 2559 540 2643 τήν
558 2561 750 2642 οίκουμίνην,
773 2565 897 2642 Σίμωνα
914 2561 1049 2644 Πέτρον,
1075 2558 1214 2645 Ἀνδρίαν
1230 2555 1281 2624 τόν
1295 2555 1428 2637 άδιλφδν

271 2663 381 2742 αύτού,
408 2662 555 2747 Ἰάκωβον
572 2664 622 2727 καί
637 2659 776 2745 Ἰωάννην
792 2660 865 2736 τούς
879 2660 966 2738 υίούς
985 2664 1164 2744 Ζεβεδαίου,
1195 2659 1247 2736 οδς
1263 2658 1353 2726 πάλαι
1370 2662 1429 2737 ίξε·

271 2767 389 2845 λίξατο,
419 2771 569 2831 Φίλιππον
590 2766 641 2829 καὶ
667 2771 912 2848 Βαρθολομαῖον,
942 2770 1114 2830 ,Ματθαῖον
1137 2765 1188 2829 καί
1219 2768 1346 2845 Θωμᾶν,
1378 2763 1432 2826 καλ

270 2866 407 2950 Ἰούδαν,
431 2871 482 2933 καλ
501 2872 668 2945 Θαδδαῖον,
692 2871 815 2950 Σίμωνα
833 2865 887 2932 τόν
909 2865 1048 2950 Ζηλωτὴν
1054 2916 1062 2946 ,
1084 2864 1206 2931 Ἰούδαν
1222 2890 1253 2930 τε
1269 2862 1321 2932 τόν
1336 2861 1434 2929 Ἰσκα-

271 2970 381 3056 ρεεότην
396 2973 446 3037 καί
462 2969 613 3055 προδότην
629 2966 723 3034 αύτοῦ
738 2968 913 3054 γενόμενον,
945 2970 996 3034 καλ
1014 2966 1120 3044 άλλους
1136 2966 1340 3051 ἑβδομήκοντα
1363 2964 1433 3045 δύο,

271 3076 302 3154 ἐξ
321 3066 363 3139 άν
379 3066 454 3157 ἦσαν
471 3070 544 3137 ἑπτά
561 3075 592 3137 οἱ
606 3073 654 3136 ἐπί
668 3078 728 3136 τῶν
742 3077 857 3154 γηρῶν,
880 3072 1051 3152 Στίφανος,
1077 3074 1239 3149 Φίλιππος,
1265 3067 1433 3153 Πρόχορος,

274 3175 434 3260 Νικάνωρ,
462 3180 579 3257 Τίμων,
604 3180 778 3257 Παρμενᾶς,
800 3175 851 3239 καί
868 3172 1032 3251 Νικόλαος,
1055 3170 1131 3257 πρός
1144 3172 1262 3247 τούτοις
1277 3175 1432 3247 Ματθίας,

273 3278 291 3347 δ
313 3280 379 3345 άντλ
401 3276 505 3343 Ἰούδα
531 3279 651 3358 ἔσχατον
676 3277 905 3358 συμψηφισθελς
932 3273 1004 3357 μετά
1026 3282 1086 3339 τοῖν
1107 3271 1222 3339 δυόδεκα
1247 3270 1433 3352 άποστόλων,

271 3380 344 3466 μετά
363 3383 396 3446 δέ
410 3379 523 3446 τούτων
537 3376 659 3443 πάντων
678 3374 822 3463 Μάρκος,
845 3384 984 3456 Λουκᾶς,
1007 3375 1153 3455 Ἰοῦστος,
1177 3373 1351 3459 Βαρνάβας,
1380 3376 1435 3440 καλ

269 3485 425 3566 Ἀπελλῆς,
455 3479 598 3562 Ῥοῦφος,
633 3484 743 3565 Νίγερ,
773 3482 825 3545 καλ
849 3483 881 3546 οδ
900 3481 999 3545 λοιποί
1023 3487 1083 3544 τοδν
1114 3476 1433 3560 97ἑβδομηκονταδύο.

273 3586 362 3653 Μετά
378 3583 503 3660 τούτους
519 3584 551 3649 δέ
569 3581 683 3658 πάντας
702 3585 754 3647 καὶ
768 3582 823 3647 σύν
844 3580 946 3656 αὐτοῖς
967 3589 1090 3647 Παῦλον
1109 3578 1160 3647 τδν
1177 3577 1339 3665 άγισίτατον
1356 3577 1437 3646 άπό·

272 3697 391 3768 στολου,
422 3684 610 3768 ἐκλεξάμενος
626 3683 676 3750 διά
699 3692 803 3766 φωνῆς
826 3687 903 3760 ίδίας
918 3682 970 3749 ἄπ’
989 3681 1137 3767 ούρανοῦ,
1167 3680 1332 3747 ἀπόστολον
1354 3678 1436 3763 δμοῦ

272 3793 324 3858 καλ
348 3789 465 3874 κήρυκα
492 3791 592 3855 ίθναῖν
618 3790 667 3852 καὶ
694 3786 851 3872 πληρωτὴν
874 3785 1248 3869 άποστολικῆς-διακονίας
1274 3785 1435 3851 άπίστειλε.

274 3895 336 3958 Καὶ
354 3890 481 3976 εύρίσκει
497 3898 624 3956 Λουκάν
644 3895 704 3954 τῶν
722 3887 980 3973 ἑβδομηκονταδύο
1006 3887 1078 3954 ὄντα
1103 3894 1162 3953 τῶν
1183 3888 1436 3972 ἐσκορπισμένων,

272 3998 323 4061 καλ
347 3994 520 4061 άκόλουθου
541 3990 635 4057 αὐτόν
657 3995 758 4075 ἐλαβε,
790 3995 841 4058 καλ
860 3989 1004 4076 συνεργόν
1024 3997 1079 4056 τοῦ
1103 3989 1281 4075 εὐαγγελίου.
1327 3987 1437 4066 Ούτως

272 4105 346 4184 γοῦν
360 4099 497 4178 ἐτελέσθη
518 4093 539 4176 ἦ
555 4102 636 4159 πάσα
658 4092 830 4180 εύαγγελικη
850 4097 1033 4178 πραγματεία
1048 4094 1105 4167 ἕως
1121 4090 1230 4157 τούτου
1245 4099 1300 4156 τοῦ
1312 4089 1435 4176 χρόνου.

348 4198 454 4264 Ἔσται
472 4200 506 4264 δέ
525 4223 577 4280 μοι
591 4194 609 4263 ό
621 4196 709 4283 λόγος
721 4199 778 4272 ἕως
795 4189 852 4262 άδε
870 4198 936 4280 περί
955 4201 1015 4259 τῶν
1033 4198 1143 4260 είκοσιν
1159 4196 1299 4279 αίρέσεων
1311 4195 1363 4258 καλ
1379 4201 1437 4277 τῆς

304 4405 346 4458 92.
366 4404 474 4472 ἑνότητα
490 4409 559 4458 habet
573 4409 714 4457 Ραοοελαοι.
903 4398 943 4454 94.
962 4397 1082 4470 άοοαλής
1098 4407 1167 4452 habet
1184 4405 1274 4454 Ροιιαε.
1290 4416 1348 4464 ρας.
1367 4402 1411 4451 50.

304 4473 345 4526 93.
365 4475 494 4542 οφραγίδα
507 4477 576 4526 codd.
591 4490 647 4525 νινε.
662 4481 684 4526 ει
697 4477 734 4525 εδ.
747 4475 832 4536 μείνω,
899 4469 941 4520 95.
959 4466 1119 4531 άποδεόντως
1133 4474 1183 4521 ασελ
1195 4474 1242 4522 λιιι
1255 4476 1275 4520 ει
1287 4473 1341 4520 edic.
1355 4473 1434 4532 princ.

272 4544 306 4596 υλλ
322 4550 458 4597 constanter.
868 4532 1015 4599 ἀποδέοντας
1038 4543 1090 4590 αοιλ
1116 4542 1214 4603 Rhodio.
1239 4544 1260 4589 ει
1276 4540 1331 4588 edit.
1348 4541 1435 4591 Ρειαυ.
