3096 5070
366 277 503 332 rameru
520 277 584 330 me.
597 278 641 330 ur.
657 277 740 330 rou.
753 276 785 328 u.
801 274 903 327 urea.
914 275 1047 327 exxvu.
1224 261 1286 327 355

131 399 278 467 dominum
296 409 326 462 et
343 399 441 464 deum.
485 398 554 463 Nisi
580 398 706 462 enimin
729 418 853 482 eorpore
870 397 941 459 dene
960 395 1126 471 extitisset,
1158 415 1212 459 eur
1227 405 1287 458 eta·

131 507 182 569 tim
199 513 284 587 atque
301 503 336 565 de
352 499 450 566 Mario
468 501 632 587 prooessit,
655 504 823 564 Emmanuel
834 485 958 562 vocatus
972 509 1029 576 est,
1053 501 1129 578 qnod
1142 508 1186 558 est
1198 501 1429 602 ⁸⁵¹10l·¹³;,¹{·,{p,¹¹·

126 619 268 691 putemur
284 608 436 668 Nobiscum
449 610 540 667 deust
581 601 797 682 Paulusvero,
830 601 888 664 uisi
905 601 1026 666 verbum
1045 600 1074 662 in
1092 621 1181 663 earne
1198 601 1286 679 soret,
1327 612 1346 665 1,
1360 589 1403 654 'aa'

131 711 166 774 ad
184 709 338 774 Romanos
357 707 490 771 seribere
512 707 568 770 ista
591 707 640 790 qui
661 707 772 790 potuit,
804 706 970 786 dequibus
989 707 1289 765 cartennensem·
1302 710 1428 767 reomao.

130 817 195 877 m
213 836 326 876 earnem
348 819 400 895 qm'
420 823 464 874 eet
485 831 571 891 super·
594 814 687 872 omnio
705 813 774 870 dene
793 810 953 870 benedictos
971 811 1000 868 in
1019 810 1151 880 soeculo,
1176 811 1290 868 Amen?

132 913 333 1000 Quamobrem
349 915 398 1000 qni
419 924 506 978 autea
523 923 705 997 negaverant
721 933 787 975 eum
804 911 852 995 qui
869 909 1028 973 erueifixus
1043 920 1089 973 est
1108 930 1174 972 esse
1189 911 1289 988 deum,

132 1040 265 1083 errorem
284 1040 368 1080 suum
387 1026 551 1101 agnoscant
571 1039 605 1080 ao
622 1015 729 1080 divinis
747 1015 881 1078 omuibus
905 1013 997 1076 literis
1016 1013 1099 1074 tidem
1120 1011 1289 1088 adhibeant,

132 1121 184 1184 sed
203 1120 339 1183 'l'bomee
364 1118 556 1203 praesertim,
591 1118 640 1202 qui
663 1139 727 1201 eum
745 1117 774 1180 in
795 1113 916 1182 Christo
934 1116 1083 1178 clavorum
1102 1113 1229 1197 vestigia
1248 1113 1291 1176 vi-

134 1223 225 1285 disset
243 1221 440 1298 exclamavit,
465 1226 601 1283 domitum
618 1242 695 1283 mena
709 1232 738 1281 et
755 1223 824 1281 dem
838 1241 926 1281 meos.
973 1214 1068 1281 Filius
1084 1216 1174 1294 euim,
1199 1218 1291 1279 idem·
1327 1224 1405 1324 ¹23⁸}

134 1344 191 1409 que
205 1324 277 1386 deus
295 1344 329 1387 ae
342 1323 454 1408 gloriae
470 1322 605 1387 dominus
624 1324 655 1387 iu
672 1343 707 1386 eo
725 1342 860 1408 corpore,
885 1321 961 1405 quod
980 1341 1032 1406 per
1047 1341 1189 1384 summam
1206 1320 1291 1402 iguo·
1356 1309 1364 1334 '
1402 1309 1408 1322 '

134 1425 251 1489 miuiam
272 1425 364 1489 elaris
384 1427 531 1489 confixum
550 1447 585 1490 ao
601 1426 822 1489 dehonestatum
844 1427 958 1504 iuerat,
991 1423 1111 1487 omniuo
1130 1422 1290 1487 residebat.

135 1525 252 1614 Corpus
276 1529 368 1614 ipsum
391 1529 516 1592 veroin
542 1550 630 1592 eroee
654 1530 833 1613 perforatum
859 1528 958 1612 utique
983 1527 1164 1612 patiebatur,
1197 1536 1294 1590 etex
1411 1517 1412 1521 ¹

135 1633 199 1695 eius
225 1631 315 1694 latere
342 1631 463 1715 sanguis
485 1651 550 1694 oum
575 1649 650 1714 aqua
673 1630 831 1695 diffluebat.
878 1627 990 1693 Verum
1009 1650 1073 1692 oum
1097 1629 1187 1692 divini
1207 1629 1444 1692 verbidium

136 1734 271 1818 templum
291 1744 388 1812 esset,
412 1744 476 1796 eret
492 1732 645 1795 divinitate
664 1732 875 1816 plenissimum.
922 1729 1018 1814 Quum
1038 1732 1075 1793 ob
1092 1753 1227 1795 causeum
1248 1731 1295 1795 sol

135 1837 211 1922 ipse,
233 1852 298 1900 oum
318 1845 467 1898 auctorem
484 1855 568 1898 sutum
586 1846 644 1898 tem
663 1855 770 1919 graves
789 1833 819 1896 iu
836 1834 945 1896 misero
960 1855 1085 1917 corpore
1099 1834 1294 1898 contumelias

136 1939 312 2004 tolerantem
328 1938 454 2016 videret,
477 1936 567 2000 radiis
583 1958 618 1999 ao
633 1937 697 2000 luee
715 1957 873 2021 suppressa
889 1947 996 1999 terram
1014 1936 1143 1999 tenebris
1157 1937 1292 2015 obduxit,

137 2063 244 2125 eorpus
263 2051 360 2104 autem
378 2037 492 2102 mortali
514 2048 619 2102 natura
636 2039 798 2124 praeditum
814 2059 901 2123 supra
920 2049 1044 2102 naturae
1060 2058 1131 2102 suoe
1151 2039 1295 2101 eonditio-

138 2164 204 2207 nem
228 2154 348 2229 propter
370 2141 509 2220 verbum,
540 2141 616 2225 quod
632 2140 662 2202 iu
679 2140 742 2225 ipso
761 2152 842 2220 erat,
874 2162 891 2203 u
911 2144 1034 2205 mortuis
1055 2141 1215 2204 excitatum
1236 2152 1294 2219 est,

139 2256 168 2309 et
185 2266 201 2309 a
217 2245 341 2309 naturali
365 2243 553 2328 corruptione
572 2243 724 2306 liberatum
739 2244 822 2307 verbi
839 2244 981 2328 quoddam
999 2243 1081 2306 velut
1095 2243 1295 2306 indumentum

138 2350 334 2425 estfactum,
369 2365 492 2430 eumque
517 2345 627 2425 verbo,
660 2346 735 2429 quod
763 2346 917 2409 humanam
945 2345 1141 2409 conditionem
1163 2356 1295 2430 superet,

138 2450 221 2514 velot
234 2450 342 2515 amictu
357 2451 482 2535 quodam
500 2448 669 2512 obvolutum
685 2457 777 2528 esset,
801 2448 999 2534 corruptionis
1013 2460 1058 2512 est
1074 2468 1184 2534 expers
1200 2448 1298 2511 reddi-

138 2562 211 2617 tdm.
255 2550 341 2635 Quod
362 2563 459 2615 autem
485 2550 744 2614 aduouuullorum
769 2552 871 2616 inanes
889 2573 982 2636 nugas
1001 2563 1031 2616 et
1049 2563 1212 2615 commenta
1232 2570 1298 2637 per·

140 2655 231 2733 tinet,
263 2654 311 2737 qui
327 2664 360 2716 ut
380 2655 409 2716 in
433 2647 564 2738 reliquos
587 2653 744 2738 propbetas
767 2674 886 2734 omnes,
918 2654 1007 2718 itaet
1027 2657 1057 2718 iu
1075 2677 1163 2718 numu
1184 2655 1298 2717 illume

138 2754 237 2820 Maria
254 2765 352 2819 natum
372 2754 518 2819 bominem
532 2754 661 2819 divinum
681 2755 803 2819 verbum
822 2756 957 2842 illapsum
976 2778 1044 2821 esse
1063 2759 1210 2834 sentiunt,
1236 2756 1299 2841 plu·

141 2858 223 2922 ribus
243 2877 277 2921 ea
296 2859 331 2921 de
347 2879 380 2921 re
400 2859 548 2943 disputare
563 2878 814 2944 supervacaneum
831 2870 887 2922 est.
914 2858 1026 2924 llorum
1045 2860 1149 2944 quippe
1165 2859 1253 2924 stulta
1269 2869 1300 2922 et

140 2960 240 3046 inepta
259 2960 411 3046 persuasio
428 2962 583 3025 manifeste
602 2983 637 3025 ae
662 2962 727 3025 siue
753 2962 811 3025 ullo
838 2963 955 3046 negotio
978 2962 1174 3026 convincitur.
1219 2960 1298 3026 Nam

141 3061 167 3126 ri
185 3062 221 3126 ad
239 3082 305 3125 eum
328 3064 442 3127 modum
465 3063 514 3127 ille
541 3064 708 3144 deseendit,
741 3085 794 3128 eur
817 3066 966 3148 evirgiue
992 3076 1078 3130 natus
1094 3087 1153 3128 nou
1177 3086 1217 3129 ex
1235 3065 1299 3130 viro

142 3165 308 3248 feminaque
323 3176 480 3249 suseeptus
495 3178 553 3247 est,
577 3166 818 3251 quemadmodum
835 3168 930 3230 saneti
947 3189 1049 3232 omnes
1068 3169 1096 3231 iu
1116 3168 1209 3233 luoem
1229 3170 1299 3233 editi

143 3267 280 3333 luerunt?
323 3263 387 3331 Cur
414 3287 479 3331 eum
502 3269 543 3332 ite
565 3271 687 3335 verbum
705 3270 840 3356 illapsum
859 3269 915 3348 sit,
948 3291 1006 3334 nou
1026 3271 1113 3334 etiam
1133 3285 1300 3337 ceterorum

143 3367 371 3452 uniuscuiusque
394 3390 475 3434 mors
501 3382 602 3436 nostra
625 3389 731 3438 oausea
750 3373 874 3437 tolerata
892 3372 1015 3451 dicitur,
1048 3375 1099 3438 sed
1120 3375 1205 3439 buius
1228 3376 1301 3438 duu-

145 3483 228 3537 taxat
251 3471 359 3535 unius?
403 3467 467 3536 Cor
491 3494 556 3535 oum
581 3475 610 3537 iu
631 3475 764 3558 singulos
787 3477 944 3560 propbetas
967 3476 1094 3540 divinum
1120 3499 1153 3540 se
1179 3476 1300 3540 verbum

145 3572 357 3653 insinuaverit,
388 3573 418 3636 in
444 3595 479 3637 eo
496 3575 560 3638 solo
576 3577 623 3659 qui
642 3597 658 3640 e
675 3575 791 3657 Maria,
822 3589 908 3642 natus
929 3589 992 3656 est,
1016 3579 1045 3642 in
1066 3584 1302 3642 consummatione
1314 3594 1455 3654 neonem.

144 3681 338 3752 soeculorum,
371 3676 464 3740 semel
488 3676 644 3741 advenisse
667 3679 793 3743 dieitur?
835 3677 1100 3745 Curoumeodem
1117 3684 1203 3747 modo
1221 3704 1253 3747 se
1271 3684 1302 3747 iu

144 3779 225 3844 illum
250 3779 406 3858 infuderit,
439 3801 497 3863 quo
521 3779 550 3842 iu
575 3777 688 3864 priores
708 3801 810 3844 omnes
826 3794 944 3847 sanetus
962 3785 1173 3863 descenderat,
1198 3786 1304 3869 reliqui

145 3904 250 3948 omnes
266 3883 393 3946 noudum
409 3893 613 3967 postmortem
631 3895 838 3962 surrexerunt,
857 3885 938 3948 eolus
954 3886 1003 3949 ille
1019 3907 1092 3950 vero
1109 3888 1157 3971 qui
1174 3906 1190 3949 e
1204 3884 1303 3950 Maria

145 3986 262 4071 genitus
286 3995 349 4065 est,
382 3985 469 4048 tertia
493 3984 539 4049 die
564 3983 717 4048 surrexit?
761 3981 825 4049 Cur
851 4006 915 4049 eum
941 3988 1042 4051 eadem
1065 4010 1122 4072 que
1138 3989 1169 4052 in
1187 3999 1303 4052 eeteros

146 4090 260 4154 ratione
278 4087 408 4150 divinum
423 4086 504 4151 illum
522 4087 641 4152 verbum
660 4088 809 4172 delapsum
832 4087 888 4168 sit,
919 4110 994 4153 uuus
1011 4089 1060 4153 illa
1079 4110 1118 4153 ex
1136 4088 1235 4157 Maria
1253 4113 1305 4156 ua·

146 4201 194 4254 tus
210 4189 385 4254 Emmanuel
410 4191 587 4275 appellatur,
621 4192 703 4275 quasi
727 4213 834 4277 eorpus
856 4193 950 4275 ipsum
975 4191 1127 4256 divinitate
1149 4195 1303 4279 repletum,

149 4302 180 4354 et
198 4292 234 4354 ab
257 4313 292 4356 ea
316 4304 413 4357 uatum
439 4292 592 4357 extiterit?
634 4291 713 4359 Nam
735 4293 910 4358 Emmanuel
932 4294 1009 4358 idem
1032 4295 1179 4381 signifieat
1196 4318 1231 4361 ao
1247 4299 1307 4359 No·

149 4396 253 4456 be'seum
269 4399 346 4458 dues.
395 4392 459 4460 Cur
477 4397 503 4460 si
522 4397 558 4460 ed
577 4415 643 4461 eum
662 4399 778 4462 modum
795 4396 973 4476 accesserit,
996 4420 1060 4462 oum
1080 4409 1201 4465 sauctus
1224 4400 1307 4485 quili-

1020 4503 1091 4572 23*
