3096 5070
388 293 525 348 rsusnu
544 295 608 345 ure
624 294 668 345 ιιι.
686 292 769 345 rom
783 294 804 344 n
815 291 921 343 ιιιιιι.
937 291 1058 342 uxxvr.
1239 278 1302 344 loll

146 418 282 496 contadit3
315 427 347 480 ot
371 436 407 480 ue
431 416 547 479 illorum
572 411 668 477 errori
695 413 780 475 bdeur
805 411 964 475 babeamus
987 431 1060 494 quos
1088 430 1240 495 perperam
1266 411 1302 474 ad

147 518 329 585 temerariam
346 517 498 601 gentilium
513 516 680 599 opinionem
695 535 730 576 ac
745 514 984 597 superstitionem
1001 512 1215 575 nrlbeeresoere
1232 533 1302 577 con·

145 623 306 698 vincimur,
341 630 372 684 et
396 638 513 682 omnem
539 627 705 680 creaturam
731 617 907 679 adorandam
934 635 1002 679 esse
1028 614 1176 698 profiteri,
1211 635 1303 697 qunu-

144 724 253 788 temris
270 722 346 808 patri
364 721 403 784 sit
422 717 589 796 dissimilis,
613 717 662 801 qui
679 718 818 781 adoratur
832 717 863 781 iu
882 716 958 793 filio,
982 728 1012 779 et
1026 717 1083 779 lilio
1100 717 1148 800 qui
1166 717 1305 780 adoratur

142 827 173 891 iu
192 837 280 912 patre
303 845 368 895 cum
390 832 495 887 sancto
517 820 639 905 spiritu,
663 819 709 882 ersi
731 819 825 904 gloria
847 819 887 884 sit
909 819 937 881 in
959 819 1090 882 saecula.

230 925 312 991 Aelii
330 921 427 1009 Caput
444 919 505 986 xl.
551 918 586 985 Si
598 920 729 1006 ingenita
744 933 848 984 uatura
864 922 1012 1004 praeditus
1028 921 1100 985 deus
1118 922 1304 1006 omnipotens

145 1028 265 1115 genitae
286 1038 409 1090 naturae
426 1024 622 1088 conditionem
641 1025 671 1086 iu
689 1043 757 1087 sese
774 1045 832 1087 uon
848 1023 1002 1106 agnoscit,
1038 1022 1113 1087 lilius
1131 1045 1202 1088 vero
1220 1025 1304 1108 geui-

146 1143 206 1194 tam
222 1139 356 1194 naturam
370 1127 481 1192 babens
496 1124 639 1191 eiusmodi
656 1146 690 1191 se
705 1125 799 1208 qualis
817 1136 864 1189 est
881 1126 1032 1209 agnoscit,
1057 1147 1155 1190 noune
1174 1137 1233 1190 tota
1254 1127 1302 1190 ille

147 1228 406 1296 consubstantialis
421 1228 497 1293 ratio
509 1229 638 1294 mendax
652 1239 699 1292 est
713 1249 748 1291 ec
766 1228 855 1307 laisa,
875 1249 941 1292 cum
956 1228 1032 1292 alter
1047 1228 1206 1313 ingenitum
1222 1249 1301 1309 sese,

152 1334 283 1417 genitum
306 1331 380 1396 alter
399 1331 562 1415 agnuscml
616 1378 618 1382 .

233 1430 353 1499 Conlut.
372 1429 431 1496 ΧΙ.
478 1431 584 1497 Attius
601 1432 667 1511 iile,
699 1432 747 1516 qui
766 1432 796 1495 iu
816 1431 1038 1503 divinauelure
1056 1430 1213 1497 discrimen
1232 1455 1301 1497 eou-

150 1536 274 1602 stituere
296 1558 331 1600 ec
355 1534 495 1600 terminos
512 1535 653 1618 quosdam
674 1534 795 1598 delinire
812 1534 983 1618 disputando
1002 1545 1126 1600 coriatus
1141 1547 1204 1614 est,
1238 1559 1303 1600 cum

149 1651 253 1705 ustura
269 1636 445 1704 conditionis
463 1648 543 1701 esset
563 1636 724 1714 bumeuee,
756 1636 863 1719 quique
881 1657 916 1699 ea
932 1657 1007 1720 qune
1030 1647 1164 1702 naturam
1186 1659 1302 1705 omnem

149 1751 289 1827 superant
310 1762 367 1805 uon
391 1760 607 1803 essarrorum
631 1739 809 1802 auctoritate
835 1737 1001 1816 literarum,
1028 1743 1085 1804 sed
1108 1761 1149 1805 ex
1170 1741 1304 1809 bumenie
1329 1783 1332 1798 ι
1358 1806 1359 1811 ,
1403 1806 1421 1823 ,1

148 1841 420 1910 ratiocinationibus
437 1840 688 1925 comprehendere
704 1840 833 1918 studuit,
857 1841 919 1915 sic,
944 1842 1080 1925 inquam,
1111 1843 1160 1905 ille
1175 1865 1303 1927 pronum

148 1946 247 2010 tinnit:
271 1941 510 2030 Omnipoteulem
533 1943 636 2020 deum,
668 1964 732 2006 cum
752 1954 856 2007 umora
874 1943 913 2006 sit
927 1943 1093 2026 ingenitus,
1123 1946 1305 2028 genitumse

150 2060 252 2115 nature
277 2066 458 2131 nequequam
482 2045 659 2127 intelligere.
706 2042 792 2127 Quod
819 2046 933 2129 quidem
959 2046 1000 2109 ite
1023 2057 1179 2131 perpetuo,
1212 2049 1304 2122 eleb

147 2151 212 2236 ipso
225 2149 311 2213 initio
325 2147 473 2212 sermonis
490 2148 638 2225 asseruit,
662 2157 694 2211 ut
710 2169 727 2210 a
745 2147 895 2210 veteribus
914 2147 1035 2211 Arianis
1052 2149 1212 2229 dissideat3
1237 2150 1306 2214 licet

147 2254 235 2318 filium
253 2249 434 2334 unigenitum
451 2249 598 2333 appellare
614 2248 823 2315 dissimulando
839 2249 978 2313 voluerit.
1023 2247 1097 2314 lttuu
1114 2273 1203 2331 vero,
1226 2252 1305 2318 veri·
1422 2334 1423 2339 ἵ

146 2355 216 2422 talis
232 2354 295 2432 lilii,
320 2352 426 2436 ubique
442 2349 598 2434 diligenter
617 2352 769 2433 attendite,
795 2352 1037 2435 quemadmodum
1052 2373 1068 2415 a
1084 2364 1165 2438 patre
1181 2357 1304 2423 eundem

147 2457 318 2522 obedientie
335 2454 450 2540 penitus
468 2454 603 2531 studeat,
636 2473 691 2517 uec
709 2455 869 2518 ullomodo
884 2454 1002 2518 divinae
1018 2455 1201 2519 substantiae
1216 2459 1306 2541 parti·

149 2560 243 2644 cipcm
264 2577 332 2621 esse
355 2576 397 2620 ex
421 2555 465 2620 lis
482 2556 618 2620 ostendat
634 2575 709 2639 quac
727 2556 885 2620 identidem
906 2569 1016 2621 temere
1039 2556 1230 2643 pronuntiare
1246 2580 1306 2624 noe

150 2661 275 2724 dubitat.
322 2657 399 2723 Nam
414 2680 480 2723 eum
501 2669 611 2743 putrem
628 2669 744 2722 asseret
759 2658 920 2742 ingenitum
937 2680 1006 2724 sese
1024 2679 1222 2744 cognoscere,
1254 2681 1306 2725 ue·

152 2782 208 2845 que
224 2761 387 2827 naturalem
408 2760 437 2825 iu
454 2782 488 2826 se
503 2760 665 2844 generandi
683 2762 846 2826 facultatem
866 2782 935 2827 esse
955 2762 1052 2841 seire,
1089 2764 1197 2826 frustra
1218 2763 1305 2827 lilium

153 2864 199 2927 vel
222 2863 366 2928 vocabulo
389 2873 474 2929 tenus
493 2864 581 2927 lilium
608 2863 743 2948 appellat.
783 2862 901 2928 Verum
926 2863 1011 2928 facile
1027 2866 1092 2928 eius
1114 2867 1209 2930 oratio
1226 2868 1307 2930 relu-

151 2965 271 3033 tsbitur.
315 2964 394 3031 Nam
414 2978 443 3029 et
459 2966 608 3050 ingenitus
624 2977 670 3029 est
684 2978 786 3050 peter,
810 2977 841 3031 et
862 2967 1042 3050 unigenitum
1063 2967 1100 3030 ab
1116 2978 1238 3032 aeterno
1254 2989 1306 3052 ge÷

152 3069 230 3149 uuit,
261 3090 326 3133 eum
351 3080 484 3134 usturam
511 3069 618 3154 babeat
640 3070 784 3133 eiusmodi
808 3090 882 3153 quae
905 3069 1033 3154 sibiipsi
1054 3071 1303 3136 couvenienssit.

151 3167 302 3257 Siquidem
328 3193 417 3236 uuum
435 3192 471 3234 ac
489 3172 582 3236 solum
601 3171 756 3254 unigenam
774 3171 862 3236 lilium
878 3172 997 3256 genuit,
1028 3172 1218 3258 spiritumque
1238 3195 1306 3259 pro,

149 3274 235 3339 duxit
252 3275 334 3339 solus
352 3296 417 3338 cum
442 3274 593 3358 unigenito
617 3276 683 3338 solo
698 3274 833 3360 genitor,
867 3275 915 3358 qui
933 3297 998 3341 cum
1018 3261 1076 3339 lilio
1091 3276 1156 3340 siue
1174 3277 1232 3340 ullo
1250 3275 1307 3347 inis

150 3377 192 3438 tio
208 3376 310 3459 genito
325 3375 411 3440 simul
428 3377 548 3454 existit,
572 3387 621 3455 et,
645 3400 709 3441 cum
725 3378 844 3462 spiritus
861 3379 912 3455 sit,
936 3379 1069 3462 spiritum
1084 3379 1197 3462 genuit.
1242 3375 1308 3442 Ne·

152 3496 209 3556 que
227 3497 299 3539 vero
315 3497 420 3559 corpus
436 3479 574 3563 estquod
592 3499 735 3564 corporeo
753 3500 835 3549 more
852 3480 1046 3559 distrahatur,
1070 3491 1122 3544 eut
1137 3500 1307 3564 corrumpa-

154 3584 202 3637 tur
217 3588 414 3660 augeaturne,
444 3579 491 3642 rel
505 3578 665 3644 sectionem
682 3582 819 3665 patietur.
866 3578 1063 3664 Quamobrem
1080 3583 1135 3646 etsi
1151 3582 1179 3645 in
1198 3581 1306 3647 ceteris

154 3676 288 3739 omnibus
307 3698 380 3760 quae
395 3679 537 3762 gignunt,
569 3691 619 3743 aut
634 3681 810 3764 gignuntur,
841 3683 918 3748 aliud
942 3685 1104 3749 necessitas
1126 3685 1188 3768 ipsa
1206 3683 1308 3747 conui-

155 3778 243 3841 tionis
262 3780 355 3857 ieret,
387 3791 482 3844 tamen
502 3782 548 3844 bic
566 3781 651 3844 unius
667 3785 702 3845 ad
722 3805 808 3846 unum
827 3798 993 3870 comparate
1019 3786 1147 3871 dignitas
1166 3785 1307 3870 dissimile

154 3879 288 3964 quiddam
315 3892 360 3944 cst
382 3883 417 3944 ab
443 3884 507 3947 aliis
525 3882 642 3946 sortita.
689 3880 771 3946 Unde
793 3895 822 3947 et
840 3888 956 3969 genitus
974 3889 1036 3973 ipsc
1056 3888 1165 3952 eximin
1184 3890 1308 3972 quadam

153 3982 269 4049 ratione
287 4006 304 4048 e
322 3995 421 4071 patre,
454 3987 502 4071 qui
521 3983 730 4047 admirabiliter
749 3985 867 4068 genuit,
900 3999 1035 4081 tanlquam
1054 3990 1090 4052 ab
1107 3991 1239 4075 ingenito
1256 4012 1308 4079 ge·

153 4087 233 4173 nitus
251 4100 315 4167 cst,
349 4089 492 4170 genitoris
506 4097 629 4152 naturae
644 4097 872 4152 consentaneus.
919 4087 997 4154 idem
1014 4091 1077 4175 ipse
1093 4113 1199 4176 porro,
1230 4095 1305 4180 quod

155 4266 204 4317 lue,
218 4257 377 4308 caecutienti
393 4273 491 4308 omnem
505 4269 642 4308 enatarem
652 4255 715 4306 edo·
749 4249 810 4310 dito
818 4275 851 4310 τι.
870 4262 999 4311 Carnarius
1012 4265 1130 4313 ιωιιιιαιιι
1143 4264 1227 4326 Quare
1240 4229 1306 4332 epod

155 4325 257 4375 rendum
274 4343 336 4386 ease,
353 4341 417 4393 quae
431 4324 555 4377 dissimilis
570 4337 608 4377 eet
622 4325 655 4375 ad
670 4342 715 4393 pe·
749 4326 796 4377 alin
814 4327 911 4389 omnia,
930 4345 993 4395 quae
1007 4341 1127 4394 generent
1141 4342 1167 4380 et
1182 4348 1306 4397 geremu-

156 4401 219 4443 trem
236 4400 284 4444 cett
748 4404 788 4444 tur
797 4433 805 4456 ,
828 4396 963 4447 multorum
976 4398 1058 4449 adhuc
1073 4399 1203 4450 ueceuilea
1220 4399 1306 4469 requi-

193 4463 215 4511 l.
233 4455 394 4516 c'xoleubeluu
411 4465 461 4514 cod.
476 4465 572 4548 Rbedlp.
746 4462 816 4514 ritur.
1100 4467 1103 4474 '

189 4529 214 4582 2.
226 4532 337 4584 Petaurus
350 4536 484 4596 meotes
496 4539 528 4585 est
540 4525 593 4588 αλλ’
606 4529 658 4597 dri,
674 4546 716 4597 cpe
