3096 5070
305 279 444 333 ruuonn
460 279 522 330 urs.
535 280 580 330 nr.
598 280 680 332 rou.
699 280 730 330 u.
749 280 865 331 uxros.
883 279 947 331 run.
967 277 1111 332 cernon.
1221 266 1280 329 out

127 405 253 466 elaustro
278 412 307 462 et
331 404 511 463 odnmoutr‘uo
536 403 675 482 repagula
694 404 837 481 perrupit.
894 395 1059 462 lnierorum
1087 398 1203 462 dolores
1227 417 1281 461 sua
1312 411 1397 508 tm

127 515 274 593 potestate
291 503 442 581 dissolvit,
475 513 533 567 tum
551 523 609 567 uua
625 524 691 566 oum
709 502 805 566 cnima
825 501 947 565 emersit
963 503 998 564 ad
1017 521 1151 586 superos.
1197 497 1283 582 Quae
1358 495 1366 519 ’

128 607 242 694 quidem
265 611 358 669 curium
376 611 487 668 miru'rue
501 609 578 685 opud
591 608 697 688 inferos
717 609 818 666 relicta
832 607 906 686 fuit,
938 627 1027 685 neque
1041 625 1109 665 coro
1125 608 1284 683 corruptio·
1319 617 1405 661 ιἰιιιι.

125 713 291 783 numidam
324 729 408 792 qnnm
435 706 573 770 divinitas
597 706 758 787 excitavit,
792 719 851 771 tum
878 728 942 771 cum
964 707 1104 770 dominus·
1124 707 1185 791 ipse
1212 668 1418 818 oenspj‘p'z

126 812 300 878 adverbum
326 809 429 894 deique
449 808 524 872 iilius
544 830 610 873 cum
632 809 729 873 anima
745 820 776 872 et
791 830 914 894 corpore
938 820 1056 892 totoque
1082 809 1157 872 odeo
1173 808 1284 872 instru·
1339 802 1345 814 ’
1371 803 1379 828 ’
1417 801 1424 816 ’

126 925 225 980 mento
243 913 392 989 surrexit,
418 912 494 995 quod
513 910 652 997 deinceps
667 912 748 976 volnt
762 913 791 974 in
811 912 944 997 spiritum
964 911 1137 990 condatum,
1162 930 1281 996 eorpus,

125 1019 261 1101 inquam,
298 1013 430 1100 spiritale
456 1015 564 1077 iactum
595 1025 659 1092 est,
694 1015 769 1098 qnod
797 1014 865 1077 odim
897 1013 1074 1078 contrectari
1102 1022 1216 1100 poterat
1240 1023 1280 1089 et,

127 1119 203 1204 quod
221 1115 357 1182 divinitus
374 1116 436 1203 ipsa
456 1127 561 1201 sponte
579 1116 643 1179 fieri
659 1116 850 1201 permiserat,
875 1117 974 1202 flagris
989 1115 1156 1202 expositum
1175 1117 1281 1192 iuerat,

126 1231 158 1284 et
173 1217 304 1283 Satanae
321 1218 531 1282 tentationibus
556 1219 732 1304 appetitum,
764 1220 901 1298 coiami,
931 1238 1055 1298 somno,
1088 1218 1200 1295 dodoni,
1231 1216 1284 1279 tri·

127 1320 228 1388 stitiae
250 1343 285 1384 ac
307 1321 435 1384 moerori
458 1321 631 1385 obnoxium.

212 1421 284 1487 tltoo
303 1424 395 1509 ipsum
416 1435 638 1488 sacrosanctum
664 1445 771 1510 corpus
790 1424 929 1510 deinceps
951 1447 1015 1488 enrn
1035 1423 1188 1487 divinitate
1211 1442 1281 1486 con·
1294 1424 1435 1494 Cep-XVI.

126 1528 255 1594 iunctum
274 1527 344 1605 tuit,
376 1547 451 1610 quoe
474 1538 614 1612 perpetuo
638 1549 703 1590 curn
727 1527 795 1606 iiio,
828 1528 893 1590 dum
914 1526 968 1590 ista
987 1537 1155 1613 pateretur,
1187 1527 1284 1588 iuerat

128 1631 294 1696 coniuncto.
341 1626 483 1694 Surrexit
498 1630 594 1706 enim,
626 1628 777 1714 ipsumque
800 1650 908 1715 corpus
926 1630 954 1692 in
976 1651 1062 1693 unum
1079 1650 1179 1693 secum
1198 1627 1284 1713 spiri-

128 1746 206 1811 tum,
242 1752 386 1816 unamque
410 1731 641 1817 singularitatem
668 1752 703 1794 ac
720 1730 843 1813 gloriam
863 1731 1103 1816 divinitatemque
1122 1730 1281 1817 copulavit.

126 1835 245 1902 Etenim
261 1854 366 1897 revera
383 1844 449 1919 post
465 1843 587 1896 mortem
605 1832 754 1923 apparuit,
785 1843 846 1896 eta
866 1832 981 1896 Thoma
1005 1845 1205 1898 contrectatus
1221 1844 1279 1911 est,
1298 1855 1377 1899 tecm.
1389 1852 1423 1897 uu

127 1950 236 2003 etcum
254 1935 395 2021 apostolis
406 1946 543 1998 versatus
558 1940 610 2001 ut
626 1932 637 1987 ’ἶ
667 2002 675 2025 ·.
695 1934 784 2013 bibit,
810 1956 845 1998 ac
861 1936 985 2020 denique
1001 1936 1192 2020 quadraginta
1208 1935 1283 2014 dies,

129 2041 307 2122 totidemque
324 2046 427 2101 noctes
450 2058 514 2099 oum
532 1952 762 2141 illimffitavit.
808 2038 855 2101 Ad
874 2037 946 2100 haec
968 2039 1094 2104 occlusis
1112 2038 1223 2103 toribus
1239 2038 1284 2101 in·

128 2163 251 2227 gressus
267 2160 377 2203 nervos
394 2149 425 2202 et
443 2160 511 2203 ossa
530 2134 739 2225 olavoiumqne
758 2162 793 2205 ac
806 2143 926 2205 lanceae
949 2141 1075 2226 vestigia
1094 2141 1282 2218 monstravit,

128 2255 159 2309 et
176 2265 277 2308 verum
296 2262 363 2305 esse
383 2262 489 2327 corpus
505 2242 633 2306 edocuit.
680 2241 765 2326 Quod
782 2255 879 2307 autem
897 2243 926 2306 in
946 2263 1034 2307 unam
1050 2243 1283 2327 singularitatem

126 2368 162 2411 so
181 2345 362 2410 divinitatem
388 2343 575 2407 coniunctum
602 2345 710 2408 nullum
733 2346 857 2431 amplius
880 2347 1060 2425 cruciatum,
1095 2346 1142 2410 vel
1160 2357 1283 2409 mortem

126 2458 279 2536 expectet,
302 2447 347 2510 his
364 2445 463 2510 verbis
481 2446 610 2510 declarat
625 2448 793 2534 apostolus,
819 2454 956 2512 Surrem't
973 2453 1121 2525 Christus,
1152 2471 1207 2511 rou
1225 2453 1280 2511 rum
1299 2461 1422 2517 nomes.

126 2557 263 2626 mum'tur5
298 2571 373 2612 mors
395 2552 442 2609 itt·
456 2552 533 2610 ultra
553 2572 608 2612 nou
628 2553 827 2614 dominabitur.
874 2549 955 2616 idem
974 2573 1046 2637 ergo
1064 2553 1139 2636 quod
1158 2551 1217 2636 pati
1235 2573 1286 2636 po-

125 2665 201 2719 terat
215 2650 361 2737 passionis
378 2671 486 2734 expers
502 2653 621 2731 mansit,
646 2653 783 2717 divinitas
798 2655 910 2718 scilieet
925 2677 989 2718 cum
1005 2676 1129 2740 corpore
1144 2664 1175 2718 et
1188 2654 1285 2718 anima

89 2790 93 2798 ·
126 2777 160 2820 so
184 2765 244 2818 tota
270 2754 448 2818 humanitate
472 2755 645 2834 coniuncta,
679 2756 750 2820 deus
772 2757 905 2842 ipseper
928 2779 1007 2821 sese.
1054 2754 1112 2839 Qui
1131 2761 1428 2824 ascenderemus.

125 2863 155 2922 sit
171 2861 276 2919 eoelum
293 2861 332 2918 od
347 2861 492 2919 deuterum
504 2863 600 2939 putris
617 2863 743 2921 eomedit
758 2865 787 2921 in
803 2865 918 2940 glorie,-
944 2881 1001 2923 non
1023 2871 1054 2923 ut
1069 2881 1177 2945 eorpus
1195 2860 1283 2944 depo·

126 2970 229 3038 neret,
261 2959 311 3022 sed
329 2970 361 3023 ut
378 2959 408 3022 in
425 2960 512 3023 nnius
534 2960 716 3044 perfectione
741 2963 902 3027 divinitatis
921 2963 950 3026 in
973 2963 1105 3048 spiritale
1130 2962 1281 3025 conflaret.

128 3060 379 3146 Quemadmodum
404 3062 477 3126 haec
496 3062 557 3147 ipsa
577 3084 702 3149 corpora
718 3076 840 3144 nostra,
871 3088 942 3147 quae
958 3088 1033 3128 nune
1047 3069 1182 3128 uurmutiu
1200 3071 1437 3135 semitonorum

126 3176 250 3238 uantur,
282 3169 412 3245 spirituli
425 3169 544 3246 quodum
560 3171 719 3230 conditione
733 3181 901 3249 resurgent,
933 3191 1020 3250 quoe,
1053 3169 1188 3254 inquam,
1220 3191 1282 3230 cum
1329 3130 1397 3177 ”a

126 3271 306 3347 eomuptroue
320 3281 470 3342 seruntur,
496 3291 558 3331 eum
574 3276 786 3352 rircorruptr'orre
800 3283 934 3351 surgent,
968 3295 1039 3354 quoe
1054 3277 1084 3334 iu
1099 3284 1188 3333 morte
1202 3277 1284 3332 semi-

124 3382 242 3443 nentur,
267 3391 328 3431 eum
345 3375 555 3433 immortalitate
570 3386 731 3454 resurgent.
781 3369 867 3454 Quod
886 3374 910 3438 si
928 3374 1069 3439 eiusmodi
1088 3387 1212 3458 corpora
1230 3395 1283 3437 no·

124 3485 187 3538 stra
212 3474 308 3535 future
331 3483 416 3549 sunt,
450 3484 557 3555 quanto
581 3475 672 3560 magis
697 3474 913 3540 sanctissimum
935 3477 1004 3541 ittno
1024 3473 1136 3541 Christi
1163 3497 1281 3563 eorpus,

125 3575 201 3661 qnod
217 3575 304 3639 nuliis
319 3572 418 3636 verbis
436 3575 591 3658 explicari,
616 3597 710 3660 neqne
727 3599 792 3641 cum
811 3578 868 3641 ulla
887 3600 919 3642 re
939 3579 1101 3666 comparari
1117 3589 1225 3665 potest,
1248 3578 1284 3643 it-

124 3677 192 3756 lud,
225 3676 360 3761 inquam,
395 3675 625 3740 sincerissimum
657 3699 692 3741 ac
720 3700 785 3742 cum
813 3680 868 3743 deo
895 3682 1099 3762 coniunctum,
1133 3681 1283 3766 singulare

124 3781 263 3864 deinceps
288 3789 317 3843 et
339 3779 505 3842 uniforme?
550 3776 635 3861 Quod
659 3780 773 3864 quidem
791 3783 941 3867 apostolus
958 3784 1010 3847 hac
1027 3786 1174 3849 sententia
1190 3795 1435 3852 testa-1.cor.t.1u

124 3895 184 3962 tur,
208 3887 275 3945 Em·
286 3887 422 3956 uouemus,
447 3882 553 3965 inquit,
577 3885 727 3944 seeundum
741 3905 853 3946 curnem
866 3889 1018 3960 Cdrr‘stum,
1038 3910 1093 3950 uon
1110 3893 1165 3949 rum
1178 3909 1282 3967 coguo-

121 3992 243 4061 seimus,
269 4007 325 4048 non
345 3984 423 4069 qnod
442 4005 559 4047 carnem
577 4005 594 4047 a
612 3984 763 4049 divinitate
787 3987 970 4065 seiunxerit‚
1002 3991 1054 4052 sed
1071 3990 1147 4073 quod
1172 3991 1284 4053 existat

122 4089 329 4172 disquiram,
362 4107 397 4149 ac
421 4088 564 4150 eumden
590 4087 743 4170 iungatur,
779 4110 880 4152 rernm
908 4112 965 4153 non
983 4093 1105 4176 amplius
1121 4092 1280 4156 secundum

123 4209 260 4268 oannem,
294 4191 344 4253 sed
362 4189 521 4251 secundnm
540 4190 672 4275 spiritum
690 4190 745 4267 sit,
778 4202 810 4254 nt
829 4191 952 4275 ipsemet
971 4195 1094 4258 asserit:
1126 4199 1423 4265 sacerdotiumne.

123 4290 253 4370 spiritum
269 4294 504 4373 sanctificationes
520 4316 558 4354 em
573 4299 780 4355 resurrectione
797 4306 969 4357 mortuorum
986 4301 1094 4359 domiui
1106 4303 1201 4360 nostri
1214 4303 1279 4362 Iesu

125 4394 243 4453 Christi.
289 4393 376 4456 Hono
394 4392 484 4477 igitur
502 4395 626 4459 ecclesia
653 4396 738 4459 simul
763 4398 847 4460 dnm
868 4418 935 4460 esse
963 4400 1133 4483 profitetur,
1166 4402 1279 4486 passio·

122 4513 256 4573 suspicatur
279 4518 312 4563 est
333 4516 450 4565 Petuntur.
484 4517 579 4566 ttottem
600 4517 686 4569 τοῦτον
721 4533 766 4572 ocu
785 4518 865 4586 (intell.
884 4511 988 4586 σάρκα).

123 4579 207 4646 (nutu
218 4573 320 4649 Ἰησοῦν
331 4577 454 4651 Χριστόν)
466 4578 531 4652 ὁμοῦ
544 4581 603 4639 >tadu
617 4581 686 4655 ἔχου-
