3096 5070
287 298 349 361 506
709 305 831 358 ειαστι
848 305 1018 357 mmmm

290 427 514 489 Κανσταντίνου
539 422 708 507 γενόμενος,
740 420 837 489 πάντα
866 420 942 487 κατά
967 419 1018 486 τόν
1045 427 1215 506 Μαρκίανα
1240 421 1449 506 ἐδογμάτισεν,

288 527 371 609 δεερα
391 526 423 589 δὲ
444 523 525 609 παρά
548 524 599 590 τόν
624 529 791 608 Μαρκίανα
819 526 870 590 καί
898 523 990 599 αιἰτός
1018 528 1112 606 δῆθεν
1139 527 1348 608 περισσότερον
1377 526 1452 607 δογ·

290 632 408 712 ματίζει

378 726 615 809 ’θἈπελληανοί.
661 730 722 794 Καί
738 721 827 804 οὗτος
845 726 1013 811 δἈπελλῆς
1036 725 1073 793 τά
1097 727 1185 810 δμοια
1200 732 1367 809 ,Μαρκίωνι
1392 729 1449 791 καί

291 838 453 917 Αουκιανῷ
481 834 661 914 δογματίζει,
690 837 816 909 κακίζων
839 830 894 914 τήν
917 838 1014 896 πᾶσαν
1035 836 1155 912 ποίησιν
1174 833 1224 894 καί
1248 829 1300 895 τόν
1320 855 1450 909 πεποιη·

291 933 373 1000 ιιότα.
420 929 482 1014 Οάγ
501 930 611 1013 όμοίοος
627 934 659 997 δὲ
676 932 791 1009 τοότοις
807 938 968 1017 δογματίζει
986 935 1035 998 καί
1054 942 1131 1016 τρεῖς
1146 931 1254 1016 ἀρχάς,
1284 928 1356 997 ἀλλά
1375 936 1451 1012 μίαν
1474 964 1478 968 ’

292 1033 400 1120 ἀρχήν,
422 1039 474 1099 καί
490 1037 540 1100 ἕνα
554 1033 630 1100 θεόν
645 1032 716 1100 όντα
732 1033 882 1102 ἀνοότατον
896 1039 945 1101 καί
965 1035 1221 1116 ἀκατονόμαστον,
1244 1033 1336 1099 αὐτόν
1350 1035 1383 1098 δὲ
1396 1057 1449 1098 πε-

292 1138 448 1220 ποιηκέναι
473 1135 567 1203 ἀλλον.
612 1139 672 1200 Καί
693 1136 784 1213 αὐτός
803 1135 821 1202 ό
838 1137 992 1223 γενόμενος
1017 1136 1149 1220 πονηρός
1171 1134 1304 1222 εὑρεθείς
1327 1139 1452 1217 ἐποίησε

293 1247 329 1330 τῇ
351 1241 459 1305 ἑαυτοῦ
480 1239 643 1320 φαυλότητι
663 1237 715 1304 τόν
736 1239 856 1321 κόσμον.

381 1345 571 1423 Σευηριανοί.
622 1341 758 1425 Σευῆρός
781 1369 824 1417 τις
847 1342 936 1408 πάλιν
958 1349 998 1429 τῷ
1019 1342 1147 1430 Ἀπελλῇ
1167 1339 1365 1421 συνεπόμενος
1396 1338 1451 1405 τόν

295 1445 348 1528 μίν
369 1442 451 1510 οίνον
475 1442 668 1525 ἀποβάλλεται
690 1446 740 1509 καί
763 1441 817 1526 τήν
842 1443 987 1525 ἀμπελον,
1021 1447 1054 1509 ἐκ
1078 1445 1110 1508 δὲ
1131 1450 1184 1509 τοῦ
1206 1445 1454 1526 δρακοντοειδοῦς

296 1554 397 1613 Σατᾶν
421 1553 599 1629 μυθολογῶν
622 1548 787 1626 πεφυκέναι
801 1545 856 1628 τήν
870 1555 997 1630 γυναῖκα
1015 1544 1167 1630 ἀριστερᾶς
1184 1545 1338 1626 δυνάμεως
1355 1541 1451 1629 δπάρ·

295 1675 365 1733 χειν.
408 1646 587 1729 Ὀνομασίας
608 1650 642 1713 δέ
656 1674 737 1723 τινας
757 1645 906 1731 ἀρχόντων
922 1650 973 1713 καί
994 1652 1092 1730 βιβλία
1108 1645 1173 1712 τινά
1192 1645 1357 1730 ἀπόκρυφα
1375 1674 1454 1732 παρ·

297 1750 416 1836 ειςάγει,
439 1747 475 1813 τά
491 1748 579 1831 ὅμοια
596 1751 628 1814 δὲ
643 1760 707 1827 ταῖς
723 1747 822 1826 ἀλλοις
838 1747 947 1835 σαρκός
965 1748 1123 1815 ἀνάστασιν
1141 1747 1244 1814 ἀθετεῖ
1255 1751 1312 1815 καί
1322 1748 1453 1814 παλαιάν

297 1852 456 1935 διαθήκην.

388 1958 535 2019 Τατιανοί.
583 1953 725 2029 Τιτιανός
751 1946 838 2029 οὗτος
855 1953 1068 2036 δίσυνήιιμασε
1088 1955 1141 2036 μὲν
1153 1951 1307 2042 Ἰουστίνφ
1323 1960 1362 2042 τρί
1379 1954 1451 2037 μοίρ-

297 2084 365 2141 τυρι
381 2063 423 2143 τῷ
440 2051 531 2143 άγίφ,
561 2055 632 2138 μετά
655 2057 688 2121 δὲ
705 2055 760 2137 τήν
779 2063 834 2121 τοῦ
850 2055 1000 2140 μάρτυρος
1020 2057 1072 2121 καί
1094 2055 1310 2137 Νφιλοσόφου
1328 2052 1450 2121 .’ίουστί-

297 2185 353 2225 νου
368 2157 517 2240 τελευτήν,
540 2157 738 2241 προςεφθάρη
752 2167 814 2233 τοῖς
830 2165 884 2223 τοῦ
902 2162 1085 2241 Μαρκίωνος
1101 2157 1238 2242 δόγμασι,
1264 2165 1446 2240 ”watev-

298 2263 366 2336 θείς
383 2267 425 2349 τῷ
442 2258 541 2347 αὐτῷ,
577 2259 658 2324 87τά
681 2285 711 2325 τε
726 2263 774 2324 ’ίσα
790 2260 872 2348 αὐτῷ
895 2261 1079 2344 ίδογμάτισε,
1108 2262 1159 2325 καί
1177 2260 1265 2332 πάλιν
1278 2262 1357 2340 ίιιρα
1371 2256 1442 2339 παρ’

298 2365 419 2436 ἐκεῖνον.
459 2361 589 2446 Ἐλίγετο
612 2363 644 2427 δὲ
666 2360 727 2427 ἀπό
751 2366 984 2442 Μεσοποταμίας
1008 2358 1238 2443 ”domem

384 2462 470 2545 Αὕτη
484 2461 504 2544 ή
520 2462 772 2544 ἀνακεφαλαίωσις
795 2471 848 2529 τοῦ
871 2464 990 2549 πρότου
1014 2467 1131 2545 βιβλίου
1156 2472 1214 2531 τιδν
1235 2468 1320 2549 τριιῖν
1343 2458 1443 2543 τόμιον

300 2565 374 2633 κατά
396 2567 640 2650 τεσσαρακονταδξ
662 2569 811 2650 αίρίσεοιν.

179 2714 230 2758 Μ,
241 2703 290 2748 1⁴4.
388 2666 488 2732 Ἐνδὲ
504 2674 547 2756 τῷ
562 2667 676 2756 πρότφ
694 2667 774 2756 τόμφ
799 2675 852 2733 τοῦ
873 2669 1013 2752 δευτέρου
1036 2671 1169 2749 βιβλίου,
1197 2665 1318 2753 τετάρτφ
1340 2663 1454 2730 δὲόντι

300 2769 375 2838 κατά
397 2768 450 2852 τήν
471 2769 606 2854 ἀπαρχής
625 2778 686 2834 τῶν
706 2771 805 2852 τόμιον
826 2777 880 2835 τοῦ
901 2767 1033 2855 ἀριθμοῦ
1050 2767 1252 2848 ἀκολουθίαν,
1272 2769 1397 2852 αίρίσεις
1413 2768 1456 2831 εί·

301 2875 349 2940 σίν
370 2871 424 2954 ιη’,
447 2870 557 2948 οὕτως·

353 3031 358 3037 .
383 2971 582 3059 Ἔγκρατῖται,
615 2977 645 3039 οδ
663 2973 846 3056 ἀπόσπασμα
869 2972 1060 3058 τυγχάνοντες
1085 2979 1249 3051 Τατιανσῦ,
1280 2969 1331 3036 τόν
1356 2967 1459 3055 γόμον

300 3075 533 3159 ἀποβάλλοντες,
555 3083 608 3141 τοῦ
628 3083 747 3141 Σατανᾶ
763 3075 928 3158 φάσκοντες
943 3084 1047 3143 τοῦτον
1063 3072 1153 3151 είναι,
1176 3081 1277 3137 πᾶσαν
1294 3074 1326 3138 δὲ
1344 3069 1459 3158 ἀπαγο-

301 3179 436 3266 ρεύοντες
456 3183 694 3263 ἒμψυχοφαγίαν.

389 3279 473 3345 Κατιί
494 3281 631 3366 Φρύγας,
661 3283 692 3345 οί
703 3281 751 3345 καί
772 3281 991 3360 Μοντανισταί,
1021 3281 1126 3354 οἵτινες
1141 3275 1273 3342 παλαιάν
1283 3278 1338 3342 καί
1348 3275 1461 3360 καινήν

303 3381 455 3466 διαθήκην
481 3385 626 3466 δέχονται,
655 3384 773 3468 ἑτέρους
794 3383 826 3447 δὲ
845 3381 1001 3465 προφήτας
1027 3382 1255 3464 παρειςφίρουσι
1278 3377 1359 3463 παρά
1384 3377 1461 3454 τοός

303 3484 479 3572 προφήτας,
501 3483 664 3550 Μοντανόν
684 3510 750 3550 τινα
771 3481 927 3566 αάχοῦντες
947 3486 998 3548 καί
1022 3488 1207 3564 Πρίσκιλλαν.

390 3588 605 3666 Πεπουζιανοί,
636 3589 667 3651 οί
678 3588 730 3651 καί
749 3593 784 3633 ⁸⁹
796 3588 1012 3663 Κυϊντιλιαυοί,
1044 3583 1092 3661 οίς
1108 3583 1304 3649 συνάπτονται
1316 3583 1463 3666 Ἀρτοτυ-

304 3699 395 3775 ρῖται,
426 3692 459 3755 ἔτι
474 3689 586 3756 τούτων
603 3690 657 3770 μέν
682 3691 737 3754 είσι
752 3696 812 3754 τοῖν
828 3686 904 3753 κατά
923 3686 1060 3772 Φρόγας,
1089 3690 1172 3769 ἕτερα
1189 3687 1222 3751 δὲ
1238 3682 1305 3768 παρ’
1323 3687 1464 3760 ἐκείνους

304 3796 542 3879 δογματίζοντες,
574 3791 734 3867 Πὲπουζάν
757 3817 821 3856 τινα
840 3789 927 3856 πόλιν
949 3793 1059 3875 ἔρημον
1077 3786 1225 3871 ἀναμέσον
1244 3791 1386 3861 Γαλατίας
1404 3789 1465 3852 καὶ

306 3899 526 3969 Καππαδοκίας
547 3895 598 3958 καί
620 3897 754 3978 Φρυγίας
777 3892 990 3971 ίκθειάζοντες,
1021 3894 1072 3957 καί
1096 3889 1204 3972 ταύτην
1218 3886 1405 3974 Ἰερουσαλήμ
1423 3887 1464 3970 ή-

305 3997 444 4085 γοόμενοι
470 3999 541 4072 (ἔστι
557 3996 589 4060 δὲ
605 3997 655 4060 καί
675 3994 746 4078 άλλη
766 3997 934 4077 Πὲπουζα),
965 3997 1083 4079 γυναιξί
1103 4019 1134 4058 τε
1151 3990 1340 4065 ἀποδιδόντες
1354 3989 1388 4055 τδ
1404 3989 1464 4075 ἀρ-

306 4127 367 4184 χειν
390 4101 438 4166 καί
466 4096 677 4181 4(ίίερατεόειν.
722 4103 932 4162 ΗΜυοῦνται
956 4098 988 4160 δέ
1004 4123 1070 4161 τινα
1093 4100 1187 4161 παῖδα
1211 4100 1465 4193 κατακεντοῦντες

339 4272 380 4357 δῇ.
398 4275 434 4324 Ita
449 4272 515 4353 οοδιλ
532 4285 586 4321 πει.
601 4276 702 4333 uterque.
730 4271 792 4319 Εσίιι·
808 4284 861 4319 ται-
896 4275 931 4320 σο
948 4271 998 4320 ανδ.
1016 4271 1113 4333 λίασίγ.
1203 4332 1211 4351 1
1236 4338 1248 4350 η
1443 4341 1449 4350 .

304 4337 551 4472 Μδίίπδάυλάἀαγίάδε
578 4409 645 4457 codd.
672 4421 727 4457 αισι.
759 4411 859 4468 uterque.
895 4337 972 4457 τιλάἀδ
986 4339 1143 4468 xm}
1162 4343 1467 4471 μάιδξηῖευωδίάἀῷᾞδτιάἀ

307 4477 445 4546 σννεβίιοσε
460 4479 523 4527 edm
894 4477 948 4524 ισίί.
965 4479 1040 4534 princ.

339 4546 379 4599 35.
397 4547 454 4617 φιλο
495 4540 614 4598 ίουστίνον
628 4557 703 4596 υοινο
716 4545 862 4607 spatianti-
927 4541 967 4595 37.
985 4539 1018 4598 τοί
1031 4557 1060 4596 τι
1076 4541 1120 4598 toa
1141 4535 1211 4610 ον’τῷ
1230 4542 1281 4596 cod.
1297 4542 1344 4590 λιιι.
1362 4543 1384 4594 τί
1401 4543 1462 4597 edi&
