3096 5070
265 277 329 344 632
612 284 774 338 ιουεινυι
793 285 837 337 υτ
856 285 1084 337 conmotam.

266 405 339 477 ῦρος,
357 407 402 463 καί
419 405 476 461 έκεῖ
488 406 624 471 έκαθέζιτο
640 404 705 474 μετά
719 406 771 460 τῦν
788 405 912 472 μαθητῦν
928 398 1014 458 αῦτοῦ.
1045 394 1098 458 Ἠν
1112 402 1142 458 δέ
1157 401 1186 458 τί
1203 399 1300 472 Πάσχα
1316 399 1335 468 η’
1350 398 1435 468 ίορτή

233 499 236 504 “
265 496 316 550 τῶν
331 491 470 548 Ἰουδαίων.
506 489 616 558 Δοιπῦν,
635 489 672 552 τίς
688 491 757 559 λέγει
772 489 805 545 τά
819 484 885 544 ἄλλα
902 484 1050 557 εῦαγγέλια,
1069 489 1263 555 Παραδοθέντος
1278 489 1322 542 τοῦ
1338 483 1436 541 Ἰωάν·

266 598 307 634 νον
323 576 404 633 έλθιλν
420 575 572 647 κατῴκησεν
591 577 628 638 είς
645 573 822 644 Καφαρναοὺμ
836 573 884 641 τήν
897 573 1120 641 παραθαλάσσιον,
1138 569 1175 634 τίς
1190 573 1234 627 καί
1247 569 1326 633 αῦτῦς
1339 567 1434 626 Ἰωάν-

266 682 313 732 νης
329 661 431 732 σννῳδά
448 668 500 722 τοῖς
523 655 607 722 ἅλλοις
630 659 775 728 εῦρίοκεται
799 661 886 727 λέγων.
921 660 975 714 Τοῦ
993 658 1058 728 γάρ,
1086 656 1183 728 Πάσχα
1201 657 1226 712 έν
1242 657 1303 725 μηνὶ
1319 657 1433 724 Μαρτίῳ

267 743 441 816 υἷ’Δπριλλίῳ
463 746 594 815 γενομένου
617 744 754 810 έξάπαντος
770 746 911 801 δείκνυνται
934 739 1005 799 ἄλλοι
1020 739 1091 805 ὄντες
1108 744 1191 811 καιροί
1212 743 1236 798 έν
1253 741 1290 804 οίς
1308 740 1322 797 ὁ
1339 740 1433 809 σωτὴρ

269 830 334 902 μιτά
348 830 391 886 τάν
406 829 545 899 πειρασμόν
560 829 624 898 πρὸς
636 829 680 886 τίν
693 826 812 898 Ἰωάννην
827 828 978 898 άφικνεῖται.
1008 831 1191 897 »Κατηγοροῦσι
1205 829 1235 884 δέ
1248 830 1271 882 οἱ
1287 824 1362 883 αῦιολ
1377 824 1434 882 πά·

269 921 304 972 λιν
319 919 373 970 κτλ.
392 944 424 956 -
459 916 475 966 1.
488 915 511 968 9.
529 917 560 966 ab
577 917 623 966 ἰοί.
643 911 720 970 αῦτοῦ
736 911 824 983 εῦαγγ.
842 910 898 982 ὅτι,
921 915 1017 984 φησίν,
1034 912 1049 970 ὅ
1063 910 1185 981 Ἰωάννης
1202 913 1252 981 ἔφη
1267 909 1315 969 δῦο
1331 911 1436 983 Πάσχα

268 999 311 1057 τάν
320 1002 428 1068 σωτῆρα
443 1000 605 1067 πεποιηκέναι
620 1002 690 1067 (hinc
703 1000 814 1052 εαοοτνάι
828 1002 928 1068 vulgata
943 1013 982 1052 est
994 1001 1129 1068 scripturn)
1145 1000 1170 1054 έν
1185 996 1295 1067 περιόδῳ
1311 997 1435 1052 ένιαυτῦν

269 1084 330 1143 δυό·
356 1088 379 1140 οἱ
394 1084 423 1141 δὲ
440 1081 510 1141 ἄλλοι
530 1081 709 1154 εῦαγγελισταί
724 1085 782 1152 περί
799 1085 856 1147 ἐνῦς
874 1084 971 1155 Πάσχα
988 1087 1141 1152 διηγοῦνται
1176 1085 1230 1138 Καί
1246 1079 1292 1138 σῦκ
1306 1084 1392 1137 ίσασιν
1409 1083 1436 1136 σί

270 1170 369 1228 ίδιιῗνται
382 1166 422 1225 ὅτι
437 1167 466 1225 οῦ
483 1169 557 1239 μένον
574 1170 622 1227 δῦο
637 1168 733 1241 Πάσχα
747 1168 868 1239 σ’μολογεῖ
879 1168 911 1226 τά
927 1168 1079 1239 εῦαγγέλια,
1106 1167 1144 1231 οἷς
1159 1169 1315 1238 πανταχόθεν
1331 1167 1438 1230 έδείξα·

271 1273 331 1324 μεν,
355 1251 419 1310 άλλὰ
435 1253 483 1311 δῦο
499 1255 543 1322 μίν
560 1261 613 1310 κτλ
631 1259 693 1308 Ven.
710 1285 743 1296 -
778 1258 831 1308 [ὃ.
847 1256 878 1307 εί)
895 1257 942 1307 ἰαί.
969 1253 1090 1322 ῦσωτηρ
1104 1249 1167 1310 ἄλλο
1183 1251 1293 1323 Πάσχα,
1313 1251 1350 1313 τίς
1368 1249 1439 1307 εἶναι

271 1342 329 1408 τρία
342 1338 441 1410 Πάσχα
457 1336 507 1395 άπὸ
529 1342 574 1394 τοῦ
596 1339 685 1410 χρόνου
703 1343 747 1395 τοῦ
768 1342 942 1409 βαπτίσματος
966 1340 1010 1394 καί
1032 1343 1083 1407 τῆς
1099 1337 1185 1410 α’ρχῆς
1206 1340 1250 1393 τοῦ
1268 1337 1439 1405 κηρύγματος

271 1425 314 1481 έπί
328 1426 408 1492 τρισίν
424 1424 504 1479 έτεσιν
521 1425 570 1486 έως
585 1429 629 1479 τοῦ
649 1429 766 1492 σταυροῦ.
801 1427 825 1478 Γ
827 1429 924 1481 εννάται
946 1425 991 1493 μίν
1015 1424 1063 1493 γάρ
1087 1423 1101 1480 ὁ
1120 1422 1209 1492 σωτήρ
1231 1424 1437 1491 τεσσαρακοστῷ

271 1510 383 1578 δευτέρῳ
400 1509 451 1564 έτει
468 1506 613 1578 Δῦγοῦστου
635 1511 762 1581 βασιλέως
782 1512 832 1565 τῶν
848 1507 984 1579 Ῥωμαίων
1007 1509 1033 1564 έν
1049 1506 1157 1581 ῦπατείρ
1178 1511 1223 1564 τοῦ
1239 1504 1318 1564 αῦτοῦ
1333 1503 1439 1562 Ὀκτα-

273 1595 327 1665 βίου
344 1591 489 1664 Αῦγοῦστου
505 1593 534 1650 τῦ
550 1596 752 1662 τριςκαιδέκατον
767 1595 810 1649 καλ
825 1597 945 1658 Σιλανοῦ,
963 1592 999 1656 ιῦς
1015 1595 1068 1666 ἔχει
1080 1593 1112 1650 τά
1128 1593 1198 1661 παρὰ
1212 1592 1351 1662 Ῥωμαίοις
1368 1591 1439 1648 ῦπα-

272 1676 355 1748 τάρια.
389 1680 481 1733 Κεῖται
497 1679 545 1747 γάρ
562 1680 587 1734 έν
603 1675 689 1741 αῦτοῖς
705 1675 793 1741 οῦτως.
828 1677 933 1736 Τοῦτων
951 1678 1141 1741 ῦπατευόντων,
1165 1679 1235 1747 φημί
1250 1676 1280 1734 δέ
1296 1674 1438 1748 Ὀκταβίου

272 1761 301 1818 τί
320 1765 521 1831 τριςκαιδέκατον
544 1765 588 1819 καλ
612 1767 739 1827 Σιλανοῦ,
765 1766 890 1835 έγεννηθη
909 1765 1021 1834 Χριστὸς
1042 1768 1076 1836 τῇ
1099 1764 1146 1832 πρί
1168 1759 1237 1821 σ’κτολ
1255 1763 1344 1819 Είδοῑν
1365 1760 1439 1818 Ἰαν-

272 1849 391 1917 νουαρίων
409 1848 474 1917 μετὰ
491 1855 622 1916 δεκατρεῖς
638 1848 739 1919 η’μέρας
759 1854 808 1918 τῆς
825 1854 971 1922 χειμερινῆς
985 1852 1081 1918 τροπῆς
1099 1850 1142 1903 καὶ
1156 1852 1206 1916 τῆς
1223 1850 1269 1903 τοῦ
1284 1846 1375 1917 φωτὸς
1391 1849 1438 1903 καὶ

273 1931 374 2002 νὶμέρας
389 1934 426 2002 (in
443 1952 519 2001 marg.
534 1935 625 2002 legitur
638 1933 804 2003 Ἰαννουαρίου
829 1937 873 1990 καί
890 1937 1045 2006 Δεκεμβρίου
1063 1934 1113 2003 κε’)
1138 1933 1296 2002 προςθηκης.
1330 1929 1437 2000 Ταῦτην

273 2018 303 2075 δὲ
316 2017 364 2085 τὴν
380 2016 479 2087 ἡμέραν
495 2018 653 2086 ἑορτάζουσιν
660 2016 796 2087 Ἕλληνες,
813 2021 882 2089 φημὶ
899 2019 929 2077 δλ
944 2023 968 2074 σί
985 2018 1165 2087 εἰδωλολάτραι
1178 2021 1212 2089 τῇ
1228 2017 1275 2087 πρά
1294 2015 1364 2073 σ’κτιῦ
1380 2019 1435 2072 Κα-

274 2104 370 2158 λανδῶν
384 2099 555 2171 Ἰαννουαρίων
570 2104 617 2173 την
632 2103 701 2173 παρά
720 2102 857 2174 Ῥωμαίοις
878 2106 1032 2174 καλουμένην
1051 2105 1251 2176 Σατουρναλίαν,
1276 2099 1334 2171 παρ’
1358 2104 1433 2170 Δίγυ-

273 2188 353 2250 πτίοις
370 2187 400 2243 δέ
417 2189 526 2255 Κρουία,
552 2186 610 2256 παρ’
623 2187 818 2258 Ἀλεξανδρεῦσι
841 2189 871 2246 δέ
886 2191 1015 2245 Χικελλία.
1050 2191 1093 2260 Τῇ
1110 2188 1159 2258 γάρ
1176 2187 1225 2257 πρὸ
1243 2184 1310 2244 σ’κταλ
1331 2189 1429 2240 Καλαν-

274 2275 327 2331 δῦν
341 2270 514 2339 Ἰαννουαρίων
529 2274 643 2330 τοῦτοτί
660 2279 752 2343 τμῆμα
766 2276 861 2343 γίνεται
876 2271 892 2331 ῦ
907 2275 974 2330 έστιν
990 2276 1070 2344 τροπῇ
1085 2275 1162 2342 (⁸5⁶),
1178 2272 1223 2328 καί
1233 2270 1333 2344 &olm
1344 2266 1426 2332 αὔξω

275 2355 295 2426 η’
311 2355 400 2426 η’μέρα
413 2360 458 2412 τοῦ
473 2358 562 2427 φωτὸς
578 2355 744 2430 λαμβάνοντος
758 2359 806 2427 τήν
823 2358 984 2428 προςθτῐκην,
1010 2364 1104 2426 πληροῖ
1122 2357 1152 2415 δί
1166 2358 1299 2426 διασυρσῦν
1319 2352 1423 2422 η’μεριῦν

275 2440 383 2511 άριθμόν
402 2444 439 2503 είς
454 2441 501 2510 την
518 2443 631 2511 προσκτολ
649 2445 737 2500 Είδιῖνν
753 2441 926 2513 Ἰαννουαρίων
945 2445 994 2505 έως
1010 2444 1110 2512 η’μέρας
1123 2448 1172 2511 τῆς
1184 2444 1228 2498 τοῦ
1241 2438 1349 2508 Χριστοῦ
1366 2457 1426 2506 γεν-

275 2527 390 2596 νήσεως,
416 2530 610 2597 προςτιθεμένου
627 2531 776 2596 τριακοστοῦ
800 2525 869 2599 ὥρας
894 2527 993 2599 ίκάστη
1016 2526 1111 2599 η’μέρᾳ.
1145 2525 1194 2589 Ὦς
1207 2521 1275 2581 καίν’
1291 2523 1360 2592 παρά
1373 2531 1428 2584 τοῖς

276 2608 371 2680 Σῦροις
394 2611 473 2680 σοφὸς
494 2609 611 2681 Ἐφραίμ
633 2612 794 2681 έμαρτῦρησε
818 2615 887 2682 (eod.
906 2611 1070 2682 έμαρτῦριοε)
1098 2612 1178 2683 τοῦτρ
1191 2613 1227 2682 τῷ
1245 2608 1314 2678 λόγῳ
1331 2610 1358 2663 έν
1373 2616 1432 2670 ταῖς

276 2693 353 2752 αῦτσῦ
370 2696 512 2765 έξηγηοεοι
528 2698 605 2765 λέγων
625 2695 681 2766 ’σ’τι,
706 2694 799 2761 Οῦτως
815 2698 863 2767 γάρ
879 2694 1036 2769 ηίκονομηθη
1056 2696 1076 2766 η’
1090 2701 1135 2753 τοῦ
1150 2698 1236 2765 κυρίου
1250 2692 1326 2764 ημῶν
1340 2691 1433 2761 Ἰησοῦ

275 2783 387 2850 Χριστοῦ
403 2782 543 2847 παρουσία,
560 2781 579 2850 αἱ
598 2783 664 2839 κατά
679 2782 763 2852 σάρκα
777 2785 907 2852 γέννησις,
925 2778 1003 2851 ἦτοῦ
1021 2785 1104 2852 (scrib.
1120 2778 1191 2852 ἤτοι)
1208 2781 1292 2836 τελεία
1306 2779 1437 2846 ένανθριί-

275 2885 368 2934 πησις,
395 2860 409 2922 ῦ
429 2869 543 2920 καλεῖται
562 2862 729 2937 Ἐπιφάνεια,
755 2867 805 2925 άπό
829 2871 878 2936 τῆς
899 2865 984 2939 άρχής
1004 2872 1054 2935 τῆς
1076 2870 1120 2923 τοῦ
1137 2865 1226 2936 φωτίς
1243 2861 1378 2933 αῦξήσεως
1394 2863 1439 2917 έπί

276 2952 341 3008 δέκα
361 2950 441 3018 τρισίν
458 2949 567 3018 η’μέραις
583 2953 764 3022 διαστήματος.
797 2950 896 3023 Ἐχρῆν
914 2952 962 3021 γάρ
985 2953 1029 3008 καί
1045 2954 1118 3009 τοῦτο
1134 2953 1210 3007 τῦπον
1228 2952 1346 3019 γενέσθαι
1360 2946 1438 3016 άριθ·

277 3037 325 3104 μοῦ
347 3037 392 3089 τοῦ
414 3030 491 3088 αῦτοῦ
516 3038 601 3105 κυρίου
625 3035 700 3106 ημῶν
721 3038 809 3107 Ἰησοῦ
827 3039 939 3106 Χριστοῦ
957 3039 1001 3093 καί
1019 3041 1069 3094 τῦν
1087 3033 1164 3091 αῦτοῦ
1179 3035 1287 3091 δώδεκα
1304 3036 1438 3104 μαθητῶν,

277 3116 307 3184 ὃς
323 3124 373 3176 τῦν
390 3124 529 3189 δεκατριῶν
549 3122 654 3193 η’μερῦν
677 3126 726 3191 τῆς
746 3127 791 3179 τοῦ
805 3124 892 3188 φωτὸς
913 3119 1048 3192 αῦξησεως
1072 3118 1181 3187 έπλείρου
1201 3117 1322 3187 άριθμόν.
1358 3118 1441 3175 Πάσα

276 3226 305 3262 τε
319 3203 384 3262 ἄλλα
400 3207 436 3268 είς
450 3203 498 3274 τιλν
513 3207 603 3262 τοῦτου
620 3210 664 3263 τοῦ
683 3206 758 3277 λόγου
778 3207 900 3264 ῦπάθεσίν
915 3228 944 3263 τε
959 3209 1003 3263 καί
1020 3205 1171 3276 μαρτυρίαν,
1195 3205 1265 3273 φημί
1281 3205 1310 3261 δέ
1327 3208 1376 3272 τῆς
1392 3206 1439 3259 τοῦ

277 3294 390 3361 Χριστοῦ
407 3290 551 3359 γεννήσεως
567 3294 665 3363 γέγονέν
678 3313 706 3348 τε
722 3295 766 3348 καί
780 3295 875 3363 γίνεται
881 3312 889 3359 ,·
926 3294 980 3348 Καί
993 3291 1041 3362 γάρ
1054 3292 1098 3346 καί
1112 3292 1187 3359 μέρος
1202 3308 1227 3343 τι
1243 3292 1293 3357 τῆς
1311 3286 1441 3357 ἀληθείας

277 3372 477 3445 ἀναγκαζόμενοι
492 3375 621 3445 ὁμολογεῖν
640 3381 663 3433 οί
677 3381 726 3446 τῆς
744 3381 794 3434 τῶν
810 3379 922 3435 εἰδώλων
940 3378 1080 3445 θρησκείας
1096 3373 1236 3446 άρχηγέται
1250 3376 1295 3429 καί
1309 3370 1440 3442 άπατηλολ

278 3463 315 3525 είς
328 3460 357 3516 τά
375 3461 534 3529 έξαπατῆσαι
550 3461 609 3524 τοῦς
626 3466 774 3526 πεισθέντας
789 3462 876 3526 αῦτοῖς
891 3462 1075 3532 είδωλολάτρας
1088 3462 1114 3517 έν
1129 3465 1229 3521 πολλοῖς
1244 3456 1331 3520 τόποις
1346 3458 1439 3526 ίορτήν

278 3547 400 3615 μεγίστην
421 3543 524 3615 ἄγουσιν
540 3546 565 3601 έν
581 3543 648 3619 αὐτῇ
660 3551 694 3618 τῇ
715 3549 785 3604 νυκτί
799 3551 850 3604 τῶν
863 3546 1035 3619 Ἐπιφανίιον,
1062 3548 1098 3608 είς
1113 3545 1142 3602 τά
1159 3545 1201 3601 έπί
1217 3548 1251 3616 ιη’
1264 3544 1345 3614 πλάνη
1362 3544 1438 3599 έλπί-

278 3649 370 3693 σαντας
392 3629 429 3699 μή
455 3635 537 3699 ζητεῖν
551 3631 600 3700 τήν
616 3628 748 3701 ἀληθειαν.
783 3635 889 3701 Πρῶτον
905 3634 950 3702 μίν
965 3634 990 3688 έν
1006 3630 1184 3702 Ἀλεξανδρείᾳ
1202 3630 1227 3685 έν
1241 3634 1278 3701 τῷ
1294 3629 1382 3697 Κορίῳ
1397 3630 1437 3699 τῷ

277 3716 439 3786 καλουμένῳ·
457 3715 517 3778 ναῦς
532 3717 562 3772 δέ
576 3716 631 3771 έστι
646 3719 778 3787 μέγιστος,
795 3720 920 3774 τουτέστιν
933 3718 962 3774 τῦ
977 3719 1081 3786 τέμενος
1094 3718 1144 3785 τῆς
1157 3715 1256 3782 Κέβης·
1284 3710 1370 3781 ''0qu
1386 3713 1438 3781 Υᾶρ

277 3801 325 3870 τήν
346 3799 425 3856 νῦκτα
448 3797 654 3869 ἀγρυπνήσαντες
675 3802 700 3857 ίν
715 3799 816 3872 άσμασί
838 3822 890 3858 τισι
907 3805 952 3858 καί
974 3799 1060 3865 αῦλσῖς
1078 3805 1117 3873 τῷ
1133 3799 1232 3867 είδάλῳ
1247 3794 1364 3869 ᾅδοντες,
1392 3800 1439 3852 καί

276 3887 415 3957 παννυχίδα
429 3888 618 3949 διατελέσαντες
633 3885 697 3955 μετά
712 3887 759 3956 τήν
775 3891 826 3943 τῶν
842 3884 1013 3956 άλεκτρυάνων
1030 3887 1143 3956 κλαγγὴν
1159 3889 1320 3958 κατέρχονται
1336 3887 1439 3952 λαμπα-

278 3970 388 4042 δηφάροι
404 3974 441 4034 είς
455 3971 535 4039 σηκόν
549 3991 604 4027 τινα
619 3971 755 4042 ῦπὸγαιον·,
773 3974 817 4028 καλ
831 3970 984 4043 ἀναφέρωσι
1001 3970 1090 4037 ξόανόν
1103 3991 1127 4028 τι
1145 3972 1238 4037 ξῦλινσν
1253 3970 1334 4039 φορίῳ
1352 3970 1439 4021 καθε-

278 4056 382 4127 ζόμενον
395 4056 487 4127 γυμνὸν
503 4056 558 4126 έχον
576 4054 706 4126 σφραγῖδά
718 4078 773 4114 τινα
790 4062 898 4127 σταυροῦ
916 4059 958 4113 έπλ
972 4063 1016 4113 τοῦ
1033 4057 1150 4127 μετάπου
1166 4057 1316 4127 διάχρυσον,
1333 4053 1378 4107 καί
1394 4052 1440 4107 ἐπὶ

277 4151 333 4206 ταῖς
349 4143 480 4210 ἑκατέραις
499 4142 585 4213 χερσίν
604 4139 683 4206 ἄλλας
699 4142 745 4200 δῦο
760 4142 878 4206 τοιαῦτας
899 4148 1043 4213 σφραγῶας
1060 4143 1148 4213 (etiam
1160 4143 1186 4193 in
1205 4145 1302 4194 Veneto
1319 4138 1376 4190 cod.
1389 4157 1435 4189 αο-

278 4241 365 4281 σεαιυο
381 4229 471 4297 ubiqne
486 4240 524 4279 ιιι
548 4231 701 4299 οφραγίδας)
718 4231 763 4284 καί
784 4225 823 4286 ἐπ’
840 4227 925 4290 αῦτοῖς
939 4237 992 4290 τοῖς
1006 4229 1066 4285 δυσί
1080 4226 1194 4297 γονάτοις
1209 4229 1269 4295 (sic)
1285 4220 1361 4283 ἄλλας
1379 4222 1438 4289 δῦο,

277 4311 343 4380 ὁμσῦ
361 4312 391 4368 δέ
405 4313 452 4375 τάς
466 4314 539 4368 πέντε
555 4321 698 4383 σφραγῖδας
714 4311 764 4370 άπὸ
781 4317 874 4386 χρυσοῦ
888 4315 1074 4383 τετυπωμένας.
1107 4312 1161 4367 Καί
1176 4312 1349 4381 περιφέρουσιν
1361 4310 1441 4363 τοῦτο

278 4396 307 4452 τῦ
325 4395 410 4461 ξόανον
424 4397 529 4462 ἑπτάκις
543 4397 720 4462 κυκλοίσαντες
738 4399 781 4456 τάν
798 4401 948 4470 μεσαίτατον
966 4398 1039 4462 ναῦν,
1065 4398 1129 4467 μετά
1142 4393 1225 4453 αῦλῶν
1243 4397 1287 4450 καλ
1301 4389 1440 4462 τυμπάνων

279 4481 324 4535 καί
344 4477 444 4551 ῦμνων,
470 4486 515 4539 καί
538 4483 705 4553 κωμάσαντες
727 4486 911 4554 καταφέρουσιν
931 4481 994 4540 αῦτῦ
1013 4475 1089 4546 αὖθις
1106 4485 1144 4545 είς
1158 4481 1201 4537 τὸν
1218 4480 1336 4548 ῦπάγαιον
1352 4478 1440 4533 τόπον.

276 4561 456 4638 Ἔρωτοίμονοι
471 4569 500 4626 δὲ
515 4566 569 4634 ὅτι,
596 4571 631 4629 Τί
647 4571 701 4632 ἐστι
721 4573 793 4630 τοῦτο
808 4570 837 4627 τά
854 4568 896 4638 (τί
914 4589 963 4622 uon
981 4571 1057 4623 babet
1074 4570 1143 4638 cod.)
1158 4563 1308 4640 μυστηριονι
1333 4559 1441 4631 άπσκρί·
