3096 5070
286 295 348 360 484
709 306 831 359 swern
849 307 1020 358 ονιειιιαιι

285 424 363 491 ὅλων
378 421 493 508 κόριον,
515 421 606 487 πάλαι
622 423 675 504 μὲν
690 424 721 488 έν
738 426 885 512 ἐπιθυμίᾳ
903 421 1011 488 τοότου
1029 421 1120 501 όντες,
1142 425 1193 488 καλ
1212 423 1450 492 1καθ’δκαστον

284 525 377 593 τόπον
395 531 456 591 τῶν
472 527 612 609 αίρέσεων
627 524 747 605 τοότων,
770 525 866 610 ῶςπερ
883 527 914 590 ἐν
930 531 1040 614 Μερρᾷ
1054 524 1149 614 τόπῳ,
1173 528 1221 590 καί
1244 529 1277 593 έν
1293 531 1375 608 δίψει
1392 534 1450 612 τής

284 634 417 714 φοβεροῖς
435 625 548 712 άβάτου
568 626 697 712 ἐρήμου,
720 629 767 693 dez
781 634 982 704 συναντῶντες
998 637 1059 704 τοῖς
1078 636 1206 704 σκολιοῖς
1222 627 1320 695 αὐτῶν
1334 629 1447 715 λόγοις,

284 730 518 814 ἐπιφωνήσωμεν
534 733 585 796 καί
600 727 700 809 αῦτολ,
714 729 773 796 Ὃν
789 728 903 815 τρόπον
919 732 1063 796 ἐπιποθεῖ
1079 728 1100 813 ή
1116 733 1233 812 έλαφως
1255 735 1304 797 ἐπί
1319 728 1371 809 τοῖς
1388 760 1447 816 πη-

282 834 337 922 γάς
352 843 411 900 τῶν
428 831 561 911 όδάτων,
592 832 687 909 οότως
705 834 848 898 ἐπιποθεῖ
866 828 983 916 ήψυχή
1001 859 1061 914 μου
1077 833 1153 920 πρός
1170 835 1218 913 σὲ,
1242 832 1362 911 όθεός·
1392 837 1448 900 καλ

255 992 258 998 .
283 938 380 1017 πάλιν,
400 935 481 1002 Πότε
496 938 587 1014 ἔλθω,
605 939 657 1001 καί
672 935 851 1018 ὀφθήσομαι
864 941 908 1022 τῷ
921 934 1070 1023 προςῶπφ
1084 945 1138 1002 τοῦ
1151 945 1241 1016 θεοῦ;
1281 937 1342 1002 Διά
1354 946 1446 1004 τοῦτο

280 1040 383 1126 τάχιον
398 1042 448 1106 καὶ
466 1038 553 1104 αῦτολ
571 1037 829 1122 έπεκαλεσῶμεθα,
861 1036 916 1120 οόχ
936 1036 977 1114 οός
993 1040 1106 1115 ἐκεῖνος
1125 1039 1222 1105 ἐκάλει
1238 1038 1292 1123 τήν
1309 1039 1445 1124 νύμφην,

282 1148 415 1225 νυμφίος
436 1142 530 1224 αὐτῆς
552 1139 718 1226 τυγχάνων,
747 1142 798 1205 καί
822 1140 942 1225 κόριος,
972 1143 1021 1206 καί
1044 1143 1204 1224 δεσπότης,
1227 1147 1279 1208 καὶ
1295 1142 1445 1226 βασιλεῦς,

281 1247 334 1311 καί
348 1245 432 1324 θεός,
453 1246 505 1309 καί
522 1241 702 1328 όπέρμαχος,
726 1240 785 1308 ἀλλ’
801 1239 842 1318 ῶς
856 1246 958 1309 δοῦλοι
974 1245 1068 1309 αὐτοῦ
1087 1241 1170 1326 ήμεῖς
1187 1245 1444 1328 ἐπικαλεσῶμεθα,

282 1346 400 1438 συνςοδά
416 1354 457 1436 τῷ
473 1344 554 1434 αὐτῷ
568 1349 620 1411 καί
635 1346 721 1412 αῦτολ
740 1346 886 1430 λέγοντες,
898 1349 901 1353 ’
911 1354 1008 1430 Δεῦρο
1025 1344 1086 1413 άπό
1103 1346 1243 1432 Λιβάνου
1258 1347 1372 1431 νόμφη,
1396 1348 1446 1415 ότι

281 1449 334 1533 όλη
353 1448 426 1532 καλή
444 1444 487 1528 εί,
519 1451 569 1514 καί
587 1456 689 1531 μῶμος
707 1445 763 1512 οῦκ
780 1451 858 1512 ἐστιν
873 1451 905 1513 ἐν
920 1454 981 1514 σοί·
1012 1445 1223 1534 όπαράδεισος
1243 1459 1298 1516 τοῦ
1314 1451 1444 1536 μεγάλου

279 1557 420 1635 τεχνίτου,
443 1549 563 1633 ἡπόλις
580 1558 634 1616 τοῦ
652 1547 738 1635 άγίου
754 1552 904 1633 βασιλέως,
926 1548 947 1633 ή
964 1552 1066 1635 νόμφη
1083 1560 1136 1618 τοῦ
1152 1552 1279 1619 ἀσπίλου
1299 1560 1442 1638 Χριστοῦ,

280 1651 467 1740 ήπαρθένος
484 1651 505 1736 ή
526 1651 620 1739 άγνή,
650 1652 732 1742 μόνῳ
749 1654 791 1718 ένί
810 1650 896 1738 άνδρί
914 1655 946 1720 έν
959 1659 1051 1720 πίστει
1066 1657 1318 1739 μεμνηστευμένη,
1341 1654 1440 1739 ήδια-

281 1755 397 1839 φανής,
419 1759 471 1822 καί
488 1756 677 1822 ἐκκόπτουσα
694 1753 759 1832 ῶςεί
778 1753 907 1841 όρθρος,
937 1757 1011 1839 καλή
1030 1755 1070 1833 ῶς
1087 1757 1207 1841 σελήνη,
1237 1756 1280 1835 ῶς
1295 1758 1377 1842 ήλιος
1394 1762 1439 1825 ἐκ·

279 1858 382 1942 λεκτή,
412 1857 532 1942 θάμβος
555 1857 596 1935 ῶς
619 1860 792 1944 τεταγμένη,
823 1856 1080 1942 ήμακαριζομένη
1104 1860 1166 1926 άπδ
1186 1869 1245 1926 τῶν
1266 1866 1439 1943 βασιλίδων,

277 1964 329 2029 καί
357 1963 559 2046 ἐξυμνουμένη
580 1958 641 2027 όπό
665 1969 723 2026 τῶν
745 1966 944 2040 παλλακίδων,
975 1958 1071 2045 ήόπδ
1089 1972 1150 2028 τῶν
1164 1966 1340 2050 θυγατέρων
1355 1967 1438 2031 ἐπαι-

277 2066 424 2147 νουμένη,
447 2066 497 2130 καί
517 2061 577 2129 άπδ
596 2071 650 2146 τῆς
667 2062 778 2148 ἐρήμου
797 2063 991 2148 ἆνερχομένη,
1020 2069 1071 2131 καί
1085 2071 1364 2151 λελευκανθισμένη,
1387 2070 1436 2134 καί

277 2169 326 2233 ίτιλ
343 2165 395 2232 τόν
411 2166 593 2248 ἀδελφιδοῦν
609 2166 702 2249 αῦτής
718 2168 972 2251 ἐπιστηριζομένη,
1002 2164 1023 2248 ή
1040 2167 1142 2253 μόρων
1161 2172 1307 2248 πνέουσα,
1336 2167 1432 2250 ἢᾶπδ

275 2276 330 2353 τῆς
344 2267 456 2355 ἐρήμου
472 2268 662 2356 άνερχομένη,
685 2265 726 2344 ῶς
740 2271 854 2351 στελέχη
868 2277 986 2334 καπνοῦ
1002 2273 1215 2354 τεθυμιαμένη,
1237 2269 1365 2353 σμόρναν
1379 2269 1429 2331 καί

275 2377 396 2457 λίβανον
410 2370 470 2437 άπδ
484 2379 647 2456 κονιορτῶν
662 2378 812 2456 μυρεψοῦ,
834 2378 887 2436 τοῦ
904 2372 1069 2448 δεδωκότος
1085 2375 1193 2440 ἑαυτοῦ
1206 2371 1259 2455 τήν
1272 2368 1423 2451 εῦοδμίαν·

278 2474 314 2542 δν
328 2483 487 2561 προορῶσα
501 2477 595 2560 έλεγε,
626 2474 739 2557 Μόρον
754 2476 919 2539 ἐκκενωθίν
935 2473 1032 2558 όνομά
1050 2500 1110 2542 σοι’
1131 2474 1179 2542 διά
1193 2481 1279 2539 τοῦτο
1300 2471 1429 2547 νεάνιδες

275 2576 435 2664 ήγάπησάν
450 2598 496 2642 σε·
523 2574 545 2659 ή
562 2579 702 2658 ἑστηκυῖα
723 2579 755 2643 ἐκ
771 2581 874 2654 δεξιῶν
890 2585 943 2643 τοῦ
962 2581 1120 2660 βασιλέως,
1147 2576 1322 2659 ἒνδεδυμένη
1344 2596 1432 2658 κροσ-

275 2679 371 2759 σωτά,
401 2678 571 2762 διαχρόσοις
594 2680 821 2762 πεποικιλμένη,
851 2677 980 2763 ήμηδὲν
1000 2681 1149 2748 σκοτεινόν
1168 2682 1289 2764 ἔχουσα,
1312 2678 1384 2742 ποτε
1402 2678 1434 2742 δὲ

276 2784 517 2865 μεμελανωμένη,
538 2784 607 2846 νυνί
623 2785 655 2847 δέ
673 2780 747 2865 καλή
764 2784 816 2846 καί
831 2787 1085 2866 λευκανθισμίυη,
1106 2789 1156 2850 ἵνα
1177 2784 1269 2849 ένσολ
1283 2780 1436 2868 γενόμενοι

274 2884 460 2967 λωφήσομεν
475 2891 534 2948 τῶν
556 2883 795 2970 προδιελθόντων
811 2882 891 2967 ήμῶς
906 2896 1056 2972 στυγερῶν
1071 2894 1129 2951 τῶν
1144 2887 1286 2971 αἱρέσεων
1300 2881 1436 2968 πραγμά-

273 3013 349 3066 των,
377 2988 428 3051 τιαῖ
444 2982 634 3069 ήσυχάσωμεν
652 2986 712 3052 όπό
729 2985 826 3052 σάλων
840 2996 893 3070 τῆς
910 2996 969 3053 τῶν
986 2988 1086 3068 αὐτῶν
1096 2993 1265 3072 τρικυμίας,
1295 2989 1346 3052 καί
1363 2983 1433 3050 οἷνα·

273 3088 416 3172 ψόξωμεν
435 3091 468 3153 ἐν
489 3091 552 3168 σοί,
585 3089 654 3176 άγία
677 3090 774 3176 μήτηρ
792 3087 877 3173 ήμῶν
895 3093 1049 3173 ἐκκλησία,
1078 3091 1129 3154 καί
1147 3093 1232 3180 ἐντή
1251 3087 1320 3177 άγίιγ
1338 3091 1369 3154 έν
1385 3089 1434 3153 σοί

140 3231 192 3279 μς,
204 3220 263 3268 m,
277 3194 465 3280 διδασκαλίᾳ,
490 3195 541 3258 καὶ
559 3189 629 3280 άγίη
644 3195 694 3258 καί
712 3192 789 3282 μόνη
806 3197 901 3258 πίστει
915 3201 992 3258 θεοῦ
1013 3193 1046 3257 έν
1067 3188 1201 3279 άληθείφ.
1244 3189 1327 3255 Ἀλλά
1345 3188 1431 3275 άρξο·

273 3321 327 3378 μαι
343 3296 410 3378 περί
424 3293 532 3378 ταότης
546 3303 598 3378 τῆς
614 3293 699 3380 άγίας
714 3295 827 3371 πόλεως
844 3302 920 3361 θεοῦ
934 3294 969 3359 τά
985 3293 1145 3377 θαυμαστοὶ
1163 3298 1338 3379 διηγεῖσθαι.
1388 3291 1433 3357 Τά

272 3395 328 3482 γάρ
344 3399 541 3480 δεδοξασμίνα
559 3397 690 3480 ἐλαλήθη
704 3400 771 3481 περὶ
786 3397 896 3480 αὐτῆς,
928 3397 969 3472 ῶς
981 3420 1055 3480 φησι
1072 3395 1089 3462 ό
1103 3396 1272 3482 προφήτης,
1302 3397 1434 3470 Λεδοξα·

274 3501 366 3582 σμένα
383 3501 513 3583 ἐλαλήθη
528 3502 595 3585 περί
614 3508 679 3578 σοῦ,
700 3498 720 3582 ή
735 3498 820 3575 πόλις
834 3505 889 3564 τοῦ
903 3507 991 3579 θεοῦ,
1008 3498 1184 3584 άνθρῶποις
1197 3500 1248 3581 μέν
1263 3504 1354 3563 πᾶσιν
1367 3494 1435 3562 άνέ-

273 3628 382 3685 φικτα,
405 3602 541 3678 άπίστοις
558 3605 591 3667 δέ
607 3603 761 3686 ῦλλότρια,
791 3612 907 3679 πιστοῖς
922 3604 953 3668 δέ
971 3601 1149 3688 ἆυθρῶποις
1165 3603 1216 3667 καλ
1230 3600 1386 3683 ἀληθινοῖς
1401 3602 1435 3665 ἐν

273 3707 369 3791 μέρει,
399 3707 431 3770 ἐν
456 3702 610 3788 ῦποοχέσει
634 3706 667 3770 δέ
690 3705 876 3785 τελειῶσεως,
908 3702 974 3780 ’ῶς
996 3703 1077 3788 παρά
1095 3711 1150 3770 τοῦ
1171 3700 1271 3769 αότῶν
1286 3700 1435 3768 δεσπότου

273 3804 561 3892 παρασχεθησόμενα
585 3810 616 3872 ἐν
637 3814 674 3896 τῇ
697 3812 827 3895 βασιλεία
855 3815 914 3872 τῶν
935 3808 1091 3892 οὐρανῶν,
1121 3806 1201 3873 ὅπου
1223 3804 1299 3887 αότή
1319 3801 1339 3887 ή
1362 3800 1435 3889 όγία

274 3913 429 3995 παρθένος
439 3912 490 3976 καλ
503 3909 686 3996 κληρονόμος
701 3906 756 3974 σόν
768 3916 809 3998 τῷ
824 3912 890 3998 ίδίςο
904 3915 1024 3998 νυμφίῳ
1041 3912 1074 3976 ἐν
1088 3909 1208 3999 οὐρανῷ
1221 3912 1284 3992 έσχε
1300 3905 1351 3973 τόν
1363 3913 1436 3990 κλῆ-

273 4038 329 4098 ρον
349 4016 401 4078 καί
422 4012 476 4096 τήν
495 4018 700 4099 κληρονομίαν.

145 4146 252 4217 W·
359 4119 419 4181 Καὶ
441 4117 648 4200 πρῶτονμὲν,
681 4114 725 4181 ότι
744 4112 762 4180 ό
783 4112 856 4190 θεός
874 4111 891 4180 ό
906 4116 956 4180 ἐπί
974 4114 1094 4180 πάντων
1115 4112 1187 4198 ἡμῖν
1208 4110 1280 4189 θεός
1305 4108 1434 4196 όπάρχει

273 4227 336 4294 τοῖς
353 4220 385 4283 ἐκ
403 4226 455 4300 τῆς
473 4216 557 4304 άγίας
571 4217 680 4300 ταότης
696 4220 851 4301 ἐκκλησίας
868 4227 1065 4302 γεννηθεῖσιν·
1089 4213 1238 4295 άπόδειξις
1251 4213 1306 4302 γάρ
1330 4213 1435 4302 ιαότή

273 4318 376 4406 πρῶτη
393 4324 460 4406 περί
485 4318 655 4404 θάληθείας
679 4322 731 4387 καί
746 4321 895 4404 έδραίωμα
911 4325 1037 4398 πίστεως
1055 4327 1108 4404 τῆς
1124 4318 1217 4404 μόνης
1230 4318 1339 4401 ταότης
1355 4333 1435 4406 τιαρ-

308 4475 366 4524 ὓιν.
382 4479 411 4524 ΙΙ.
426 4505 455 4514 -
478 4476 665 4530 λκαδέκαστον
681 4475 755 4530 τόπον
764 4478 832 4528 codd.
901 4478 925 4527 2.
945 4481 1059 4541 Spurium
1075 4480 1192 4527 iudicasse
1213 4479 1304 4527 υῖδείιυ
1325 4478 1367 4525 hoc
1382 4472 1432 4536 ῶς,

271 4557 326 4593 ωτι.
351 4549 452 4608 uterque.
487 4544 645 4598 καδέκαστον
666 4542 749 4599 τόπων
776 4547 833 4596 editi
865 4547 927 4609 ςυοδ
944 4551 1037 4597 uncinis
1047 4549 1151 4607 inclusit,
1166 4547 1286 4597 Petamus.

270 4612 332 4662 λῖδτῖ.
901 4613 960 4665 θεν.
972 4616 1016 4665 111.
1030 4641 1063 4652 -
1099 4618 1120 4666 Ι.
1139 4614 1293 4665 θετῖδτπσατο
1310 4605 1387 4678 αῦτη,
1404 4618 1433 4665 ni
