3096 5070
440 281 578 335 rausum
595 280 716 331 crnmu.
732 279 816 332 rou.
827 280 848 330 1.
867 277 968 331 naun.
979 249 1099 330 nrlxvr.
1286 265 1346 332 ³13

193 426 252 470 eon
266 402 402 469 omnibns
418 401 556 468 divinitas
571 400 732 478 tribuatur,
755 400 807 463 sed
826 399 876 463 nni
894 419 963 484 prae
981 398 1105 476 ceteris,
1138 418 1212 482 quue
1228 408 1273 462 est
1290 419 1348 462 una

191 507 222 572 in
239 506 368 573 trinitate
384 504 538 583 diviuitns,
563 503 629 587 quid
648 503 762 566 tandem
779 502 901 586 egregio
914 500 955 564 illi
973 500 1172 584 relinquetur,
1197 521 1254 584 quo
1270 502 1348 564 veri·

192 609 260 674 tatis
284 608 351 672 liliis
382 618 526 672 terrorem
549 603 830 687 admirationemque
856 603 948 688 possit
968 602 1122 666 incuteret
1176 599 1236 667 Sed
1258 613 1289 665 et
1306 604 1348 666 al·

192 711 308 776 teraah
327 711 420 774 ultera
442 707 637 793 discrepabit,
669 728 705 770 en
721 706 798 789 quod
820 705 937 769 trinitas
959 715 1059 783 creat,
1092 715 1190 768 cetera
1213 725 1287 769 vero
1310 705 1346 768 eb

190 815 254 901 ipsa
270 823 410 876 creantur
423 810 533 874 omnin.
579 806 631 873 llla
647 809 754 872 nullius
769 807 930 872 dominatui
945 807 1077 872 subiecta
1093 818 1157 884 est,
1181 807 1255 871 hacc
1272 807 1348 872 illius

189 916 328 1004 potestati
354 923 424 979 sunt
446 912 573 976 subdita.
626 911 672 974 hu
699 912 772 975 hacc
796 910 852 973 ista
878 911 1087 975 mutationibus
1111 910 1241 974 obnoxia
1266 920 1345 989 sunt,

190 1018 241 1083 illa
265 1028 368 1102 suapte
395 1026 499 1078 natura
523 1014 709 1078 immutabilis
733 1023 798 1090 εει,
836 1023 866 1076 ει
888 1012 1029 1076 interiora
1054 1013 1151 1076 omnia
1177 1023 1347 1091 commutat,

107 1160 111 1167 ι
187 1141 315 1207 ,quorum
332 1128 452 1182 naturae
468 1127 499 1181 et
516 1115 696 1183 snbstantias
713 1137 729 1178 ε
745 1115 836 1178 nihilo
852 1116 1014 1200 producere
1032 1127 1140 1202 potest.
1186 1113 1251 1179 Hoc
1270 1114 1347 1177 euim

192 1224 248 1286 deo
268 1221 422 1304 congruit,
455 1230 487 1283 ut
502 1239 542 1282 ex
562 1218 643 1284 aella
664 1218 814 1285 substrata
837 1219 959 1282 materia
980 1228 1007 1281 et
1025 1239 1065 1281 ex
1084 1219 1173 1281 nihilo
1192 1218 1348 1303 producta·
1381 1233 1395 1249 ·

192 1346 256 1388 rum
273 1345 291 1387 a
309 1343 342 1387 se
359 1342 456 1387 rerum
479 1342 514 1384 ac
528 1322 750 1386 subsistentium
770 1321 901 1385 ordinem
924 1321 1204 1405 dispositionemque
1227 1341 1280 1406 pro
1293 1341 1347 1384 sua

192 1428 343 1492 voluntate
365 1435 467 1489 mutet.

277 1527 357 1592 Aetli
376 1523 473 1614 Caput
491 1529 610 1591 XXXV.
664 1524 698 1592 Si
724 1527 887 1591 substantia
910 1527 1006 1590 omnis
1032 1526 1162 1609 ingenita
1187 1538 1250 1605 εει,
1283 1546 1349 1611 per·

191 1633 259 1696 inde
276 1643 307 1695 et
323 1633 400 1695 nulla
418 1631 569 1696 verinbilis
583 1639 643 1694 est.
689 1627 775 1712 Quod
799 1629 824 1692 si
848 1628 958 1695 uariari
984 1629 1146 1693 substantia
1164 1651 1222 1692 uon
1238 1639 1345 1713 potest,

192 1755 298 1819 agere,
329 1745 359 1798 ct
375 1734 432 1820 pati
449 1735 485 1798 ad
503 1733 653 1796 fortuitum
673 1732 817 1816 quendam
837 1753 936 1795 casum
957 1732 1111 1795 referenda
1133 1743 1213 1795 snrrt.
1260 1728 1347 1813 Quod

191 1837 218 1900 ai
235 1836 324 1900 multa
340 1847 409 1900 sunt
431 1835 562 1918 ingenita
585 1845 615 1897 et
631 1833 835 1911 invariabilis,
872 1832 951 1897 nullo
970 1844 1051 1896 certo
1069 1855 1084 1896 a
1100 1854 1133 1897 se
1151 1833 1276 1897 inricern
1296 1854 1349 1897 nu·

192 1959 275 2003 mero
305 1937 523 2022 discrepabunt.
577 1934 684 2020 Neque
711 1937 788 2000 enim
814 1935 1021 2019 comprehendi
1047 1956 1168 2000 numero
1196 1947 1346 2024 pqtcrunt,

192 2062 267 2127 quan
293 2041 340 2104 vel
363 2038 515 2117 absolute,
546 2037 594 2101 vel
615 2040 710 2124 eliqua
737 2060 777 2102 cx
802 2050 883 2124 parte
907 2038 1064 2116 differunt,
1097 2059 1160 2101 cum
1184 2038 1349 2101 differentia

191 2144 286 2209 omnis
304 2141 515 2206 determinatae
537 2161 660 2205 caussae
676 2141 705 2205 in
721 2140 851 2226 ingenita
871 2153 974 2205 natura
998 2141 1079 2203 velut
1097 2141 1265 2204 attributam
1283 2161 1349 2205 sor·

191 2258 249 2312 tem
273 2246 430 2330 significet.

276 2344 399 2413 Conlut.
427 2347 547 2408 XXXV.
601 2342 672 2408 Non
695 2347 790 2410 omnis
812 2344 977 2408 suhitantia
1003 2345 1134 2430 ingenita
1157 2346 1212 2408 dici
1238 2356 1346 2430 potest,

189 2453 265 2538 quod
282 2450 329 2514 vel
348 2450 446 2513 animo
465 2448 622 2533 concipere
638 2448 773 2511 stolidum
792 2459 854 2526 est,
886 2458 973 2532 atque
990 2449 1026 2511 ab
1042 2448 1193 2532 gentilium
1209 2447 1349 2531 ignoran-

190 2554 231 2618 tia
245 2574 280 2617 ea
297 2554 343 2616 vel
362 2551 503 2636 cogitatio
521 2555 568 2613 vel
585 2550 732 2613 sententia
748 2551 958 2635 proficiscitur,
991 2552 1056 2615 sive
1074 2550 1259 2629 affirmando,
1284 2551 1348 2614 sive

192 2655 402 2738 interrogando
418 2654 513 2718 solum
530 2652 637 2716 Aetius
655 2652 710 2715 iste
726 2651 891 2738 protulerit.
937 2651 1121 2738 Quemquam
1139 2653 1349 2736 interrogando

191 2757 267 2821 istud
285 2756 400 2840 quidem
419 2775 577 2840 usurpasse
596 2755 723 2818 videtur.
769 2752 871 2839 Quare
895 2755 1109 2840 degentilibus
1132 2756 1187 2819 ista
1216 2757 1349 2820 sciscite-

193 2869 259 2936 tur,
291 2868 378 2943 atqne
395 2857 503 2922 abillis
522 2857 596 2935 hoc,
629 2858 705 2941 quod
728 2858 757 2920 in
771 2858 1004 2940 interrogatione
1023 2880 1077 2923 sua
1095 2880 1135 2923 ex
1150 2859 1350 2922 ratiocinatio·

192 2959 277 3023 nibus
301 2960 424 3025 collecta
446 2960 560 3045 posuit,
594 2961 774 3024 concedatur
800 2960 893 3037 ultro,
925 2962 1076 3024 materiam
1102 2982 1169 3025 csse
1192 2961 1348 3044 quandem,

192 3082 266 3147 quae
285 3072 416 3149 tempore
438 3063 577 3127 eumden
601 3061 641 3126 sit
662 3061 809 3146 aequalie3
843 3062 895 3125 scd
916 3073 946 3126 et
963 3085 1021 3127 nna
1044 3086 1108 3128 cnm
1126 3063 1184 3127 illis
1200 3063 1300 3127 eadem
1323 3063 1348 3127 si

136 3187 138 3190 ’
191 3166 300 3228 sentiat
321 3165 514 3229 convincatur
536 3165 654 3230 Aetius.
698 3163 778 3230 Nam
806 3164 917 3229 veritas
941 3167 1056 3250 quidem
1084 3166 1147 3251 ipsa
1170 3188 1255 3229 unam
1281 3187 1348 3230 esso

191 3277 294 3332 censet
308 3267 480 3331 efficientem
503 3289 657 3347 caussam3
690 3269 766 3352 quod
783 3268 813 3331 in
831 3290 889 3332 una
907 3279 936 3332 ει
953 3269 1053 3332 eadem
1072 3268 1234 3332 substantia
1252 3271 1349 3353 perle-

191 3380 237 3434 cta
255 3369 371 3433 trinitus
385 3370 450 3433 sine
466 3368 522 3432 ulla
540 3371 713 3434 confusione
731 3381 913 3434 numeretur.
959 3369 1085 3455 Reliqua
1102 3392 1172 3435 vcro
1190 3372 1286 3434 omnia
1306 3373 1348 3434 la·

191 3483 238 3536 cta
264 3492 298 3534 ec
325 3483 479 3556 procreata
502 3483 589 3551 suut,
621 3493 679 3535 non
702 3473 851 3556 ingenita,
882 3474 1019 3537 diviuitas
1041 3494 1113 3536 vern
1134 3495 1151 3537 a
1169 3474 1248 3537 nullo
1265 3494 1348 3537 crea-

192 3584 256 3652 tur,
290 3573 342 3638 scd
360 3585 442 3658 pater
467 3573 577 3657 gignit,
611 3574 687 3637 lilius
713 3574 831 3657 genitus
856 3586 920 3656 est;
951 3577 1208 3660 spiritussauctos
1228 3597 1244 3639 a
1265 3587 1348 3662 patre

189 3678 299 3741 missus
316 3687 377 3752 est,
409 3687 439 3738 ct
456 3696 473 3738 n
492 3675 551 3738 lilio
569 3675 692 3760 accipit3
724 3687 824 3740 cetera
842 3697 915 3740 vero
935 3689 1035 3742 creata
1055 3690 1142 3757 sunt3
1174 3689 1261 3763 atque
1285 3681 1347 3763 ipsc

190 3780 263 3843 dens
286 3776 473 3842 immutabilis
498 3777 605 3840 virtute
631 3796 806 3861 permanens
830 3791 1029 3862 congruenter
1047 3780 1077 3844 in
1098 3782 1228 3845 trinitate
1250 3782 1348 3845 cousi·

190 3883 252 3947 stit.
299 3879 439 3945 Ceterum
456 3878 593 3943 diviuitas
607 3877 702 3940 omnis
719 3878 755 3940 ad
773 3889 884 3962 patrem
902 3883 1048 3960 refertur,
1073 3885 1148 3966 quod
1164 3886 1203 3946 ita
1220 3904 1347 3948 concen-

189 3996 306 4048 tanenm
324 3983 379 4061 sit,
413 3983 498 4066 idque
517 3992 547 4044 ει
565 3981 600 4045 ad
617 3980 758 4044 unitatem
779 3980 982 4060 retinendam,
1015 3994 1046 4046 et
1061 3985 1260 4069 multiplicium
1277 3989 1346 4052 deo-

188 4108 252 4150 rurn
269 4086 428 4150 vanitatem
447 4085 637 4148 refellendam
659 4083 816 4166 pertineat.
863 4079 916 4147 Sic
933 4084 1011 4147 enim
1028 4085 1215 4151 immutabilis
1233 4101 1280 4152 est
1295 4112 1347 4154 ua·

190 4198 271 4253 turae
288 4188 406 4252 divinae
423 4186 529 4263 virtus,
554 4196 586 4249 nt
600 4195 799 4271 congruenter
815 4185 864 4248 lilii
881 4186 916 4249 ad
934 4197 1044 4271 patrem
1060 4187 1238 4272 spiritusque
1252 4195 1346 4257 suncti

190 4303 387 4354 consentanea
406 4289 482 4353 rotio
502 4289 738 4375 comparatioqne
761 4299 910 4352 servetur.
956 4286 1042 4371 Quae
1068 4310 1134 4352 cum
1153 4290 1193 4353 ita
1209 4311 1276 4356 sese
1296 4293 1346 4358 ha-

189 4392 296 4473 beant,
320 4396 469 4491 captiosae
484 4392 562 4456 illius
576 4391 817 4476 interrogationis
839 4403 1033 4456 commentum
1051 4393 1167 4480 penitus
1185 4393 1343 4461 intercidit.

255 4512 281 4569 6.
297 4508 492 4582 dioqspcudmc
507 4514 686 4566 cohonestet
700 4515 783 4567 Petne.
803 4513 881 4566 Goloo.
896 4517 967 4577 repet.
