3096 5070
612 307 937 359 asacsrasnanosrs.
1283 290 1344 354 sta
1388 274 1395 293 '

195 425 390 513 praedicentis
406 448 473 493 esso
488 449 569 492 more
585 429 673 506 diota,
698 427 841 511 cumipse
858 424 984 488 nondum
999 423 1155 502 existeret,
1178 423 1230 485 sed
1248 443 1264 485 a
1279 420 1345 485 Ma·

194 532 256 611 ria,
291 530 499 609 addiximus,
532 543 562 594 et
578 531 614 593 ah
633 551 669 594 eo
690 530 834 592 duntaxat
851 539 981 610 tempore
1006 548 1062 610 quo
1086 545 1173 588 corne
1198 524 1346 607 praeditos

194 633 316 697 advenit
338 654 405 697 esse
428 633 570 718 coeperit.

277 733 477 812 Manichaei,
489 756 562 818 qnos
580 744 610 797 et
627 733 790 796 Actranita's
808 742 931 809 vocant,
956 729 1056 794 Manis
1070 727 1181 794 Persae
1197 728 1343 812 discipuli,

194 834 344 906 Christum
375 837 474 921 specie
504 847 590 900 tenus
621 837 811 920 profitentur,
850 806 963 897 solem
971 835 1344 948 lunamunrepcrantur.

194 937 297 1006 Suettio
312 960 348 1002 ac
365 938 520 1001 virtutihus
537 950 567 1001 ct
584 939 774 1021 daemonii&
798 937 971 1021 supplicant.
1019 932 1084 998 Duo
1105 931 1263 1019 principia,
1295 933 1347 996 ho·

195 1063 262 1105 num
289 1062 323 1103 ac
348 1041 470 1119 maium,
505 1041 695 1104 constituunt.
751 1037 899 1103 Christum
923 1036 1022 1122 speeie
1049 1048 1133 1101 tenus
1162 1037 1345 1122 apparuisse,

194 1141 350 1227 specieque
368 1155 453 1206 tonus
477 1163 543 1206 esse
569 1163 697 1228 passum.
745 1140 839 1206 Vetus
856 1151 1078 1216 testamentum,
1110 1158 1235 1222 eumque
1252 1138 1299 1221 qui
1316 1138 1347 1200 in

194 1242 245 1307 iilo
273 1244 387 1308 loeutus
416 1254 479 1323 est,
513 1244 675 1308 maledictis
700 1255 836 1307 onerant.
874 1240 1031 1326 ,Mundum
1055 1263 1112 1305 non
1136 1240 1347 1305 universuma

195 1346 268 1424 deo,
299 1348 351 1411 sed
375 1346 437 1409 eius
460 1357 569 1432 partem
594 1347 762 1410 iahricatam
785 1367 852 1409 esse
924 1355 1018 1409 tnunt.

278 1446 448 1512 Hieracitas
464 1448 500 1511 ah
517 1446 644 1512 Hieraoc
658 1448 817 1533 interprete
834 1470 850 1511 a
922 1460 1003 1511 ctore
1019 1447 1142 1531 qrrudam
1156 1443 1345 1530 Leontopoii,

194 1551 270 1635 quud
295 1550 425 1636 Aegypti
450 1551 584 1635 oppidum
610 1561 672 1629 est,
706 1551 840 1617 oriundo.
892 1550 951 1634 Qui
978 1549 1224 1614 resurrectionem
1249 1548 1347 1612 carnia

195 1655 316 1738 respuit.
363 1650 492 1718 Utuntur
516 1654 557 1715 iiii
580 1653 674 1715 veteri
701 1674 736 1715 uo
761 1674 838 1717 noro
860 1663 1046 1716 testamento.
1091 1650 1212 1737 Nuptiis
1231 1651 1347 1736 penitus

194 1755 383 1819 interdicunt.
428 1754 593 1819 Monachus
613 1765 642 1818 et
660 1755 790 1839 virgines
809 1756 993 1818 corrtineutes
1009 1754 1163 1851 residuos
1179 1755 1344 1817 admittunt.

194 1855 308 1922 Pueros
323 1869 425 1921 natura
444 1857 571 1921 noudum
589 1867 685 1920 aetate
706 1856 789 1941 regni
809 1858 946 1920 coelestis
964 1856 1119 1942 participes
1141 1877 1207 1920 esse
1225 1868 1346 1940 negant,

195 1961 270 2044 qnod
294 1960 420 2023 noudum
444 1959 605 2022 certamine
628 1959 771 2043 perfuncti
794 1971 872 2022 sunt.

278 2059 431 2126 Meletiani
450 2062 614 2125 schismatis
633 2062 663 2123 in
682 2054 926 2146 Aegypto,'non
944 2061 1076 2125 haeresis
1092 2061 1186 2123 iocum
1201 2059 1344 2122 obtinent.

195 2160 254 2247 Qui
271 2186 336 2228 curu
355 2164 411 2226 iliis
429 2184 546 2250 precum
575 2164 780 2227 commuuione
799 2164 935 2248 coniungi
960 2164 1117 2227 rroinerunt
1134 2163 1183 2246 qui
1200 2162 1231 2225 in
1247 2182 1346 2247 perse·

195 2267 313 2330 cutione
336 2265 409 2350 tapsi
431 2275 510 2328 sunt.
555 2263 645 2328 Nunc
666 2286 700 2329 sc
721 2267 757 2328 ad
782 2265 912 2330 Arianos
933 2275 1142 2351 aggregarunt.

278 2369 400 2446 Ariani,
432 2368 496 2431 sire
520 2366 739 2445 Ariamauitae,
772 2368 818 2430 dei
845 2369 930 2431 tiliam
954 2379 1118 2431 meaturam
1144 2387 1211 2431 esso
1235 2366 1345 2446 dicunt,

193 2470 326 2556 spiritum
353 2491 424 2539 rero
450 2482 582 2533 sanctum
605 2481 758 2534 creaturae
781 2491 848 2534 esse
869 2482 1045 2534 creaturam.
1093 2466 1276 2533 Salvatorem
1295 2490 1347 2531 no·

194 2583 286 2637 strum
303 2593 421 2636 carnem
440 2573 585 2636 duntaxat
605 2593 622 2636 a
641 2570 755 2649 Maria,
780 2594 837 2636 uon
854 2574 976 2637 animam
995 2571 1145 2656 accepisse
1163 2572 1344 2635 confirmant.

194 2671 263 2737 Fuit
285 2675 331 2738 hic
353 2676 445 2738 Arius
469 2675 612 2739 ecclesiae
635 2675 855 2740 Alexandrinae
879 2676 1044 2761 presbyter.

281 2876 364 2942 ilaec
379 2889 425 2942 est
440 2880 566 2963 quinque
582 2880 746 2944 haereseon
764 2902 894 2962 summa,
918 2902 991 2966 quae
1009 2881 1038 2944 in
1056 2881 1111 2943 hoc
1128 2877 1168 2942 ii.
1190 2878 1264 2942 iihro
1280 2878 1345 2943 sive

194 2978 297 3074 ordine
321 2978 360 3043 V.
386 2983 585 3046 continentur.

276 3081 362 3145 Atio
378 3084 476 3167 priore
495 3096 574 3149 tomo
589 3084 654 3149 iibri
673 3087 771 3164 tertii,
803 3087 867 3150 sire
894 3088 997 3149 ordine
1017 3084 1093 3164 Vh,
1126 3087 1283 3150 secundum
1302 3087 1346 3149 in·

193 3185 325 3249 stitutum
340 3207 356 3248 a
372 3185 457 3250 nohis
472 3189 603 3252 ordinem
621 3200 732 3275 septem
751 3190 890 3253 haereses
908 3189 1107 3267 continentur,
1127 3210 1190 3253 cum
1203 3190 1345 3254 schisma·

194 3285 283 3350 tihus.

276 3389 477 3453 Audianornm
504 3394 619 3478 proprie
637 3394 764 3457 schisma
786 3414 821 3456 ac
838 3394 981 3471 deiectio,
1015 3415 1072 3457 noo
1093 3394 1236 3457 haeresis.
1283 3391 1345 3457 hlo-

192 3512 256 3555 rum
272 3493 348 3555 hena
365 3490 499 3556 instituta
513 3495 630 3586 vivendi
645 3496 720 3558 ratio
737 3506 794 3557 est.
839 3492 900 3559 Sed
919 3518 1031 3580 oeque,
1057 3497 1131 3581 quod
1147 3496 1183 3559 ad
1202 3496 1285 3559 iidem
1302 3507 1346 3560 at·

192 3593 282 3671 tinet,
315 3595 352 3658 ah
376 3594 502 3658 ecclesia
524 3596 665 3660 catholica
690 3597 877 3661 dissentiunt.
923 3596 1062 3662 Habitant
1081 3598 1184 3662 maiori
1206 3619 1246 3662 ex
1262 3611 1344 3683 parte

190 3692 221 3757 in
238 3698 435 3761 monasteriis.
479 3694 590 3781 Magna
604 3709 650 3761 est
667 3699 740 3781 apud
757 3699 822 3762 ilios
840 3701 1072 3785 apocryphorum
1089 3701 1228 3764 librorum
1245 3699 1340 3786 copia.

193 3792 372 3863 Communes
401 3799 551 3862 nobiscnm
577 3800 728 3863 orationes
753 3821 813 3863 non
838 3801 956 3865 trahent.
1009 3802 1087 3867 Nam
1114 3803 1269 3889 episcopos
1291 3825 1344 3867 no·

189 3911 287 3980 stros,
312 3922 426 3965 necnon
447 3912 476 3965 ct
493 3902 617 3981 divites,
645 3900 776 4004 aliosque
792 3905 998 3967 condemnant.
1045 3902 1212 3987 Quinetiam
1230 3904 1345 3971 Pascha

221 4103 264 4158 66.
283 4105 417 4173 μιλιτιαιοὶ
433 4110 500 4158 codd
518 4123 574 4158 mss
781 4109 882 4159 Puncrii
897 4112 1031 4159 summario.

220 4170 263 4224 67
289 4178 347 4242 hauh
333 4172 542 4243 βεβαιούμενοι
525 4174 575 4230 and
593 4174 710 4283 dieis<
718 4174 751 4228 si·
818 4175 858 4228 69.
876 4178 911 4227 itu
926 4179 993 4229 codd.
1007 4192 1062 4229 msa.
1100 4180 1163 4229 scta
1175 4184 1286 4242 praebent
1299 4199 1344 4235 κα·

188 4238 296 4317 ληφέιαι
312 4245 362 4293 cod
381 4245 479 4306 Rhedtp.
784 4240 890 4304 icisse<

220 4305 266 4358 us.
283 4307 309 4361 ds
334 4310 509 4376 μοιαστηρίοις
532 4313 588 4363 dedi
613 4327 642 4364 cc
663 4314 750 4365 locans
818 4311 857 4364 70
876 4314 924 4362 Huc
940 4316 1039 4366 atterens
1061 4303 1150 4376 ἄλλους
1167 4332 1214 4372 non
1228 4307 1344 4382 connum

186 4375 414 4442 denominatos
439 4382 500 4430 coins
521 4383 585 4431 cheat
608 4396 639 4444 pr
684 4383 751 4433 coitio
783 4381 808 4430 tn
825 4381 878 4430 edit.
897 4380 978 4433 Petnu

188 4439 221 4494 du.
267 4447 381 4498 Petuntur
403 4450 495 4500 vntehct
519 4464 691 4516 namma,
