3096 5070
448 301 535 360 τοενι
548 301 986 359 ναιοινενινενοετεοιοιι.
1225 290 1289 359 669

140 431 172 482 εἰν
187 429 233 482 ἰού
258 425 301 485 διά
317 425 360 484 τάν
382 425 481 482 ἐκεῖθεν
496 424 583 494 παροξ.
601 428 665 478 Vm.
683 426 757 477 Βοοσ.
775 454 807 466 -
841 422 898 478 1.4.
915 425 947 476 εἰ)
963 423 1009 476 ἰαί.
1026 423 1096 492 φημί
1113 418 1146 480 δι’
1161 421 1290 495 Ἑλλήνων

140 517 228 570 Ῡεοεα

206 601 286 670 Pas.
304 600 381 654 ³⁵⁰.
413 596 470 654 121.
488 593 613 664 ἐγένοντο,
639 593 743 649 πιθανὸν
760 588 790 650 ἀν
804 584 839 663 ήν
861 611 906 650 σου
923 593 952 649 τύ
969 598 1075 663 ψεῦσμα
1088 597 1152 647 ven.
1171 623 1201 636 -
1230 595 1290 649 λθ

140 687 207 736 Bene
227 688 316 736 venet.
343 679 407 749 μετά
429 679 458 735 τά
483 678 531 748 τήν
546 675 626 735 Εύαν.
662 681 730 732 Idem
744 681 807 732 liber
825 679 900 748 paulo
919 690 978 749 ροσε
993 679 1072 735 πάθεν
1087 678 1117 735 δί
1130 674 1182 746 ἀρα
1195 677 1291 736 ἀπλάσ-

140 786 206 824 σετο.
226 797 256 808 -
291 768 308 818 ἰ.
326 764 350 819 4.
368 765 426 834 μίαν
448 763 479 819 ἐκ
498 766 549 820 τοῖν
569 768 609 819 πλ.
629 767 693 817 Ven.
728 766 796 817 idem
812 765 866 817 [5.
890 759 1070 832 ’ίίικοδάμησε
1086 763 1135 833 γάρ
1150 763 1240 833 σάρκα
1259 794 1290 807 -

139 854 156 906 1.
177 855 214 907 11.
232 853 291 914 νύν,
308 861 367 903 ante
383 844 488 917 ἀστοῦν,
506 867 554 900 om.
571 851 634 901 Ven.
653 880 687 890 -
720 851 737 901 l.
757 850 794 903 1⁴2.
813 850 850 917 οἰ,
869 860 927 901 ante
941 847 1098 916 δερμάτινοι,
1116 850 1188 902 deest
1200 850 1226 901 in
1242 853 1290 904 Ve-

139 949 191 991 net.
210 967 242 980 -
275 937 292 988 1.
309 937 347 989 14.
373 932 489 1002 δηλονότι
511 931 631 1002 σώματος
652 935 713 1004 (εἰσ)
737 937 815 998 ven„
833 935 915 986 verbis
933 933 1041 1002 σώματα
1057 925 1124 1002 η’σαν
1140 933 1184 989 καλ
1199 925 1291 1004 ον’κήν

139 1020 208 1079 ά-
223 1021 328 1075 omissio.
346 1049 377 1060 -
411 1018 481 1072 1.16.
499 1020 586 1088 γέγονε
604 1021 723 1090 παρακοῇ
746 1019 785 1086 (ἐν
805 1018 888 1081 deest)
906 1022 968 1071 Ven.
987 1048 1019 1061 -·
1055 1020 1124 1071 Idem
1139 1019 1202 1072 liber
1218 1020 1235 1071 l.
1252 1020 1291 1074 17.

139 1109 209 1160 delet
223 1108 298 1159 verba
313 1105 338 1161 έν
353 1107 390 1175 τῷ
406 1104 572 1175 Παραδείσφ.
588 1134 623 1144 -
655 1105 672 1156 1.
690 1104 729 1157 18.
746 1098 807 1158 Εύα
822 1103 847 1158 έν
863 1104 939 1167 τάξω
957 1105 1017 1173 (εἰσ)
1033 1106 1096 1156 Ven.
1134 1104 1202 1155 Idem
1216 1104 1291 1173 ρεαίο

139 1204 198 1263 ροσε
214 1192 280 1261 φησί
297 1190 374 1260 ἐντιβ
390 1186 482 1256 ’Δδάμ
503 1219 530 1229 -
566 1189 584 1241 l.
599 1191 642 1243 20.
659 1187 758 1258 Γνμνὸν
774 1206 803 1243 τε
816 1183 866 1257 ἀρα
884 1192 945 1242 ven.
962 1219 994 1230 -
1028 1187 1098 1243 [24.
1114 1182 1233 1251 δέδωκάς
1249 1208 1292 1259 μοι

140 1278 235 1334 ἔδωκέν
250 1295 292 1345 μοι
306 1279 369 1328 ven.
403 1274 472 1326 Idem
488 1274 497 1325 ἰ
514 1275 555 1326 25.
573 1271 637 1329 ἀλλά
652 1271 711 1330 ἀπδ.
728 1302 763 1316 -·
795 1275 811 1327 l.
819 1275 859 1329 27.
877 1274 912 1329 Τί
927 1270 966 1330 ὅτι
979 1277 1053 1330 τοῦτο
1066 1273 1201 1343 ἐποίησαςς
1225 1272 1292 1332 Ἡδέ

141 1361 211 1426 εἰπε,
236 1360 267 1414 Ὁ
284 1356 342 1430 ὄφις
361 1363 423 1411 Ven.
458 1359 525 1411 Idem
542 1360 691 1428 paulopost
708 1359 752 1412 καί
768 1360 806 1428 τῷ
822 1352 894 1426 ἀνδρί
911 1378 966 1427 μου.
1002 1356 1034 1413 ‘0
1055 1357 1084 1415 δὲ
1104 1357 1165 1422 θεὸς
1177 1362 1215 1430 τῷ
1234 1355 1292 1430 ὄφει

139 1449 215 1517 (haec
231 1448 281 1499 εἰοο
296 1446 371 1498 γετίνα
387 1445 487 1497 omuino
501 1445 656 1496 restituenda
670 1444 740 1512 ειιοί)
755 1443 869 1512 ἐπιφέρει
881 1442 928 1512 τήν
945 1441 1056 1511 κατάραν
1073 1447 1136 1497 Van.
1156 1473 1188 1487 -
1221 1446 1239 1498 l.
1248 1446 1289 1499 31.

139 1537 183 1588 τοῦ
200 1532 273 1597 ξύλου
289 1533 339 1598 τῆς
354 1533 423 1598 ζωῆς
437 1529 482 1583 ειαί
497 1524 570 1599 φάγῃ
591 1530 654 1580 Veu.
675 1559 706 1569 -
740 1527 794 1582 1.9.
813 1529 845 1580 ab
858 1529 903 1581 inf.
922 1532 984 1582 Ροεε
1003 1529 1078 1582 verba
1098 1529 1136 1591 εἰς
1151 1527 1193 1585 τάν
1211 1530 1291 1586 αἰιύνα

139 1620 165 1670 in
180 1618 235 1670 eod.
254 1619 352 1668 Veneto
365 1616 459 1666 ἰαεετιε
475 1613 591 1681 leguntur
603 1614 679 1666 haec:
696 1613 751 1667 Καὶ
767 1612 804 1681 μή
822 1612 952 1684 ύπολάβης
968 1614 1006 1678 δἐ,
1023 1609 1152 1681 άκροατά,
1171 1608 1211 1669 ’ὅτι
1226 1610 1291 1671 ἀπο·

139 1703 267 1773 φαντικῶς
281 1699 347 1756 εἶπεν
361 1695 378 1755 ἀ
392 1696 477 1766 κύριος
491 1694 541 1760 ὅτι,
558 1696 637 1764 Ἰδού,
652 1694 738 1766 ’Δδάμ
751 1699 849 1766 γέγονεν
864 1696 900 1759 ιύς
914 1695 951 1760 είς
963 1698 990 1763 ἐξ
1001 1695 1085 1766 ήμῶν.
1117 1695 1292 1767 Ἐλεγκτικῶς

139 1785 189 1857 γάρ
202 1785 248 1855 τήν
263 1786 343 1853 οἰησιν
357 1786 401 1839 τοῦ
418 1781 503 1853 Ἀδάμ
517 1785 662 1844 πεισθέντος
677 1783 711 1852 τῇ
726 1781 808 1852 πλάνη
821 1785 866 1838 τοῦ
882 1778 967 1853 ὄφεως
980 1783 1142 1853 μεμφόμενος
1158 1786 1234 1855 λέγει,
1252 1784 1289 1856 μή

140 1866 155 1928 ἀ’
173 1871 274 1939 ἐνόμισε
287 1870 405 1939 γενέσθαι
419 1869 526 1937 ἐγένετο,
541 1869 682 1935 τουτέστιν,
699 1863 768 1923 Ἰδού
783 1864 867 1936 ’Δδάμ
881 1869 980 1936 γέγονεν
995 1866 1032 1930 ως
1046 1866 1083 1930 εἰς
1098 1871 1167 1936 (cod.
1185 1883 1290 1942 utroque

140 1957 197 2008 loco
214 1956 264 2016 εἰς)
281 1951 402 2022 έξήμιῦν.
435 1949 618 2023 Ἐπιθνμήσας
637 1952 686 2022 γάρ
702 1948 788 2020 ’Δδάμ
805 1950 961 2022 ύψηλότερος
981 1954 1100 2021 γενέσθαι
1117 1955 1155 2017 εἰς
1168 1954 1197 2012 τδ
1216 1948 1291 2025 ἦττον

140 2040 252 2105 ἐξέπεσε.
287 2037 325 2094 Τιί
349 2037 379 2094 δί
398 2033 582 2110 Ἐκβάλλωμεν
605 2035 695 2103 αύτδν,
725 2036 824 2105 μήποτε
849 2036 947 2108 ἐκτείνή
964 2038 1010 2106 τήν
1028 2045 1101 2109 χεῖρα
1117 2039 1155 2102 εἰς
1171 2039 1199 2096 τά
1220 2038 1291 2105 ξύλσν

140 2125 187 2194 τῆς
206 2127 283 2193 ζωῆς,
301 2125 345 2178 καί
359 2121 443 2193 φάγῃ,
460 2124 505 2177 καί
522 2122 627 2190 ζήσεται
643 2123 681 2185 εἰς
696 2121 738 2178 τίν
756 2123 844 2191 αἰῶνα,
862 2119 891 2177 ού
906 2121 1034 2191 φθονῦνὸ
1052 2121 1112 2185 θεάς
1128 2124 1209 2194 λέγει·
1226 2121 1291 2182 ἀλλά

140 2210 275 2281 ἐπεμέλετο
288 2212 333 2263 τοῦ
349 2208 532 2270 ἐλαττωθέντος
549 2206 656 2270 σκεύους
671 2203 704 2264 δι’
719 2207 824 2275 ἐαυτοῦ,
849 2207 890 2261 ἰνα
915 2205 950 2276 μή
975 2208 1049 2278 μείνῃ
1067 2208 1238 2278 ἐλαττωμένος
1254 2210 1291 2274 εἰς

139 2294 169 2351 τὰ
184 2294 313 2363 διηνεκὲς,
332 2289 385 2350 ἀλλ’
403 2290 441 2356 εἰς
457 2288 558 2360 ἀριστος
575 2291 701 2362 κεραμεύς
717 2291 747 2348 τά
765 2291 856 2363 βλαβέν
870 2287 904 2348 δι’
920 2293 1009 2347 ἑαυτοῦ
1023 2288 1124 2362 ἀγγεῖον
1138 2294 1292 2364 ἐπιστρέψας

141 2380 178 2441 εἰς
193 2378 222 2435 τά
239 2382 300 2436 ἴδιον
317 2376 425 2448 φύραμα
440 2378 487 2448 τήν
504 2380 567 2448 γῆν,
592 2378 618 2434 ἐν
634 2381 667 2450 τῇ
685 2373 823 2433 ἀναστάσει
839 2374 978 2433 ἀναπλάσαι
1001 2376 1027 2432 ἐν
1051 2379 1142 2447 μηδενί
1158 2376 1291 2450 ήλλαττω-

141 2465 228 2533 μένον,
252 2462 295 2520 τάν
312 2466 406 2520 δίκαιον
431 2461 538 2534 ἐνδύξῃ
556 2460 679 2519 ἀθάνατον
702 2464 748 2518 καί
764 2461 898 2529 δυνάμενον
923 2458 1057 2518 ἀπολαύειν
1079 2466 1129 2532 τῆς
1152 2466 1290 2535 βασιλείας,

139 2550 185 2603 καί
198 2547 241 2604 τὸν
256 2544 342 2605 ἄδικον
359 2550 385 2605 ἐν
402 2551 436 2620 τῇ
453 2550 538 2620 τελείᾳ
554 2545 691 2605 ἀναστάσει
706 2545 840 2616 δυνάμενον
855 2545 987 2617 ἀποφέρειν
1003 2549 1053 2617 τής
1068 2550 1177 2617 κρίσεως
1191 2550 1238 2619 τήν
1254 2569 1292 2608 τι·

143 2634 246 2701 μωρίαν.
282 2629 322 2687 Ού
339 2633 387 2702 γάρ
407 2634 514 2703 πονηράν
530 2652 555 2689 τι
571 2631 708 2702 ἐφύτευσεν
726 2629 741 2688 ὅ
758 2631 833 2701 θεάς,
851 2631 889 2700 μή
907 2633 1015 2701 γένατο,
1040 2629 1103 2688 ἀλλά
1122 2636 1166 2690 καί
1182 2632 1244 2694 αύτό
1260 2635 1290 2692 τί

141 2714 212 2781 ξύλον
236 2716 376 2786 ἐφύτευσε,
400 2721 481 2789 καιρῷ
507 2721 591 2790 δεκτῷ
616 2718 695 2775 δέοντι
718 2716 762 2776 διά
785 2720 829 2774 τοῦ
853 2718 916 2774 ἰδίου
940 2713 1129 2788 προστάγματος
1153 2720 1291 2788 ἐπιτρέπων

142 2798 213 2872 αύτῷ
232 2805 316 2872 λαβεῖν
332 2799 376 2857 ἀπ’
394 2798 480 2858 αύτοῦ.
513 2798 581 2857 Ἀλλ’
598 2803 664 2872 ἐρεῖς
680 2800 713 2860 δι’
730 2803 857 2873 ἐναντίας,
882 2805 947 2865 Πῶς
963 2793 1006 2858 οάν
1022 2806 1160 2873 πληροῦται
1182 2804 1228 2870 τά,
1244 2803 1291 2862 Ἐν

141 2878 204 2957 ᾖδ’
221 2880 251 2941 ἀν
266 2887 336 2951 (cod.
354 2886 379 2941 ἐν
396 2881 416 2954 ἦ
432 2884 456 2943 δ’
472 2881 516 2956 άν)
543 2884 629 2959 η’μίρα
652 2886 775 2958 φάγησθε
798 2885 841 2944 ἀπ’
867 2885 961 2950 αύτοῦ,
987 2887 1088 2959 θανάτῳ
1113 2886 1290 2957 ἀποθανεῖσθε,

142 2975 210 3041 εἰπερ
229 2978 334 3041 παρεῖχε
350 2979 440 3040 φαγεῖν
456 2971 484 3036 ἐξ
500 2970 595 3038 αύτούς
628 2973 739 3036 Πάντως
754 2973 803 3044 γάρ
820 2971 909 3042 φαγιιλν
926 2973 1067 3044 οίμαήποτε
1084 2979 1165 3050 καιρῷ
1182 2977 1291 3048 ἐπλήρου

140 3057 170 3114 τά
188 3055 296 3127 Θανάτῳ
322 3050 512 3113 ἀποθανεῖσθαι.
546 3057 620 3127 Πράς
641 3057 670 3114 δί
694 3056 737 3112 τάν
760 3060 832 3113 τοῦτο
855 3059 958 3127 λέγοντα
982 3056 1054 3115 πάλιν
1069 3062 1152 3130 φημί,
1175 3061 1208 3117 ‘0
1230 3064 1292 3128 θεάς

142 3142 219 3204 εἰδούς
235 3140 267 3196 τά
285 3142 405 3211 μέλλοντα
421 3142 476 3210 πρίν
494 3143 612 3212 γενέσθαι
628 3140 758 3211 γινιύσκων
781 3138 821 3197 ’άτι
836 3140 979 3212 ἀπατηθείς
992 3142 1040 3214 πρὸ
1056 3147 1101 3201 τοῦ
1119 3145 1196 3203 αύτοῦ
1214 3166 1290 3218 προς-

141 3226 269 3296 τάγματος
284 3222 376 3294 ἤσθιεν
399 3222 444 3283 ἀπ’
467 3224 559 3292 αύτοῦ,
587 3222 665 3297 ιύρισε
689 3226 732 3283 τάν
757 3225 862 3307 θάνατον
878 3228 922 3285 διά
938 3229 984 3298 τήν
1001 3230 1138 3299 μέλλουσαν
1155 3228 1197 3288 ύσέ
1214 3231 1291 3291 αύτού

141 3309 284 3381 παράβασιν
300 3314 425 3380 γενέσθαι
458 3309 504 3367 Ἐν
520 3311 603 3384 τούτῳ
620 3312 669 3382 γάρ
685 3312 845 3381 πλανεύμενοι
868 3317 895 3369 αἱ
917 3316 1027 3382 αἱρέσεις
1049 3320 1229 3388 βλασφημοῦσι
1247 3319 1291 3378 τάν

143 3396 217 3460 θεὸν,
236 3397 368 3465 λέγουσαι,
385 3396 472 3460 Καλός
489 3394 504 3453 0⁸
522 3397 582 3460 θεὸς
598 3400 642 3453 τοῦ
659 3395 752 3467 νόμον,
771 3395 810 3453 ὅτι
827 3396 957 3468 έφθάνησε
972 3401 1010 3470 τῷ
1027 3397 1126 3471 Ἀδάμ,
1144 3404 1187 3459 καί
1204 3405 1291 3477 ἐξέβα-

143 3484 183 3536 λεν
200 3478 276 3536 αύτδν
291 3482 383 3550 λέγων,
408 3481 576 3554 Ἐκβάλωμεν
594 3479 689 3545 αύτύν,
719 3480 818 3552 μήποτε
834 3484 933 3554 ἐκτείνῃ
950 3483 995 3553 τήν
1013 3492 1087 3555 χεῖρα
1102 3487 1146 3542 καί
1163 3488 1229 3560 λάβῃ
1245 3492 1291 3547 τοῦ

143 3565 217 3630 ξύλου
233 3567 282 3635 τῆς
299 3569 383 3635 ζωῆς,
401 3568 445 3622 καί
463 3568 569 3635 ζήσεται
586 3568 622 3629 εἰς
638 3567 682 3623 τίν
700 3568 787 3622 αἰῶνα.
821 3565 970 3640 Ἐλίγχεται
983 3568 1013 3626 δί
1027 3566 1143 3641 αύτιῦνή
1160 3567 1231 3629 ἀνοια
1248 3592 1292 3631 συ-

143 3655 309 3720 κοφαντοῦσα.
344 3652 397 3707 Καί
417 3651 465 3722 γάρ
490 3649 520 3707 ού
545 3651 620 3720 μα’νον
637 3650 684 3708 ούεε
701 3652 816 3709 ἐκώλυσε
832 3661 922 3723 φαγεῖν
938 3651 988 3709 ἀπὸ
1006 3655 1049 3709 τοῦ
1066 3655 1140 3720 ξύλου
1156 3661 1205 3727 τῆς
1223 3662 1292 3728 ζωῆς

142 3732 186 3790 ἀπ’
204 3733 295 3806 ἀρχῆς,
312 3733 376 3792 ἀλλά
393 3737 438 3793 καί
453 3738 640 3806 προςετρέψατο
656 3736 753 3807 φήσας,
769 3736 832 3794 ’Δπί
847 3738 938 3800 παντὸς
952 3737 1025 3802 ξύλον
1042 3743 1086 3795 τοῦ
1104 3741 1181 3813 ἐντῷ
1198 3745 1292 3813 Παρα-

143 3821 223 3891 δεέσῳ
243 3821 337 3892 βράσει
353 3826 433 3893 φαγή.
473 3814 524 3877 Ἠν
542 3824 611 3892 (cod.
628 3819 673 3893 ἣν)
691 3823 720 3879 δὲ
737 3823 780 3878 καί
797 3822 826 3878 τά
845 3822 915 3887 ξύλον
930 3826 979 3893 τῆς
996 3826 1066 3892 ζωῆς
1080 3824 1107 3880 ἐν
1124 3824 1174 3884 ἀπό
1192 3827 1291 3885 πάντων

142 3909 192 3962 τῶν
218 3904 297 3970 ξύλων
319 3909 364 3962 τοῦ
381 3909 543 3977 Παραδείσου
560 3908 608 3976 πρό
627 3906 766 3977 ὀφθαλμῶν
783 3910 827 3963 τοῦ
843 3905 942 3977 ’Δδάγν
961 3909 1034 3978 μόνον
1050 3910 1080 3966 δί
1095 3914 1140 3966 τοῦ
1157 3912 1231 3976 ξύλου
1247 3916 1292 3970 τοῦ

144 3992 237 4049 εἰδέναι
256 3991 368 4060 γνωστάν
389 3989 487 4061 ἀγαθοῦ
504 4012 532 4048 τε
548 3995 593 4048 καί
607 3995 687 4048 κακοῦ
704 3991 759 4048 εἰπε
776 3992 813 4062 μή
828 4000 925 4063 φαγεῖν.
958 3993 994 4050 Ἡ
1008 3995 1037 4052 δὲ
1050 3997 1094 4050 τοῦ
1111 3992 1196 4068 Ἀδάμ
1210 3993 1291 4067 ἀπλη-

144 4094 203 4139 στος
215 4074 312 4133 διάνοια
321 4073 438 4145 ἀκέραιος
451 4070 515 4134 ούσα
530 4078 573 4133 καλ
586 4081 635 4148 τῆς
651 4077 769 4148 γυναικὸς
785 4075 862 4133 αύτοῡ
879 4074 953 4141 Εύας
969 4076 1018 4135 ἀπδ
1034 4082 1079 4136 τού
1095 4080 1213 4154 διαβόλου
1227 4081 1291 4140 ἀπα·

143 4164 268 4232 τηθείσης
285 4164 377 4231 μᾶλλον
401 4163 507 4218 ἐναντίον
530 4166 591 4232 τῆς
604 4163 705 4234 ἐντολής
730 4162 871 4233 εἰργάσατο.
904 4161 1012 4232 Ἐπειδή
1030 4157 1073 4220 σύν
1090 4167 1115 4221 ἐν
1131 4167 1292 4238 ἐλαττώμασι

144 4249 243 4317 γέγονεν
260 4246 294 4304 δι’
311 4249 400 4304 ἐαυτοῦ
418 4247 432 4304 ά
448 4245 549 4318 Ἀδάμ,
571 4246 618 4304 ούκ
643 4248 763 4317 έθέλησεν
780 4246 894 4309 ῑαύτίνά
916 4248 976 4312 θεὸς
994 4251 1040 4319 ζῆν
1056 4252 1093 4313 εἰς
1109 4250 1152 4307 τάν
1169 4255 1248 4309 αἰῶνα
1265 4254 1291 4312 ἐν

145 4331 310 4401 ἐλαττιίματι,
328 4330 381 4388 ἀλλ’
398 4332 435 4396 εἰς
448 4330 551 4402 ἀριστος
564 4333 691 4402 κεραμεύς
704 4335 741 4397 εἰς
753 4333 783 4390 τά
799 4336 861 4391 ἰδιον
876 4332 984 4403 φύραμα
999 4335 1028 4391 τύ
1046 4332 1184 4406 ἀφανισθίν
1202 4341 1292 4403 σκεῦος

145 4415 178 4474 δι’
195 4420 285 4474 εαυτοῦ
301 4416 436 4488 ηύδόειησε
452 4423 616 4490 μεταβαλεῖν,
639 4421 680 4474 ἰνα
697 4420 723 4475 ἐν
739 4421 773 4489 τῇ
788 4421 965 4492 παλιγγενεσία
983 4420 1013 4475 ἐκ
1027 4425 1072 4476 τοῦ
1090 4423 1154 4478 ἰδίου
1170 4423 1290 4495 φυράμα-

143 4522 187 4566 τος
210 4504 282 4560 πάλιν
308 4504 345 4567 ως
367 4504 409 4560 έπί
431 4503 473 4561 τόν
496 4504 585 4575 τροχὸν
611 4502 777 4577 μεταβάλλοι,
810 4502 986 4569 ἀνασκευάσας
1007 4506 1052 4561 καί
1073 4503 1235 4571 ἀνακαινίσαι
1259 4507 1288 4566 τύ

146 4592 238 4654 σκεῦος
252 4585 312 4648 ἀνευ
326 4586 502 4660 ἐλαιτιύματος
519 4588 597 4672 εἰςτά
614 4587 739 4648 δύνασθαι
753 4595 877 4661 διηνεκεῖς
894 4591 948 4662 ζῆν.
974 4587 1071 4649 1Ἰἰνθεν
1086 4591 1115 4651 τέ
1131 4595 1228 4664 πρῶτον
1245 4593 1291 4664 ‚av
1309 4648 1314 4657 ,
