3096 5070
452 289 589 343 aauaau
607 289 670 339 ure.
692 290 734 339 nr.
752 288 833 341 rou.
850 289 869 338 1.
888 287 989 339 alea.
1004 286 1125 340 cxxvi.
1294 273 1356 338 325

201 429 298 474 rerum
320 408 514 486 domicilium,
549 395 627 473 airis
644 430 815 485 mensuras,
849 407 1021 470 coelestium
1041 405 1153 468 orbium
1180 407 1302 469 lorrnaan
1322 427 1357 470 ao

201 513 444 591 crassitudinem,
478 513 785 595 quodnamsummum
814 531 920 596 snpra,
955 509 1030 593 quod
1055 508 1129 569 inira
1154 506 1192 569 sit
1215 509 1355 587 infimam,

199 615 265 699 quid
294 615 328 677 ad
347 617 499 678 dexteram
523 615 579 692 sit,
613 615 678 696 qnid
703 615 737 674 arl
758 613 921 677 sinistram.
967 610 1014 675 Ad
1032 610 1104 672 haec
1126 620 1288 672 creatarum
1311 631 1358 673 re·

198 738 261 780 rum
282 728 433 795 naturam,
459 717 557 800 tuique
573 717 647 778 adeo
665 716 843 777 molitionem
861 715 1009 798 explices,
1036 722 1094 774 turm
1112 733 1211 773 eorum
1229 710 1356 775 ornninm

197 841 350 883 numerum
370 821 531 902 modosque
547 839 622 901 quae
640 819 728 880 terris
745 817 855 880 inlinitn
873 817 1072 880 nominentur.
1121 811 1202 876 llrrec
1219 835 1284 876 cum
1302 814 1357 878 illis

196 923 390 999 oblivionum,
423 932 452 984 ut
476 922 510 982 ab
537 921 613 984 illins
637 920 832 984 sectatoribus
849 921 950 982 audire
969 916 1106 994 memini,
1140 917 1174 976 ad
1198 915 1357 997 sophistica

196 1025 338 1109 quaedam
364 1033 527 1085 commenta
552 1023 810 1107 cavillationesque
837 1043 904 1085 sese
932 1030 1126 1098 convertunt,
1160 1029 1189 1080 ct
1213 1039 1252 1081 ex
1280 1018 1356 1081 illins

197 1128 381 1213 praescripto
398 1126 436 1187 ita
455 1126 649 1210 respondent:
675 1124 757 1187 llaec
774 1125 872 1187 omnia
892 1144 1034 1209 corporea
1054 1133 1137 1198 sunt,
1164 1142 1218 1182 nec
1238 1142 1254 1183 a
1273 1120 1357 1183 nobis
1418 1127 1420 1131 ‘

197 1228 307 1313 percipi
334 1237 467 1309 possunt.
523 1225 617 1290 [lcum
642 1248 732 1305 vero,
764 1227 811 1311 qui
841 1228 912 1289 haec
937 1229 998 1311 ipsa
1024 1224 1170 1300 condidit,
1203 1223 1357 1284 manilestc

198 1329 360 1393 cuiusmodi
376 1329 425 1406 sit,
450 1351 545 1413 quove
561 1331 659 1407 modo,
685 1352 719 1394 ac
737 1330 843 1413 qualis,
868 1330 972 1414 quisve
989 1330 1027 1391 sit
1043 1325 1243 1407 intelligimus
1280 1322 1356 1408 Quis

199 1431 270 1495 baec
294 1431 357 1496 sine
380 1431 441 1494 risu
464 1432 556 1516 possit
581 1433 704 1496 uudirel
748 1431 804 1494 Est
827 1433 902 1494 enim
926 1431 1012 1514 longe
1034 1431 1101 1493 illud
1122 1450 1193 1493 sane
1217 1427 1357 1490 stultissi-

197 1555 291 1598 mum:
325 1531 475 1599 Summum
492 1534 592 1614 illurn,
623 1546 654 1598 et
672 1535 928 1619 incomparabilem
946 1534 1096 1618 opilicem,
1126 1532 1173 1615 qui
1194 1531 1273 1594 nullo
1292 1550 1356 1592 ser·

197 1658 284 1699 moire
309 1637 450 1700 declarari
473 1648 587 1722 potest,
617 1638 695 1700 scire
718 1658 750 1699 sc
774 1648 861 1721 atque
882 1647 1018 1699 accurate
1037 1635 1205 1720 percepisse
1225 1632 1355 1718 profiteri

196 1742 298 1823 (atquc
313 1740 423 1803 utiraam
439 1741 493 1802 fide
508 1740 611 1802 saltem
627 1740 707 1802 illum
723 1738 816 1824 ipsum
834 1739 911 1801 seire
930 1759 974 1815 sc,
999 1760 1056 1800 non
1074 1738 1155 1799 relut
1169 1747 1355 1799 contrectare

197 1842 328 1904 manibus
346 1841 509 1904 incredibili
532 1841 653 1904 audacia
671 1841 925 1926 praedicarentll,
960 1841 1076 1902 interim
1096 1837 1168 1902 rero
1186 1849 1300 1901 creatas
1318 1837 1354 1899 ab

195 1944 415 2027 incomparabili
430 1944 479 2006 illo
496 1965 544 2006 res
561 1965 675 2019 omnes,
700 1943 819 2027 quaein
837 1965 890 2005 sua
908 1963 1021 2026 qunque
1036 1943 1134 2023 specie
1149 1943 1355 2004 consideratae

195 2057 378 2132 spectatores
396 2046 475 2130 ipsos
492 2046 537 2109 sui
552 2045 581 2107 iu
598 2044 819 2108 admirationem
838 2046 954 2107 trahere
972 2055 1112 2129 possunt,
1145 2064 1254 2126 negare
1273 2043 1352 2105 illum

195 2171 259 2212 cum
276 2148 370 2211 suisa
390 2170 423 2212 se
442 2147 593 2232 cognosci.
638 2146 818 2212 Praesertim
843 2169 907 2212 cunr
934 2148 1039 2229 ubique
1063 2167 1167 2208 sacrae
1191 2147 1294 2208 literae
1318 2145 1353 2209 dc

193 2253 249 2314 deo
267 2261 429 2329 testentur,
455 2272 549 2335 neque
566 2250 659 2314 oculis
673 2250 766 2336 ipsum
785 2251 913 2334 percipi,
939 2269 1033 2332 neque
1048 2248 1273 2333 conprehendi,
1299 2269 1353 2312 nec

192 2354 290 2418 animo
313 2353 437 2439 cogitari
462 2375 567 2438 posse,
601 2354 652 2415 sed
677 2353 704 2415 id
722 2373 809 2415 nrrram
833 2353 869 2415 de
893 2351 942 2414 illo
962 2373 1002 2414 ex
1021 2351 1064 2414 rei
1084 2350 1211 2413 veritate
1230 2351 1351 2435 percipi,

192 2461 273 2536 Quod
292 2461 347 2530 sit,
372 2461 499 2537 quodque
521 2460 672 2536 diligentes
692 2477 723 2516 sc
743 2467 948 2517 remuneretur.
1276 2454 1278 2458 ’
1357 2463 1496 2524 noenum

275 2557 315 2623 V.
363 2557 422 2623 lam
448 2579 519 2620 vero
547 2558 662 2641 quotics
685 2577 786 2620 eorum
804 2559 926 2642 aliquis,
960 2558 1007 2641 qni
1027 2557 1062 2620 de
1082 2556 1127 2617 dei
1146 2554 1258 2639 gloria,
1284 2555 1350 2632 lide,

190 2660 324 2737 caritate,
349 2671 379 2722 et
393 2660 679 2743 incomprehensibili
698 2668 802 2722 uetera
820 2671 902 2723 recte
918 2661 1060 2735 sentiunt,
1086 2658 1141 2720 boc
1157 2656 1349 2720 illis‘obiicitc

190 2760 337 2824 Novimus
365 2761 689 2848 incomprehensibilem
724 2763 825 2840 deum,
861 2763 908 2846 qui
942 2783 995 2824 ncc
1025 2761 1119 2824 oculis
1151 2759 1263 2838 rideri,
1296 2779 1351 2823 neo

191 2864 333 2947 explicari
351 2884 487 2928 sermone
512 2876 626 2950 potest,
650 2885 716 2928 eum
736 2885 807 2941 nos,
824 2863 825 2867 ’
840 2866 970 2948 inquam,
994 2884 1100 2926 revera
1128 2863 1347 2945 cognoscimus,

191 2965 243 3028 scd
268 2985 322 3027 nee
341 2968 548 3051 aspectabilem
574 2979 603 3030 et
622 2967 947 3051 incomprehensibilem
968 2987 1034 3028 esse
1056 2969 1183 3042 scimus,
1218 2967 1253 3028 ad
1277 2966 1350 3027 hacc

192 3087 287 3129 novae
304 3068 362 3130 iste
382 3069 551 3133 dialecticae
571 3071 749 3134 architectus
769 3070 916 3133 illudendo
939 3090 974 3132 ac
990 3070 1149 3131 deridendo
1170 3069 1250 3131 velut
1268 3068 1350 3131 lebu-

190 3169 247 3231 lam
265 3170 406 3251 quandam
431 3173 595 3236 contexuit.
642 3169 767 3237 (lainam
789 3193 862 3254 ergo
880 3193 935 3234 vos
958 3181 1145 3254 vestramque
1162 3171 1248 3232 lidem
1269 3170 1350 3249 eimi-

189 3270 263 3349 lem,
287 3271 397 3355 inquit,
421 3294 488 3336 esse
505 3266 652 3338 dixerim?
695 3273 842 3337 Nimirum
863 3274 1002 3351 vitiatae,
1027 3294 1061 3336 ac
1080 3294 1202 3352 caecae,
1227 3274 1346 3350 surdae,

190 3383 344 3456 mutaeque
364 3376 489 3459 virgini,
514 3377 561 3440 cui
578 3377 692 3460 quidem
711 3377 838 3439 oblatum
859 3396 926 3438 esse
942 3386 1071 3460 stuprum
1090 3376 1137 3459 qui
1155 3397 1219 3438 earn
1240 3385 1348 3438 norunt

190 3495 293 3536 omnes
309 3476 486 3561 intelligunt.
532 3476 574 3541 m
588 3479 612 3540 si
631 3478 696 3562 quis
711 3479 759 3541 ille
775 3479 895 3542 vitiator
916 3479 1005 3541 luerit
1021 3478 1205 3561 interroges,
1240 3497 1348 3560 nequa-

191 3597 276 3660 quam
293 3579 406 3656 audiat,
438 3591 600 3662 nequeant
619 3579 698 3642 illum
717 3591 836 3664 propter
854 3580 1025 3644 caecitatem
1042 3580 1144 3643 videre
1165 3581 1274 3665 potnit,
1299 3589 1349 3642 aut

189 3677 338 3757 indicare,
363 3681 439 3763 quod
457 3691 534 3743 muta
553 3680 608 3759 sit,
633 3692 741 3765 potest.
786 3679 896 3745 Merito
911 3683 1002 3766 igitur
1024 3683 1053 3746 in
1077 3685 1170 3767 ipsum
1194 3681 1500 3767 ipsiusquerutu.t,tr.

188 3801 355 3845 sermonem
380 3782 448 3845 illud
466 3803 483 3845 e
499 3782 643 3867 scriptura
672 3793 844 3866 retorquere
870 3784 955 3848 licet:
981 3790 1168 3848 concertatur
1187 3787 1347 3847 laboreriis

187 3888 217 3945 rie
232 3897 317 3965 caput
330 3889 436 3964 ipsius,-
460 3896 490 3946 et
506 3889 612 3946 e‘ncriiet
627 3890 657 3946 io
670 3887 780 3967 feneum
796 3889 976 3966 quemfecit,
1010 3910 1044 3952 ac
1063 3900 1162 3952 cetera
1185 3888 1212 3951 id
1236 3910 1342 3972 gedue.

188 3983 247 4049 llic
266 3986 342 4049 enim
361 3988 440 4050 caeci
465 3987 568 4050 similis
587 3998 651 4066 est,
684 3986 816 4071 quicum
841 4008 876 4049 ca
902 3989 1065 4054 calamitate
1091 4003 1176 4055 natus
1199 3992 1343 4074 loquatur,

189 4090 343 4172 audiatque
361 4111 446 4173 quam
465 4091 599 4175 plurima.
646 4091 692 4153 Ac
709 4089 778 4152 licet
794 4088 864 4167 albi,
889 4111 923 4152 ac
941 4091 1029 4173 nigri,
1055 4094 1195 4173 caerulei,
1220 4093 1343 4180 prasini,

188 4191 263 4268 ruli,
294 4212 328 4255 ac
349 4203 513 4256 ceterorum
539 4215 556 4257 a
578 4214 612 4258 se
635 4192 862 4279 discrepantium
884 4192 1034 4272 colorum,
1066 4214 1200 4258 necnon
1224 4206 1255 4258 et
1273 4196 1345 4262 lucis

221 4394 262 4446 20.
279 4394 324 4449 καὶ
346 4412 390 4448 mm
404 4401 430 4448 tn
442 4400 497 4448 edit.
515 4401 596 4451 Peter.
616 4404 694 4453 Gelon.
709 4415 747 4453 re·
815 4400 857 4451 Ὦ.
875 4397 1014 4467 φθείραντα
1035 4401 1102 4450 codd.
1120 4414 1174 4453 mea.
1210 4401 1345 4472 pbriporre

186 4468 262 4582 wll.
280 4534 397 4594 ποταπῶς
413 4537 465 4586 cod.
488 4537 586 4601 amore.
783 4472 858 4594 wilh.
877 4534 1027 4606 <scorpium
1042 4541 1097 4591 lr'trt
1113 4553 1198 4591 omnes.
