3096 5070
422 308 695 366 annuntiemur.
714 313 827 365 romu.
844 308 1077 362 unumunurm.
1278 279 1341 361 aad

186 430 363 519 terpolatum
377 451 410 495 ac
423 431 611 519 depravatum
627 431 791 512 ediderunt,
813 429 980 517 perturbata
993 430 1114 513 insuper
1127 427 1237 492 ordinis
1251 429 1340 506 serie,

188 544 275 619 utque
288 533 357 598 illud
373 534 448 598 idem
466 545 567 620 postea
580 533 729 598 literarum
748 533 863 617 quidam
879 533 913 597 ad
930 554 983 596 nos
998 531 1147 596 studiosus
1160 529 1267 607 attulit,
1292 551 1343 592 ne-

189 635 393 715 eessebabui,
428 642 528 721 utpote
547 635 624 700 illius
641 647 761 716 auctor,
792 636 970 699 recensitum
1001 655 1035 696 ac
1062 643 1247 719 repurgatum
1271 653 1343 716 opus

188 736 265 803 istud
290 738 325 801 ad
347 758 401 800 ros
425 739 560 818 mittere,
592 737 766 822 quicumque
785 738 900 823 pietatis
925 737 1051 801 athletae
1075 736 1226 818 utriusque
1252 754 1345 798 sexais

188 839 282 921 estis,
306 850 339 903 ut
354 839 524 924 intelligatis
541 840 611 903 nibil
632 829 689 903 non
708 841 738 904 in
757 861 793 904 eo
810 861 851 903 ex
867 860 1016 904 sacrarum
1035 838 1184 901 literarum
1204 857 1345 922 germano

188 960 256 1008 ease
270 962 360 1006 sensu
378 941 532 1027 prolatum.
579 938 673 1006 Cuius
692 943 806 1026 quidem
834 942 980 1027 praesidio
1004 961 1057 1004 ens
1079 960 1181 1003 omnes
1205 939 1253 1022 qui
1275 959 1345 1001 con·

151 1027 157 1035 ’
188 1043 335 1109 indicere
355 1043 504 1107 voluerint
521 1043 620 1127 paucis
637 1043 808 1128 quibusdam
828 1043 959 1107 breviter
976 1041 1100 1105 obiectis
1118 1040 1273 1128 probibere
1295 1061 1345 1124 po·

188 1146 305 1226 teritis,
339 1166 376 1209 ue
401 1145 436 1209 de
461 1146 593 1230 ingenito
615 1146 671 1209 deo
688 1168 722 1210 ao
741 1147 842 1231 genito
867 1166 1034 1209 sermonem
1056 1144 1241 1229 impudenter
1262 1141 1346 1205 insti-

188 1256 284 1327 tanu,
305 1268 339 1311 ac
354 1249 547 1332 temporarios
564 1248 630 1311 illos
647 1237 790 1334 inprimis,
810 1270 884 1332 quos
896 1248 992 1332 attigi.
1017 1245 1112 1311 Porro
1129 1247 1202 1309 baec
1217 1245 1345 1328 disputa-

189 1348 279 1415 tionis
291 1348 386 1436 capita
398 1370 536 1413 versuum
554 1351 583 1413 iu
600 1351 714 1414 modum
734 1351 774 1414 ita
788 1350 975 1435 digessimus,
992 1358 1024 1412 ut
1036 1361 1065 1413 et
1078 1348 1260 1412 obiectiones
1272 1346 1346 1410 alias

193 1454 234 1517 et
249 1450 334 1530 eliis,
359 1463 390 1516 et
407 1452 610 1536 quaestionum
627 1452 836 1517 dissolutiones
855 1464 1059 1532 necteremus,
1093 1472 1150 1536 quo
1168 1452 1247 1514 etad
1266 1471 1345 1513 com-

194 1550 426 1641 pmbeudeudum
444 1554 575 1617 faciliora
589 1566 619 1618 et
635 1555 784 1642 planiora,
808 1556 912 1639 quibus
926 1555 1050 1635 utimur,
1074 1564 1246 1640 argumenta
1260 1550 1346 1616 vobis

175 1645 304 1721 ¹esseut.
350 1656 398 1721 Ab
420 1657 552 1740 ingenito
575 1679 648 1721 vero
671 1658 726 1722 deo
749 1658 912 1743 disputandi
936 1658 1048 1721 initium
1072 1657 1204 1721 fecimus.
1236 1731 1238 1734 Α

277 1754 459 1822 Confutatio.
486 1757 511 1821 l.
532 1758 629 1824 Tuam
648 1760 725 1824 illam
744 1781 783 1824 ex
805 1760 1021 1823 dialecticorum
1047 1770 1077 1822 et
1094 1756 1258 1844 disputandi
1276 1755 1347 1821 arti-

196 1856 278 1924 dodm
295 1861 408 1925 officina
425 1864 585 1948 prolectam
601 1884 720 1942 vanam,
738 1874 768 1926 et
784 1862 959 1926 insolentem
979 1862 1153 1940 orationem,
1173 1861 1216 1924 sic
1232 1861 1268 1923 ad
1281 1881 1348 1923 ver-

192 1958 260 2027 bm
274 1962 423 2043 refellam,
453 1964 558 2028 nullam
580 1975 613 2028 ut
629 1986 668 2029 cx
685 1965 806 2029 infinitis
825 1964 882 2028 illis
899 1963 1073 2027 dictionibus
1095 1963 1234 2027 maiorem
1255 1962 1349 2025 mino·

192 2080 293 2129 renue
310 2068 525 2149 praetereundo
541 2067 732 2131 dissimulem.
778 2068 824 2130 Ac
840 2067 962 2152 primum
983 2067 1059 2150 quod
1077 2066 1112 2129 ad
1131 2076 1198 2129 tuae
1215 2063 1349 2128 factionis

191 2164 317 2231 atbletas
330 2167 455 2231 virosae
469 2169 611 2233 foeminas
622 2169 739 2246 scribis,
753 2168 947 2254 temporarios
961 2169 1098 2252 quosdam
1113 2167 1245 2252 opusculi
1258 2167 1347 2245 illius,

193 2267 269 2355 quod
280 2288 350 2353 prae
364 2269 497 2335 manibus
516 2270 660 2351 habebas,
685 2272 762 2335 etin
782 2291 916 2355 quorem
937 2289 1052 2334 omanem
1071 2269 1350 2354 interrogationibus

192 2371 469 2456 comprehenderas,
495 2383 604 2458 partem
621 2374 811 2459 surripuisse,
830 2373 878 2435 vel
895 2393 935 2435 ex
953 2372 1081 2458 bocipso
1092 2383 1141 2435 tuo
1155 2372 1265 2458 scripto
1280 2393 1350 2435 cou-

194 2470 274 2537 viuci
289 2482 391 2558 potes,
422 2475 456 2540 ad
473 2476 596 2560 teipsum
612 2475 707 2560 potius
723 2475 937 2560 discipulosque
953 2484 1036 2553 tuos,
1069 2494 1105 2537 nc
1124 2474 1235 2538 erroris
1252 2475 1350 2537 socios

195 2573 351 2661 appellem,
372 2598 478 2641 nomen
494 2575 570 2640 istud
586 2577 745 2663 pertinere.
771 2576 889 2641 Etenim
904 2587 1094 2641 sacrosancta
1111 2576 1159 2641 dei
1172 2577 1242 2640 fides
1255 2597 1289 2640 ac
1304 2596 1351 2639 rc·

196 2676 279 2766 ligio,
294 2701 359 2744 cum
376 2678 412 2741 ab
427 2679 511 2743 initio
528 2689 615 2764 atque
633 2679 668 2742 ab
683 2679 783 2742 ultima
799 2689 948 2743 vetustate
967 2680 1077 2759 extitit,
1101 2679 1171 2742 licet
1184 2700 1242 2740 non
1263 2677 1350 2740 obso-

197 2779 290 2847 meent
301 2794 352 2846 eut
369 2781 552 2845 inveteretur
569 2802 706 2865 uuquam,
731 2793 790 2845 tum
805 2793 946 2867 perpetuo
959 2792 1029 2860 stat,
1054 2781 1230 2845 solidissimo
1249 2779 1350 2843 lunda·
1468 2818 1472 2825 ·

198 2895 297 2949 nerto
309 2885 398 2963 uisa3
417 2885 499 2947 cuius
512 2883 645 2946 domiuus
661 2895 747 2948 extra
758 2895 873 2969 tempus
887 2905 973 2948 omne
990 2885 1166 2947 constitutus
1179 2893 1235 2947 cst.
1267 2878 1350 2965 Quo·

201 2982 277 3049 cirea
290 3006 385 3070 neque
402 2987 463 3071 ipsa
483 2987 605 3070 tempori
625 2985 770 3065 subiacet,
791 2987 843 3049 sed
859 3008 923 3049 cum
937 2986 1050 3070 augelis
1065 2996 1203 3049 versatur
1220 2985 1349 3064 assidue,

201 3097 375 3173 mulosque
390 3108 442 3173 per
454 3087 583 3171 singulas
596 3087 803 3172 generationes
818 3097 956 3152 exornat.
1003 3086 1052 3150 Tu
1068 3108 1140 3150 vero
1155 3086 1350 3172 temporarius

200 3186 396 3274 multomagis
414 3190 602 3276 appellandus
618 3211 669 3270 es,
693 3189 741 3275 qni
758 3201 787 3254 et
801 3190 832 3253 in
851 3210 983 3254 errorem
1003 3186 1143 3253 abductus
1160 3211 1205 3269 es,
1230 3201 1260 3253 et
1276 3191 1352 3252 lastu

200 3289 424 3376 arrogantiaque
449 3291 610 3370 distentus,
642 3302 672 3355 et
691 3291 791 3377 gregis
808 3292 849 3356 tui
869 3292 995 3377 pecudes
1015 3291 1123 3376 passim
1140 3312 1193 3377 per
1209 3291 1302 3354 dumis
1318 3312 1353 3353 uc

202 3390 297 3477 spinis
310 3394 421 3457 consita
442 3415 548 3480 pascua
567 3394 731 3480 propulisti.
776 3392 874 3457 Nemo
889 3394 965 3457 enim
984 3393 1083 3456 eadem
1101 3402 1197 3457 tecum
1212 3412 1252 3456 ex
1269 3402 1352 3455 vete·

200 3490 283 3557 ribus
298 3495 406 3574 sensit,
431 3516 449 3558 n
470 3497 558 3573 Aeci,
587 3496 779 3581 temporarios
801 3496 918 3582 scriptis
938 3495 995 3558 tuis
1011 3496 1176 3575 lacessens,
1208 3506 1354 3580 tempora·

201 3593 263 3659 rins
281 3615 317 3659 ae
331 3617 437 3661 recens
454 3597 528 3683 ipse.
576 3594 635 3662 Sed
661 3597 770 3681 inipso
785 3599 882 3661 statim
899 3597 996 3683 operis
1014 3597 1109 3673 aditu,
1143 3617 1207 3660 oum
1228 3606 1256 3660 te
1274 3596 1354 3659 lucu·

200 3695 411 3762 bmttnmutam
436 3700 471 3763 de
493 3698 624 3784 ingenito
648 3698 703 3761 den
726 3721 760 3762 ac
781 3701 881 3785 genito
900 3700 1054 3785 scripsisse
1073 3718 1194 3776 narras,
1228 3697 1301 3761 aden
1320 3698 1355 3761 il-

199 3797 285 3864 lustri
312 3800 472 3891 principio‚
511 3812 542 3865 ut
571 3812 629 3864 tam
660 3799 798 3864 inusitata
830 3823 971 3865 novorum
1001 3799 1208 3865 vocabulorum
1237 3798 1355 3863 licentia

200 3904 456 3967 commemoranda
480 3915 558 3967 tuam
575 3922 691 3966 omnem
711 3901 788 3965 illam
804 3903 1027 3988 disputationem
1046 3901 1170 3965 ludibrio
1193 3903 1353 3982 traducam,

200 4020 344 4069 summam
366 4003 499 4069 bomines
520 4005 550 4068 iu
573 4003 793 4069 admirationem
816 4005 976 4068 adduxisti.

286 4103 327 4171 ll.
341 4104 453 4190 Ecquis
466 4117 512 4170 est
527 4123 598 4171 vero
613 4103 847 4171 Christianorum
864 4107 991 4169 omnium
1008 4107 1055 4190 qui
1070 4105 1227 4169 salutarem
1243 4107 1289 4170 dei
1304 4108 1355 4170 do-

200 4208 325 4274 ctrinam
339 4208 483 4288 obtinent,
501 4210 549 4294 qui
565 4209 618 4273 bac
633 4210 696 4294 ipsa
708 4207 847 4274 derelicta
862 4209 997 4273 conlictis
1010 4209 1068 4272 tuis
1082 4209 1186 4272 tabulis
1204 4230 1240 4272 ao
1258 4209 1355 4294 nugis,

198 4333 253 4393 peel
265 4327 374 4396 λέξεως,
399 4330 462 4392 qued
473 4331 544 4393 vulgo
556 4332 671 4391 repertae
683 4330 765 4393 deleto,
798 4343 873 4397 quum
888 4326 1012 4397 producta
1026 4325 1060 4376 sit
1074 4325 1140 4392 apud
1159 4336 1186 4376 te
1202 4325 1288 4388 dictio,
1306 4327 1359 4377 uti-

201 4411 256 4448 m
269 4400 341 4448 verbu
363 4395 538 4464 epomidem
562 4399 611 4462 τῆς
632 4395 701 4464 παρὰ
725 4397 766 4451 ool
799 4414 846 4465 que
857 4394 995 4464 coarguerit
1005 4403 1032 4444 te
1043 4394 1120 4461 magis
1133 4393 1182 4445 boo
1194 4411 1285 4446 nomen
1300 4411 1359 4462 pos·

201 4461 295 4528 λίξιως
310 4467 344 4515 od
354 4471 484 4529 aequantem
499 4468 680 4516 enuntiationem
693 4471 766 4528 perti·
798 4464 879 4516 eidere
897 4472 946 4516 eett.

202 4546 257 4583 nere
280 4534 392 4584 uiderem.
435 4535 474 4584 tta
499 4536 582 4595 vertit,
606 4537 657 4585 ticet
678 4547 765 4595 porum
834 4535 872 4585 10.
891 4536 1003 4586 Petoutos
1018 4534 1150 4594 auspicatae
1163 4537 1196 4583 eet
1211 4530 1290 4585 τοῦτο.
1408 4537 1410 4543 ’
1460 4517 1465 4526 ’

201 4601 318 4664 euocoter
340 4605 362 4652 et
382 4605 508 4664 scemate,
539 4604 609 4653 etium
636 4604 766 4654 cernamur

256 4679 345 4740 corpus
355 4679 493 4730 mol.
505 4678 534 4726 ll.
549 4683 570 4727 Ι.
1120 4674 1157 4735 lb
