3096 5070
406 274 540 327 rinnau
558 276 621 327 nra.
636 279 680 328 nr.
697 278 778 331 ron.
796 279 815 330 n
831 277 929 331 anan.
943 277 1062 328 castrt.
1250 267 1312 333 ste

237 397 316 458 del.
340 392 375 461 si
390 397 520 480 ingenita
546 407 650 461 natura
669 395 818 481 praeditas
833 398 908 465 dens
925 396 1110 482 omnipotens
1126 397 1244 481 genitae
1261 420 1313 461 na·

156 498 450 564 macenniacum
469 499 498 562 in
517 520 585 563 sese
604 521 661 563 non
679 501 833 582 agnoseit,
856 500 932 565 diins
948 521 1021 563 vcro
1036 501 1164 583 genitam
1180 511 1330 565 naturam,

154 599 265 666 tatem
283 599 426 664 eiusmodi
443 622 476 664 se
495 602 589 686 quadis
609 612 654 664 est
670 602 821 686 agnoscit,
854 622 951 666 nonne
971 613 1030 666 tota
1053 603 1100 665 itta
1120 603 1313 667 consubstan-

153 701 231 767 tialis
257 703 332 767 ratio
354 704 483 767 mendax
505 715 552 768 est
575 725 611 766 ac
632 705 722 782 falsa,
756 726 820 768 cum
841 705 915 768 atter
933 705 1093 789 ingenitum
1115 724 1200 783 sese,
1230 706 1313 789 geni·

151 816 213 872 tem
236 805 312 870 atter
332 807 497 890 agnoscat?

234 909 309 970 xtv.
335 905 368 973 si
384 906 507 992 ingeniti
525 930 586 972 vox
604 908 650 972 dei
665 909 856 973 substantiam
874 909 992 973 minime
1009 909 1174 995 significat,
1199 910 1251 975 sed
1267 909 1312 973 in-

149 1009 347 1096 eurnperabide
364 1010 432 1073 iliud
450 1032 556 1074 numen
576 1011 612 1073 ab
628 1011 762 1075 humanis
778 1011 904 1093 ingeniis
923 1013 1120 1095 excogitatum
1145 1023 1207 1090 est,
1239 1014 1311 1077 dens

149 1113 190 1178 ob
211 1112 289 1176 istud
311 1112 403 1198 ipsum
428 1113 550 1196 ingeniti
573 1123 767 1178 commentum
791 1114 827 1176 iis
850 1114 898 1197 qui
917 1115 1081 1198 repererint
1100 1114 1214 1197 gratiae
1231 1116 1312 1178 debi-

146 1225 200 1283 tor
215 1225 273 1294 est,
298 1236 363 1278 cum
382 1226 462 1279 tanto
477 1215 587 1278 nomini
604 1216 830 1299 respondentem
842 1216 1049 1280 exceltentiam
1065 1216 1094 1280 in
1112 1217 1241 1282 essentia
1258 1239 1311 1284 sna

152 1337 212 1383 een
234 1317 351 1381 hebeat.

105 1428 108 1434 '
235 1422 298 1483 XV.
317 1417 351 1484 Si
368 1420 489 1503 ingeniti
509 1420 637 1484 conditio
654 1421 709 1483 deo
725 1420 912 1484 extrinsecus
928 1419 1084 1505 affingitur,
1110 1420 1156 1504 qni
1172 1422 1311 1506 affingunt

154 1519 185 1586 ei
204 1521 257 1608 ipsi
280 1522 326 1585 cni
350 1523 496 1606 affingitur
517 1522 713 1600 antecellunt,
744 1544 809 1585 cnm
827 1521 1024 1606 praestantius
1037 1544 1123 1607 quam
1138 1534 1242 1589 natura
1259 1547 1310 1610 pa·

76 1676 101 1723 ⁸
155 1622 243 1689 tiator
262 1624 289 1689 ei
312 1646 418 1689 nomeu
442 1624 613 1689 attribuant.

235 1728 310 1790 xvt.
343 1725 377 1792 Si
400 1727 529 1810 ingenita
555 1737 659 1789 natura
682 1726 869 1810 generationi
895 1727 1013 1789 minime
1034 1729 1131 1807 cedit,
1169 1728 1309 1795 habemus

151 1828 226 1912 pond
249 1830 394 1893 volumus.
442 1827 496 1894 Sin
521 1827 704 1914 generationi
724 1829 826 1905 cedat,
858 1830 1059 1912 generationis
1075 1831 1247 1896 affectiones
1267 1833 1310 1896 di-

151 1927 236 1997 rieee
257 1930 440 1995 substantiae
463 1931 662 2015 praestabunt.
772 1940 774 1944 ‘

232 2035 324 2097 xvtt.
349 2032 382 2098 Si
399 2033 498 2118 genita
522 2033 640 2098 soboles
658 2045 763 2098 natura
784 2034 1028 2118 obgeuerantcm
1045 2035 1306 2116 immutabilium,

147 2135 225 2220 qnod
240 2136 402 2220 ingenitum
420 2146 467 2199 est
484 2135 648 2200 substantia
661 2136 803 2220 quaedam
824 2134 1010 2198 immutabilis
1027 2146 1084 2215 est,
1110 2159 1169 2201 nou
1186 2139 1308 2204 arbitrio

147 2247 200 2303 ent
216 2238 369 2303 voluntate
385 2238 575 2322 cuiusquam,
599 2239 650 2301 sed
667 2238 756 2302 insita
773 2238 894 2322 quadam
911 2237 1092 2301 substantiae
1111 2241 1263 2325 dignitate.

232 2343 338 2404 xvttt.
361 2337 394 2405 Si
414 2340 536 2425 ingeniti
555 2362 614 2403 vox
634 2340 828 2404 substantiam
850 2338 1006 2425 exprimit,
1031 2342 1136 2405 merito
1158 2343 1195 2406 ab
1216 2345 1309 2428 geniti

148 2438 312 2508 substantia
345 2444 425 2507 velut
458 2443 617 2506 membrum
642 2442 795 2506 divisionis
820 2443 984 2527 oppositum
1009 2443 1198 2508 discernitur.
1253 2442 1307 2510 Sin

147 2554 245 2611 mem
263 2544 332 2609 nibil
348 2546 467 2609 omnino
483 2546 656 2609 vocabulum
675 2546 744 2609 illud
765 2546 887 2629 ingeniti
907 2545 1071 2628 significat,
1100 2546 1305 2613 multominus

145 2645 237 2731 geniti
253 2668 314 2712 vox
329 2647 435 2733 aliquid
454 2648 602 2733 exprimit.
628 2644 711 2711 Nihil
727 2657 824 2710 autem
840 2648 986 2730 quomodo
1001 2648 1092 2713 nihilo
1110 2650 1140 2712 in
1159 2650 1305 2717 divisione

145 2748 353 2835 respondebit?

162 2926 165 2933 ¹
229 2854 308 2916 tttx.
338 2848 424 2934 Quod
446 2853 471 2916 si
495 2852 558 2937 ipsa
585 2851 710 2935 ingeniti
734 2852 932 2936 pronuntiatio
958 2854 1187 2938 pronuntiationi
1212 2855 1305 2937 geniti

148 2954 318 3039 moritur,
357 2975 422 3018 enm
445 2956 605 3021 secuudum
631 2954 895 3038 pronuntiationem
922 2954 1069 3018 sitentium
1096 2956 1303 3041 subsequatur,

149 3048 383 3121 Christianorum
407 3078 474 3141 spes
497 3059 583 3121 modo
608 3056 738 3135 existet,
767 3057 853 3120 modo
878 3077 946 3120 esse
969 3058 1100 3135 desinet,
1136 3058 1167 3121 in
1188 3057 1306 3123 diversa

148 3157 383 3241 pronuntiatione
400 3159 511 3242 posita,
536 3180 593 3223 troo
611 3159 640 3221 in
661 3159 790 3238 naturis,
815 3180 890 3243 qnae
913 3160 952 3222 ita
971 3181 1039 3224 sese
1061 3160 1187 3225 babeant
1205 3182 1306 3245 quem·

146 3259 299 3325 admodum
322 3261 470 3324 nominum
494 3262 555 3345 ipsa
578 3261 754 3345 significatio
777 3261 917 3324 declarat.

160 3414 164 3423 .
196 3412 198 3417 .
230 3363 294 3426 XX.
317 3360 351 3428 Si
369 3363 530 3447 ingenitum
550 3364 619 3427 nibil
638 3364 673 3427 ad
696 3364 878 3428 substantiae
896 3365 1064 3449 dignitatem
1090 3365 1214 3450 amptius
1234 3388 1304 3429 cou-

147 3463 205 3529 tert
232 3485 317 3548 quam
352 3468 500 3549 genitum,
542 3467 615 3531 iiiins
640 3468 704 3531 sola
729 3466 863 3531 vocabuli
887 3468 1126 3553 pronuntiatione
1149 3479 1304 3553 superatus

146 3567 376 3652 praestantiores
393 3589 461 3631 sese
477 3568 657 3653 appellantes
675 3569 756 3653 ipsos
774 3581 934 3654 agnoscet,
968 3593 1026 3634 uon
1048 3592 1114 3635 eum
1142 3569 1190 3654 qni
1212 3570 1303 3655 ipsius

144 3667 220 3734 teuc
241 3670 400 3754 appellatur
422 3681 452 3732 et
475 3681 568 3754 pater.

228 3773 306 3835 xxt
321 3769 355 3835 si
372 3773 500 3856 ingenita
519 3772 680 3835 substantia
696 3776 881 3854 generationi
897 3787 1039 3859 praestat,
1057 3774 1172 3840 insitam
1189 3773 1219 3837 in
1235 3795 1304 3839 sese

143 3871 254 3938 babens
279 3874 501 3950 exceltentiam,
525 3882 627 3956 suapte
645 3882 748 3936 nature
764 3875 894 3958 ingenita
911 3889 957 3940 est
973 3878 1149 3942 substantia.
1195 3874 1302 3963 Neque
1365 3897 1371 3905 ·

142 3975 219 4039 enim
243 3975 289 4038 cui
315 3975 425 4038 libitum
448 3986 495 4038 est
514 3998 566 4060 pro
587 3995 623 4036 eo
642 3977 718 4054 quod
741 3976 852 4039 bibitum
872 3991 918 4040 est
937 3981 1119 4063 generationi
1139 3981 1300 4060 antecellit,

141 4077 193 4142 sed
211 4079 288 4162 quod
308 4079 347 4140 ita
363 4089 467 4141 natura
485 4087 666 4162 comparatus
684 4086 740 4139 est.
788 4076 890 4161 Quare
906 4102 977 4143 cum
1004 4084 1075 4144 deus
1094 4104 1146 4168 per
1169 4104 1237 4146 sese
1256 4083 1300 4147 in-

175 4246 217 4301 st.
229 4244 357 4316 despondi
371 4251 455 4298 adium
468 4253 501 4300 est
516 4249 553 4299 ed.
565 4251 645 4300 Petam
659 4251 703 4300 Gn·
771 4246 812 4301 40.
830 4247 947 4317 reinardo
965 4253 1037 4314 infre.

141 4317 187 4367 ton
204 4323 275 4380 repet.
771 4314 812 4368 tt.
829 4313 849 4383 η’
866 4333 911 4367 om.
929 4321 981 4369 cod.
999 4323 1097 4385 dtbedtp.

175 4382 216 4435 38.
235 4379 352 4454 διαφόρῳ
369 4388 434 4437 obest
449 4387 522 4448 {ntro
771 4383 811 4436 ta.
830 4389 865 4438 tto
884 4387 954 4450 infra.
990 4391 1064 4453 Vatpo
1084 4394 1148 4442 estet
1164 4385 1237 4456 eisd,
1254 4386 1300 4445 ου’-

175 4448 217 4502 39.
234 4446 249 4505 ὅ
264 4457 345 4505 vitiose
362 4459 395 4504 eet
413 4457 438 4504 tn
461 4455 497 4504 ert
519 4455 599 4505 Peton.
626 4457 703 4506 Coton
738 4454 790 4509 oto.
