3096 5070
600 318 926 374 snscnnnsunnosrs.
1282 304 1343 367 545

189 464 243 508 nes
265 453 296 506 et
312 440 420 506 Nohmi
445 451 576 525 tempora
602 439 817 525 perseveravit.
872 435 930 520 Qui
958 434 1164 500 barbarismus
1189 444 1345 520 propterea

189 545 295 611 dicitur
312 544 387 629 quod
405 542 597 607 vetustissimi
613 541 654 605 illi
672 541 834 605 mortalium
855 561 949 625 neque
969 550 1080 603 certum
1100 539 1225 622 aliquem
1244 547 1345 600 aucto·

188 670 251 713 rem
269 645 432 724 habebant,
457 665 512 708 nec
528 643 607 707 inter
626 664 660 706 se
679 642 913 720 consentiebant,
938 644 989 705 sed
1006 641 1206 725 unusquisque
1223 659 1346 726 prosus

189 751 341 815 voluntate
365 748 454 810 vitam
474 745 662 824 instituebat,
696 767 731 808 ac
746 766 800 831 pro
815 746 880 829 lege
897 766 981 809 suum
1002 746 1123 828 quisque
1141 752 1345 825 autumatque

188 853 340 918 arbitrium
363 850 418 913 sibi
442 847 636 934 proponebat.

274 951 460 1035 Scythismus
476 971 493 1013 a
512 949 621 1015 No‘e'mi
649 949 828 1036 temporibus
846 950 881 1013 ad
910 970 1001 1033 nsque
1026 947 1115 1012 torris
1137 957 1167 1011 et
1185 944 1347 1030 Babylonis

191 1055 483 1131 exaedificationem,
514 1073 548 1116 ac
568 1063 634 1138 post
657 1052 759 1117 turrim
785 1052 885 1137 paucis
900 1051 992 1115 adhuc
1009 1050 1095 1115 annis
1113 1048 1257 1126 obtinuit,
1292 1047 1347 1110 boe

190 1170 237 1225 est
255 1178 347 1242 usque
363 1159 398 1220 ad
415 1153 525 1219 Phalec
539 1167 570 1218 et
583 1154 719 1239 Rhagau,
744 1155 791 1239 qui
808 1154 843 1217 ad
859 1153 1008 1237 Europam
1025 1163 1212 1217 transeuntes
1225 1151 1255 1214 in
1271 1146 1348 1234 Scy·

190 1261 279 1324 thiam
305 1282 339 1324 ac
359 1259 493 1323 nationes
511 1258 652 1322 eiusmodi
672 1267 864 1343 penetrarunt
882 1256 923 1320 ab'
935 1255 1037 1321 There
1057 1254 1236 1340 temporibus
1255 1264 1285 1316 et
1304 1252 1348 1316 ul-

191 1373 255 1443 tra,
279 1383 296 1425 a
319 1384 377 1447 quo
398 1359 532 1425 Thraces
555 1361 669 1425 oriundi
693 1370 772 1424 sunt.

278 1565 478 1631 llellenismus
496 1567 593 1652 coepit
608 1587 625 1629 a
642 1562 768 1630 Serucbi
786 1564 975 1648 temporibus.
1021 1561 1107 1628 Unde
1127 1562 1271 1626 idolorum
1288 1559 1349 1624 cul·

194 1683 241 1735 tns
266 1670 378 1733 initium
404 1668 514 1731 habuit.
561 1665 694 1752 Cumque
720 1678 788 1730 tunc
812 1667 952 1752 temporis
972 1666 1044 1730 lalsa
1063 1665 1185 1750 quisquc
1207 1662 1349 1748 supersti-

194 1774 274 1838 tione
290 1773 463 1849 duceretur,
496 1770 634 1856 deinceps
662 1769 824 1833 eiviliorem
848 1771 883 1832 ad
909 1791 1011 1847 usum,
1041 1780 1071 1832 et
1094 1769 1129 1831 ad
1149 1778 1247 1832 certas
1267 1766 1350 1849 leges

193 1874 475 1958 simulacrorumque
504 1874 577 1936 ritus
608 1871 740 1936 homines
770 1892 838 1935 sese
871 1872 1095 1936 transtulerunt.
1147 1868 1280 1953 Quorum
1311 1889 1350 1932 ex

195 1978 379 2064 praescripto·
400 1975 456 2039 sibi
482 1975 553 2039 deos
577 1975 738 2039 linxerunt.
793 1975 837 2038 Ac
862 1976 985 2060 primum
1010 1995 1062 2037 eos
1087 1972 1217 2057 quosin
1238 1971 1350 2035 honore

195 2079 340 2166 quondam
358 2078 545 2156 habuissent,
569 2077 633 2141 sive
652 2090 807 2164 tyrannos,
832 2089 882 2141 aut
898 2077 1149 2163 praestigiatores,
1174 2074 1221 2159 qui
1241 2094 1351 2138 memo-

195 2182 286 2247 rabile
305 2181 438 2267 quiddam
454 2181 484 2244 in
499 2180 559 2243 vita
578 2182 709 2244 iecerunt
726 2201 760 2244 ac
779 2180 957 2243 fortitudinis
974 2190 1004 2243 ct
1019 2178 1135 2242 roboris
1154 2178 1268 2241 illustre
1285 2196 1352 2260 spe·

196 2285 290 2350 cimen
305 2284 467 2362 ediderant,
493 2283 651 2368 depingere
666 2282 814 2346 coloribus
826 2294 856 2346 et
872 2282 1036 2346 assimilare
1052 2280 1198 2345 solebant.
1243 2275 1353 2344 Postea

196 2408 269 2451 vero
286 2386 322 2449 ab
340 2384 439 2449 'Pharo
457 2387 548 2471 patris
566 2386 707 2449 Abraami
725 2397 855 2470 tempore
872 2384 1036 2448 simulacris
1054 2406 1089 2447 ac
1107 2381 1211 2448 statuis
1229 2381 1352 2444 eundem

196 2510 330 2554 errorem
354 2487 538 2552 idololatriae
563 2498 771 2573 propagarunt.
818 2486 934 2574 Quippe
957 2486 1083 2551 maiores
1100 2507 1171 2550 suos
1188 2483 1353 2548 simulacris

196 2591 389 2656 honestantcs
404 2611 439 2653 ac
453 2601 586 2655 mortuos
601 2591 722 2676 primum
741 2600 805 2654 arte
825 2590 923 2674 figlina
942 2600 1054 2653 statuas
1073 2590 1268 2666 effinxerunt,
1293 2596 1353 2648 tum

198 2695 234 2757 ad
250 2714 353 2758 omncs
367 2704 446 2756 artes
461 2692 592 2756 imitandi
607 2693 742 2778 pervenit
757 2693 913 2757 industria.
958 2690 1036 2756 Nam
1049 2702 1079 2755 et
1095 2689 1248 2755 architecti
1263 2685 1354 2753 scotis

198 2795 360 2881 lapidibus,
393 2793 554 2877 argentarii
578 2805 610 2859 et
632 2795 766 2860 aurifices
782 2817 838 2860 nec
856 2818 913 2859 non
930 2806 960 2859 et
977 2795 1051 2858 labri
1066 2816 1120 2859 sua
1135 2793 1242 2878 quique
1262 2801 1355 2854 mote-

199 2900 256 2975 ria,
280 2919 315 2961 ac
331 2896 435 2980 reliqui
449 2896 592 2981 deinceps>
603 2898 712 2981 effigies
727 2898 817 2962 moliti
834 2909 913 2962 sunt.
960 2895 1051 2961 Primi
1068 2897 1196 2961 omnium
1213 2892 1355 2978 Aegyptii

199 3022 234 3066 ac
250 2997 425 3084 Babylonii,
456 3019 511 3062 nec
529 3020 587 3062 non
611 3011 641 3063 et
657 2997 792 3087 Phryges
812 3022 847 3065 ac
863 2998 1028 3065 Phoenices
1045 2998 1242 3086 superstitiosi
1260 2997 1355 3061 cultus

201 3115 232 3167 et
247 3101 469 3166 simulacrorum
486 3123 521 3165 ac
539 3102 744 3188 mysteriorum
763 3114 900 3167 auctores
918 3104 1092 3167 extiterunt.
1130 3100 1278 3187 Aquibus
1295 3098 1356 3182 ple·

200 3225 291 3290 reque
311 3213 380 3266 snut
401 3204 437 3266 ad
452 3201 586 3269 Graecos
608 3207 765 3286 translata,
797 3208 856 3270 iam
881 3218 940 3270 tum
959 3205 996 3269 ab
1018 3216 1115 3269 aetate
1133 3201 1294 3287 Cecropis,
1327 3210 1356 3264 et

202 3309 352 3392 deinceps.
397 3302 508 3370 Postea
525 3328 598 3371 veru
617 3308 704 3393 longe
723 3309 838 3374 demum
857 3308 1014 3373 intervallo
1029 3305 1203 3389 Saturnum,
1219 3305 1354 3383 Rhesum,

204 3408 326 3490 lovem,
352 3408 516 3494 Apollinem
533 3432 570 3472 eo
585 3410 716 3496 reliquos
731 3411 803 3475 deos
820 3411 970 3476 celebrare
986 3421 1158 3496 coeperunt.

290 3595 397 3662 Graeci
422 3617 529 3659 nomen
546 3596 583 3679 ab
600 3596 725 3662 flellcne
745 3598 868 3682 quodam
888 3599 983 3663 sortiti
999 3610 1085 3676 sunt,
1119 3597 1166 3683 qui
1184 3596 1213 3660 in
1230 3593 1358 3661 Graecia

205 3701 316 3785 degens
332 3700 359 3763 ei
374 3698 488 3782 regioni
506 3699 728 3782 appellationem
742 3700 855 3764 indidit.
903 3698 980 3765 Sunt
996 3700 1044 3786 qui
1064 3701 1100 3763 ab
1117 3701 1218 3778 elaea,
1241 3698 1297 3761 boc
1313 3707 1359 3760 est

205 3803 299 3880 oliva,
324 3822 398 3886 quae
413 3802 540 3868 Athenis
558 3815 664 3867 exorta
679 3813 742 3880 est,
766 3814 947 3888 nuncupatos
961 3824 1029 3867 esse
1047 3802 1150 3866 velint.
1195 3800 1291 3864 liuius
1307 3819 1359 3883 ge·

205 3907 287 3970 neris
311 3916 448 3969 auctores
471 3925 504 3967 ac
528 3906 695 3969 conditores
718 3903 806 3967 lones
831 3906 963 3983 luerunt,
998 3916 1029 3969 ut
1052 3926 1091 3968 ex
1114 3904 1297 3968 accuratiore
1315 3901 1360 3965 hi·

206 4009 299 4073 storia
314 4018 447 4088 constat,
478 4009 526 4091 qui
545 4008 582 4070 ab
600 4005 673 4071 lone
690 4006 813 4091 quodam
834 4007 968 4092 appellati
988 4019 1056 4071 sunt
1074 4006 1160 4071 unius
1179 4026 1280 4070 eorum
1300 4003 1359 4068 lilio

210 4113 258 4196 qni
277 4113 379 4177 turrim
398 4121 622 4175 exstruxerunt.
668 4108 763 4193 Quam
779 4109 815 4172 ob
830 4129 963 4173 caussam
981 4106 1122 4194 Meropes
1142 4108 1276 4195 appellati
1292 4117 1361 4170 sunt

208 4233 233 4279 in
250 4247 296 4294 quo
315 4247 377 4281 um.
394 4245 430 4293 pr.
452 4231 545 4280 uidetur
562 4231 634 4293 [ciem
656 4223 767 4294 ἀμυντη-
800 4227 976 4295 meticuloso.

210 4295 277 4361 ptus,
295 4315 367 4361 qnam
384 4301 526 4359 scripturum
540 4303 616 4348 tuetur
630 4300 701 4348 mear
717 4300 769 4348 cod.
837 4296 877 4348 42.
902 4296 956 4349 ulcio
979 4298 1034 4347 een
1051 4299 1132 4348 Paeo.
1167 4299 1215 4349 Sed
1235 4300 1291 4347 tolet
1312 4298 1361 4358 {or-

208 4366 295 4427 Perr's,
312 4371 366 4416 teste
382 4368 485 4416 Patauio.
801 4372 861 4416 lesse
880 4379 963 4416 nomen
984 4360 1096 4417 Ἰωῦνᾶν.
1135 4367 1169 4428 cr.
1190 4368 1263 4428 Epist.
1281 4366 1315 4414 ud
1329 4367 1361 4413 A·

242 4431 283 4484 39.
301 4425 320 4495 ἧ
336 4428 386 4487 ἀπὸ
401 4435 468 4484 codd
483 4448 539 4484 mss.
555 4438 577 4484 et
590 4435 645 4485 cdtt.
659 4438 733 4498 princ.
801 4450 851 4485 coc.
865 4450 891 4496 p.
903 4434 940 4486 18.
955 4448 1021 4485 meuc
1034 4435 1088 4483 adh
1108 4434 1235 4484 comunes
1246 4437 1314 4484 uelit
1329 4432 1360 4482 ab

243 4497 285 4551 40.
304 4499 407 4566 {lidron
423 4504 490 4552 codd.
503 4517 557 4553 mss.
574 4507 595 4551 cl
609 4505 645 4553 ed.
660 4505 736 4565 pstea
805 4503 873 4564 lone,
892 4518 942 4551 uno
958 4501 1068 4570 quodam
1083 4502 1137 4552 viro
1152 4518 1183 4551 ex
1196 4501 1234 4552 his
1247 4501 1292 4570 qui
1307 4512 1360 4551 tur-

244 4566 287 4621 di.
304 4571 371 4620 Libri
385 4575 434 4620 unt
450 4573 531 4633 scripti
544 4584 618 4633 wara
633 4573 690 4623 edili
704 4573 774 4636 vulpe
808 4571 855 4622 rim
872 4569 1074 4622 aedificaverunt.

262 4654 351 4710 corpu·
375 4651 580 4698 massmanno.
1117 4659 1158 4724 35
