3096 5070
273 252 336 317 ³¹2
697 263 1010 318 ειιιοτιτειεειιεειι

275 405 336 447 νων
353 385 413 446 τῶν
434 379 563 458 οόσιῶν,
593 378 666 446 ἀλλά
681 388 752 464 μιᾶς
767 379 850 467 παρά
867 379 1005 461 4πάσας,
1037 379 1104 464 ἥτις
1121 383 1181 449 έστί
1199 379 1310 466 θεότης
1331 387 1384 466 μία
1403 386 1439 450 ίν

274 480 387 568 τριάδι,
409 490 475 559 πῶς
492 485 535 548 ἔτι
551 479 804 566 ἀπολειφθήσεται
822 491 863 572 τῷ
879 483 1006 572 γεννάδα
1029 483 1126 574 τοότρν
1144 484 1178 550 τό
1197 484 1439 568 καταπληκτικόν

275 584 369 651 αάτοῦ
382 593 486 670 χωρεῖν
504 587 551 651 ίιτί
569 583 641 663 τοός
660 585 747 663 υίοός
764 593 818 670 τῆς
840 586 999 670 ἀληθείαςς
1042 579 1155 654 Διοίσει
1177 589 1210 653 δδ
1229 590 1281 654 καλ
1306 585 1439 674 όιεοτέρα

274 695 327 771 τῆς
347 685 510 770 δποτέρας,
541 686 588 753 δἐι
602 686 623 771 η
638 688 691 771 μέν
707 686 792 773 τριάς
806 694 910 770 κτίζει,
939 687 976 754 τά
994 690 1025 755 δλ
1047 689 1146 755 πάντα
1162 688 1213 755 ἀπ’
1229 690 1323 774 αὐτῆς
1339 692 1439 758 κέκτο·

275 813 349 857 σται.
394 791 456 853 Καὶ
471 786 492 872 ἦ
509 791 564 872 μέν
580 792 659 856 ἐστιν
681 790 862 871 ἀδέσποτος,
891 791 928 857 τά
948 793 981 857 δδ
997 790 1048 857 ἀπ’
1064 789 1156 876 αάτης
1170 792 1312 879 γευόμενα
1329 795 1439 861 δεσπό-

274 900 363 974 ζεται·
385 888 473 974 καλή
492 893 544 974 μέν
559 891 781 975 μεταβάλλεται,
803 891 872 977 ἡδί
889 893 1086 979 ἀπαράβατον
1101 897 1157 978 ἔχει
1172 893 1227 978 τὴν
1245 894 1354 977 φάσιν,
1385 923 1440 980 με·

276 996 460 1079 ταβάλλουσα
475 993 522 1060 ἀεί
545 993 581 1059 τά
603 991 653 1059 ἀπ’
669 995 763 1079 αὐτῆς
782 996 1033 1079 μεταβαλλόμενα,
1063 1000 1115 1064 καί
1140 1000 1171 1076 έξ
1188 996 1244 1065 οόκ
1269 997 1364 1065 όντων
1382 998 1442 1077 τάς

277 1098 382 1172 οὖσίας
399 1098 451 1163 καί
472 1095 526 1175 τάς
544 1095 721 1173 ὑποστάσεις
744 1095 876 1179 άφιστάν
893 1102 1052 1182 δυναμένη.
1099 1107 1194 1166 Τοῦτο
1211 1099 1267 1186 γάρ
1286 1104 1345 1167 ίστι
1361 1122 1441 1186 συμ-

276 1202 391 1287 πρέπον
407 1206 472 1289 θεῷ
487 1203 520 1266 έκ
536 1199 578 1283 μὴ
595 1197 813 1283 ὑποκειμένων,
844 1204 895 1267 καλ
913 1205 943 1280 ίξ
961 1200 1018 1268 οάκ
1033 1199 1129 1268 όντων
1150 1199 1202 1268 ἀπ’
1223 1200 1320 1269 αότοῦ.
1338 1228 1440 1289 γεγεν-

276 1304 410 1387 νημίνοιν
432 1304 484 1368 καί
512 1299 719 1383 ἀποστάντων,
749 1302 825 1370 κατά
848 1303 901 1388 την
925 1304 1122 1387 διακόσμησιν
1148 1304 1369 1388 μετασκευάζειν
1395 1305 1441 1385 ῶς

276 1404 421 1490 βούλεται.

361 1504 472 1573 Ἀετίου
488 1506 592 1588 κεφάλ.
608 1505 654 1573 λε’.
700 1511 743 1573 El
758 1516 840 1574 πάσα
859 1508 947 1575 οάσία
964 1510 1043 1575 έστίν
1059 1507 1231 1595 ἀγέννητος,
1263 1508 1345 1575 πᾶσά
1359 1512 1441 1578 δστιν

278 1609 508 1695 ἀπαράλλακτος.
556 1617 616 1692 Τῆς
636 1611 689 1675 ῑδέ
704 1611 809 1689 οάσίας
826 1610 860 1678 τό
876 1609 1099 1697 ἀπαράλλακτον
1116 1614 1256 1695 έχουσης,
1290 1610 1324 1678 τό
1339 1623 1440 1680 ποιεῖν

242 1788 245 1793 ,
276 1738 308 1780 τε
323 1715 375 1778 καί
395 1712 429 1778 τό
452 1711 575 1795 πάσχειν
597 1709 807 1802 αὐτοματισμῷ
832 1714 1004 1780 ἀναθετέον.
1051 1721 1175 1779 Πολλῶν
1193 1716 1226 1781 δὲ
1243 1713 1338 1782 όντων
1353 1714 1440 1803 ἀγεν-

277 1815 376 1899 νήτων
398 1817 449 1880 καί
474 1813 719 1898 ἀπαραλλάκτων,
754 1814 992 1902 δάναριθμήτως
1015 1820 1178 1883 διοίσουσιν
1197 1817 1337 1901 ἀλλήλων.
1389 1819 1437 1885 Οά

277 1917 334 2006 γάρ
352 1916 390 1985 ἀν
397 1921 448 2012 ,είη
464 1915 618 2000 ἀριθμητά
633 1916 669 1984 τό
686 1921 826 1984 διεστῶτα
842 1917 863 2002 ἢ
879 1919 1029 1999 καθόλου,
1059 1918 1081 2003 ἢ
1095 1920 1170 1985 κατά
1186 1948 1229 2000 τι,
1260 1919 1359 2004 πάσης
1373 1925 1438 1988 δια·

277 2020 409 2097 στάσεως
428 2018 637 2105 ἀποκλήρωσίν
655 2047 721 2086 τινα
738 2022 941 2106 έμφαινοόσης
954 2025 1051 2088 αίτίου
1064 2021 1299 2109 ἀποτεταγμέτης
1315 2022 1436 2110 ἀγεννῆ·

277 2150 331 2191 του
353 2124 480 2206 φάσεως.

361 2327 475 2414 Ἀνατρ.
521 2325 568 2394 Ου’
580 2336 662 2394 πᾶσα
680 2327 767 2396 οάσία
791 2328 963 2416 ἀγίννητος·
996 2328 1115 2412 ἠλίθιον
1138 2329 1193 2415 γάρ
1212 2331 1261 2396 καί
1279 2325 1311 2394 τό
1327 2330 1424 2392 διανο·

278 2442 389 2513 ιλσθαι,
412 2432 463 2497 καλ
474 2427 646 2514 Ἑλληνικῆς
660 2429 807 2518 ἀγνωσίας
821 2424 909 2508 οότος
923 2429 941 2498 ό
953 2430 1102 2517 λογισμός,
1125 2435 1174 2498 καί
1189 2429 1222 2500 τό
1235 2427 1429 2514 ἀπόφθεγμα,

278 2534 336 2603 κάν
356 2561 387 2601 τι
409 2533 639 2614 ἀποφαντικοῖς,
664 2532 722 2599 κάν
745 2559 776 2599 τε
798 2537 981 2619 έρωτητιιιῶς
998 2542 1039 2623 τῷ
1054 2534 1156 2623 Ἀετίρι
1171 2537 1286 2622 εἴρηται
1330 2539 1433 2614 Δῆλον

282 2640 339 2704 ’δδ
362 2637 409 2704 ότι
433 2640 622 2723 έρωτητικῶς.
664 2634 809 2719 Ἑλλήνων
826 2641 926 2703 τοίνυν
941 2641 1050 2713 παῖδας
1072 2645 1160 2703 τοῦτο
1180 2632 1325 2722 έρωτάτω.
1371 2634 1435 2699 Κά-

157 2790 208 2835 m,
219 2776 264 2821 η
282 2751 375 2808 κεῖνοι
390 2741 423 2806 δέ
439 2736 519 2826 αότῷ
542 2740 789 2804 συντιθέσθασαν
805 2745 892 2804 τοῦτο
917 2741 991 2822 ἔχειν
1014 2742 1047 2805 ίιι
1065 2744 1264 2824 συλλογισμῶν
1281 2737 1314 2804 τό
1331 2735 1439 2823 ίριότη-

279 2871 336 2928 μα,
358 2842 432 2926 ὕλην
447 2841 514 2907 τινά
534 2841 694 2927 σόγχρονον
711 2848 753 2930 τῷ
769 2848 833 2930 θεῷ
849 2843 1083 2923 ἐπιφημίζοντες.
1126 2839 1309 2907 Ἅλισκέσθα
1326 2841 1358 2906 δέ
1375 2838 1439 2922 άμα

279 2949 419 3020 ίκείνοις,
441 2946 470 3008 εί
482 2953 671 3024 συντιθοῐτο,
703 2941 827 3027 έχοάσης
843 2950 897 3027 τῆς
914 2943 1058 3027 ἀληθείας
1068 2948 1103 3009 ἓν
1118 2941 1192 3009 εἶναι
1210 2941 1244 3009 τό
1260 2949 1383 3023 ποιοῦν,
1405 2944 1440 3008 έν

279 3055 333 3136 μιᾷ
352 3044 440 3135 οόσίᾳ
464 3046 584 3132 τριάδος
604 3050 727 3122 τελείας,
757 3047 807 3112 καί
831 3045 869 3111 οό
893 3045 969 3112 κατά
991 3045 1182 3130 4συναλιφήν
1205 3042 1439 3131 ἀριθμουμένης.

283 3148 327 3216 Τά
346 3147 373 3215 δ’
389 3147 462 3213 ἀλλα
477 3148 573 3215 πάντα
596 3146 737 3234 γεννητά,
767 3149 817 3214 καλ
840 3148 958 3228 κτιστά,
988 3151 1039 3215 καί
1057 3147 1112 3215 οόκ
1127 3147 1279 3234 άγέννητα.
1328 3154 1388 3230 Τῆς
1406 3148 1440 3212 δέ

278 3250 422 3335 θεότητος
447 3249 585 3317 ἀκτίστου
607 3247 717 3333 οὔσης,
748 3250 862 3336 πατρός
877 3252 931 3334 μέν
944 3258 1121 3337 γεννῶντος,
1152 3254 1222 3316 υἱοῦ
1239 3250 1272 3315 δέ
1285 3255 1439 3335 γεννητοῦ,

278 3354 448 3438 πνεύματος
471 3355 503 3420 δέ
524 3351 610 3439 όγίου
633 3356 663 3431 ἐξ
681 3350 775 3420 αὐτοῦ
795 3352 1016 3437 ἀπεσταλμένον
1036 3361 1091 3420 τοῦ
1106 3351 1219 3440 πατρός
1237 3354 1290 3418 καλ
1308 3359 1367 3417 τῶν
1382 3358 1440 3417 τοῦ

278 3461 348 3524 υίοῦ
366 3456 581 3542 λαμβάνοντος,
612 3454 733 3522 πάντων
755 3457 788 3522 δέ
811 3454 907 3522 όντων
930 3458 1142 3537 κεκτισμένατν,
1174 3462 1228 3522 τοῦ
1253 3455 1285 3519 δέ
1306 3451 1440 3539 ἀπαραλ-

277 3559 387 3628 λάκτου
400 3568 437 3650 τῇ
455 3558 577 3641 δυνάμει
591 3560 747 3641 μένοντος,
771 3559 1027 3644 ὀσυμπρεπόντως
1041 3561 1073 3624 έν
1088 3567 1126 3648 τῇ
1141 3558 1239 3642 τριάδι
1254 3556 1353 3638 πάσης
1366 3554 1440 3621 θεό·

278 3690 365 3748 τητος
382 3663 432 3728 λιτλ
450 3659 505 3727 τόν
526 3662 639 3746 πατέρα
664 3658 927 3745 θάναφερομένης,
958 3659 1008 3727 διά
1035 3659 1068 3727 τό
1092 3659 1213 3746 εὔλογον
1230 3661 1282 3723 καί
1298 3655 1441 3724 ἀπτωτον

278 3772 330 3848 τῆς
347 3761 477 3848 μονάδος
492 3764 543 3827 καί
563 3761 596 3829 τό
618 3760 805 3849 ἀναιρετικόν
829 3771 882 3848 τῆς
902 3769 1066 3840 πολυθελας
1087 3762 1122 3829 τό
1142 3764 1196 3846 μέν
1212 3760 1441 3847 ἀπαράλλακτον

279 3870 357 3951 μένει
371 3874 407 3957 τῇ
424 3863 563 3948 δυνάμει,
584 3864 619 3931 τό
637 3866 670 3931 δέ
687 3864 808 3952 εὔλογον
823 3865 1056 3952 συμπρεπόντως
1072 3864 1256 3952 ἀναλογεῑται
1274 3867 1343 3929 υίοῦ
1360 3863 1440 3950 πρός

278 3972 405 4055 πατέρα,
437 3972 489 4035 καί
511 3965 597 4053 άγίου
621 3967 796 4051 πνεόματος.
853 3974 960 4035 Τοίνυν
985 3968 1097 4036 τούτων
1126 3968 1222 4045 οὕτως
1251 3964 1377 4050 ἐχόντων
1409 3968 1441 4044 ἐξ

276 4071 410 4159 ὑπαρχῆς
432 4080 560 4137 πεσεῖται
579 4078 633 4153 τῆς
657 4073 816 4154 ἐπιβουλῆς
834 4078 888 4137 τοῦ
904 4071 1092 4157 ίρωτήματος
1109 4069 1130 4155 ἡ
1145 4074 1270 4138 έπίνοια.
1319 4065 1365 4132 Οά
1379 4065 1437 4155 γάρ

311 4245 335 4299 4.
351 4244 438 4315 πάσης
451 4249 562 4298 mendum
573 4251 605 4299 ιιι
614 4248 650 4297 ιδ.
663 4249 744 4298 petav.
758 4248 837 4298 σολοιι.
904 4243 929 4296 3.
947 4239 970 4298 θ’
987 4239 1027 4299 ότι
1037 4249 1089 4298 ασελ.
1102 4248 1210 4310 Ηλισίρ,
1227 4246 1306 4295 κελαι.
1321 4256 1380 4292 ουτ
1392 4256 1438 4294 νεα

274 4322 346 4379 τιμαί.
904 4309 927 4364 4.
947 4313 1100 4381 συναλοιφὴν
1116 4316 1170 4364 ιιλίί.
1189 4316 1270 4364 Ριταυ.

313 4384 335 4435 ί.
352 4382 383 4439 δὲ
397 4399 442 4435 οτι.
460 4388 485 4435 in
502 4387 538 4435 τά
557 4386 637 4434 Ρειου.
656 4384 735 4434 Gelon.
751 4388 822 4447 ταυτί.
904 4381 928 4432 5.
947 4379 1145 4448 σομπρεπόντως
1164 4385 1248 4443 στείρα·
1269 4394 1299 4429 ετ
1321 4381 1440 4429 σπονδαί.

311 4452 335 4502 2.
359 4448 510 4519 άριθμητῶς
532 4453 600 4503 codd.
622 4465 676 4501 τετε.
701 4457 796 4515 uterque
817 4457 838 4502 τί
872 4453 990 4512 Canarii,
1003 4455 1044 4514 ηειλ
1059 4453 1170 4500 convertit
1186 4447 1360 4499 oondecenter.
1394 4448 1438 4496 λι·-

275 4523 330 4581 τιίλλ.
345 4525 422 4592 princ.
439 4549 473 4560 -
506 4524 540 4574 De
556 4534 618 4588 πρη.
635 4521 664 4585 of.
682 4533 763 4585 ευρτα
871 4521 907 4572 οτι·
923 4521 994 4584 υιιλςο
1011 4516 1206 4589 συμπρέτοντος.
