<?xml version="1.0" encoding="UTF-8"?>
<!DOCTYPE html PUBLIC "-//W3C//DTD XHTML 1.0 Transitional//EN"
    "http://www.w3.org/TR/xhtml1/DTD/xhtml1-transitional.dtd">
<html xmlns="http://www.w3.org/1999/xhtml" xml:lang="en" lang="en">
 <head>
  <title>
</title>
<meta http-equiv="Content-Type" content="text/html;charset=utf-8" />
  <meta name='ocr-system' content='tesseract 3.04.00' />
  <meta name='ocr-capabilities' content='ocr_page ocr_carea ocr_par ocr_line ocrx_word'/>
</head>
<body>
  <div class='ocr_page' id='page_1' title='image "./corporishaerese00unkngoog/corporishaerese00unkngoog_0068.png"; bbox 0 0 3096 5070; ppageno 0'>
   <div class='ocr_carea' id='block_1_1' title="bbox 411 305 1310 371">
    <p class='ocr_par' dir='ltr' id='par_1_1' title="bbox 411 305 1310 371">
     <span class='ocr_line' id='line_1_1' title="bbox 411 305 1310 371; baseline -0.006 0"><span class='ocrx_word' id='word_1_1' title='bbox 411 318 546 371; x_wconf 75' lang='lat' dir='ltr'><strong>sennan</strong></span> <span class='ocrx_word' id='word_1_2' title='bbox 566 317 627 368; x_wconf 80' lang='lat' dir='ltr'><strong>nun</strong></span> <span class='ocrx_word' id='word_1_3' title='bbox 641 318 684 368; x_wconf 92' lang='grc' dir='ltr'>ιιι.</span> <span class='ocrx_word' id='word_1_4' title='bbox 702 317 783 370; x_wconf 80' lang='lat' dir='ltr'><strong>uon.</strong></span> <span class='ocrx_word' id='word_1_5' title='bbox 800 317 820 368; x_wconf 84' lang='lat'><strong>1.</strong></span> <span class='ocrx_word' id='word_1_6' title='bbox 838 315 938 367; x_wconf 79' lang='lat' dir='ltr'><strong>asan.</strong></span> <span class='ocrx_word' id='word_1_7' title='bbox 956 315 1065 366; x_wconf 78' lang='lat' dir='ltr'><strong>txxuu</strong></span> <span class='ocrx_word' id='word_1_8' title='bbox 1271 305 1310 367; x_wconf 82' lang='lat'><strong>61</strong></span> 
     </span>
    </p>
   </div>
   <div class='ocr_carea' id='block_1_2' title="bbox 157 439 1464 3998">
    <p class='ocr_par' dir='ltr' id='par_1_2' title="bbox 158 439 1314 622">
     <span class='ocr_line' id='line_1_2' title="bbox 158 439 1314 517; baseline -0.003 -17"><span class='ocrx_word' id='word_1_9' title='bbox 158 439 252 500; x_wconf 79' lang='lat' dir='ltr'><strong>scrr’de</strong></span> <span class='ocrx_word' id='word_1_10' title='bbox 275 444 365 500; x_wconf 62' lang='lat' dir='ltr'><strong>comen</strong></span> <span class='ocrx_word' id='word_1_11' title='bbox 382 443 457 500; x_wconf 78' lang='lat' dir='ltr'><strong>dune</strong></span> <span class='ocrx_word' id='word_1_12' title='bbox 472 441 631 500; x_wconf 71' lang='lat' dir='ltr'><strong>ubdseutum</strong></span> <span class='ocrx_word' id='word_1_13' title='bbox 653 441 807 512; x_wconf 70' lang='lat' dir='ltr'><strong>tumtum,-</strong></span> <span class='ocrx_word' id='word_1_14' title='bbox 839 440 970 517; x_wconf 82' lang='lat' dir='ltr'><strong>puoniorn</strong></span> <span class='ocrx_word' id='word_1_15' title='bbox 990 457 1046 497; x_wconf 88' lang='lat' dir='ltr'><strong>non</strong></span> <span class='ocrx_word' id='word_1_16' title='bbox 1070 448 1179 497; x_wconf 75' lang='lat' dir='ltr'><strong>crescet</strong></span> <span class='ocrx_word' id='word_1_17' title='bbox 1196 458 1235 497; x_wconf 84' lang='lat' dir='ltr'><strong>ea·</strong></span> <span class='ocrx_word' id='word_1_18' title='bbox 1254 440 1314 498; x_wconf 82' lang='lat' dir='ltr'><strong>erius</strong></span> 
     </span>
     <span class='ocr_line' id='line_1_3' title="bbox 159 541 1139 622; baseline -0.003 -20"><span class='ocrx_word' id='word_1_19' title='bbox 159 545 264 602; x_wconf 79' lang='lat' dir='ltr'><strong>semeiae</strong></span> <span class='ocrx_word' id='word_1_20' title='bbox 281 546 415 622; x_wconf 72' lang='lat' dir='ltr'><strong>princeps</strong></span> <span class='ocrx_word' id='word_1_21' title='bbox 437 543 558 621; x_wconf 82' lang='lat' dir='ltr'><strong>amplius</strong></span> <span class='ocrx_word' id='word_1_22' title='bbox 580 544 609 600; x_wconf 84' lang='lat' dir='ltr'><strong>in</strong></span> <span class='ocrx_word' id='word_1_23' title='bbox 630 543 718 613; x_wconf 85' lang='lat' dir='ltr'><strong>ludu,</strong></span> <span class='ocrx_word' id='word_1_24' title='bbox 742 544 841 601; x_wconf 86' lang='lat' dir='ltr'><strong>sedens</strong></span> <span class='ocrx_word' id='word_1_25' title='bbox 862 543 892 599; x_wconf 83' lang='lat' dir='ltr'><strong>in</strong></span> <span class='ocrx_word' id='word_1_26' title='bbox 915 541 1016 598; x_wconf 80' lang='lat' dir='ltr'><strong>throno</strong></span> <span class='ocrx_word' id='word_1_27' title='bbox 1037 541 1139 599; x_wconf 82' lang='lat' dir='ltr'><strong>Duosil.</strong></span> 
     </span>
    </p>

    <p class='ocr_par' dir='ltr' id='par_1_3' title="bbox 159 637 1464 808">
     <span class='ocr_line' id='line_1_4' title="bbox 244 637 1464 711; baseline -0.001 -5"><span class='ocrx_word' id='word_1_28' title='bbox 244 640 317 707; x_wconf 89' lang='lat' dir='ltr'><strong>Post</strong></span> <span class='ocrx_word' id='word_1_29' title='bbox 334 644 407 706; x_wconf 76' lang='lat' dir='ltr'><strong>llaec</strong></span> <span class='ocrx_word' id='word_1_30' title='bbox 429 664 494 706; x_wconf 87' lang='lat' dir='ltr'><strong>oum</strong></span> <span class='ocrx_word' id='word_1_31' title='bbox 513 663 553 704; x_wconf 82' lang='lat' dir='ltr'><strong>ex</strong></span> <span class='ocrx_word' id='word_1_32' title='bbox 573 641 694 703; x_wconf 78' lang='lat' dir='ltr'><strong>Asteria</strong></span> <span class='ocrx_word' id='word_1_33' title='bbox 709 638 870 705; x_wconf 73' lang='lat' dir='ltr'><strong>Marcellus</strong></span> <span class='ocrx_word' id='word_1_34' title='bbox 895 637 1034 703; x_wconf 92' lang='lat' dir='ltr'><strong>nouuulla</strong></span> <span class='ocrx_word' id='word_1_35' title='bbox 1054 651 1313 704; x_wconf 73' lang='lat' dir='ltr'><strong>commemorasset</strong></span> <span class='ocrx_word' id='word_1_36' title='bbox 1325 641 1386 711; x_wconf 75' lang='lat' dir='ltr'><strong>esp.</strong></span> <span class='ocrx_word' id='word_1_37' title='bbox 1398 640 1464 693; x_wconf 80' lang='lat' dir='ltr'><strong>Vffl·</strong></span> 
     </span>
     <span class='ocr_line' id='line_1_5' title="bbox 159 743 449 808; baseline -0.01 0"><span class='ocrx_word' id='word_1_38' title='bbox 159 743 286 808; x_wconf 88' lang='lat' dir='ltr'><strong>subiecit</strong></span> <span class='ocrx_word' id='word_1_39' title='bbox 307 745 449 808; x_wconf 79' lang='lat' dir='ltr'><strong>Aeacius.</strong></span> 
     </span>
    </p>

    <p class='ocr_par' dir='ltr' id='par_1_4' title="bbox 157 843 1315 2055">
     <span class='ocr_line' id='line_1_6' title="bbox 246 843 1314 930; baseline -0.001 -20"><span class='ocrx_word' id='word_1_40' title='bbox 246 846 299 923; x_wconf 79' lang='lat' dir='ltr'><strong>Mis</strong></span> <span class='ocrx_word' id='word_1_41' title='bbox 317 847 416 930; x_wconf 85' lang='lat' dir='ltr'><strong>itaque</strong></span> <span class='ocrx_word' id='word_1_42' title='bbox 435 843 557 930; x_wconf 89' lang='lat' dir='ltr'><strong>positis,</strong></span> <span class='ocrx_word' id='word_1_43' title='bbox 590 845 707 927; x_wconf 89' lang='lat' dir='ltr'><strong>longius</strong></span> <span class='ocrx_word' id='word_1_44' title='bbox 731 844 835 907; x_wconf 87' lang='lat' dir='ltr'><strong>deinde</strong></span> <span class='ocrx_word' id='word_1_45' title='bbox 853 864 1028 929; x_wconf 86' lang='lat' dir='ltr'><strong>progressus</strong></span> <span class='ocrx_word' id='word_1_46' title='bbox 1044 844 1200 928; x_wconf 79' lang='lat' dir='ltr'><strong>imaginem</strong></span> <span class='ocrx_word' id='word_1_47' title='bbox 1217 845 1314 909; x_wconf 82' lang='lat' dir='ltr'><strong>salsu-</strong></span> 
     </span>
     <span class='ocr_line' id='line_1_7' title="bbox 159 946 1314 1031; baseline -0.001 -20"><span class='ocrx_word' id='word_1_48' title='bbox 159 949 233 1011; x_wconf 88' lang='lat' dir='ltr'><strong>toris</strong></span> <span class='ocrx_word' id='word_1_49' title='bbox 250 960 279 1011; x_wconf 90' lang='lat' dir='ltr'><strong>et</strong></span> <span class='ocrx_word' id='word_1_50' title='bbox 296 948 473 1024; x_wconf 81' lang='lat' dir='ltr'><strong>essentiam,</strong></span> <span class='ocrx_word' id='word_1_51' title='bbox 504 957 534 1009; x_wconf 90' lang='grc' dir='ltr'><strong>ει</strong></span> <span class='ocrx_word' id='word_1_52' title='bbox 557 946 636 1009; x_wconf 90' lang='lat' dir='ltr'><strong>unici</strong></span> <span class='ocrx_word' id='word_1_53' title='bbox 663 946 711 1009; x_wconf 83' lang='lat' dir='ltr'><strong>filii</strong></span> <span class='ocrx_word' id='word_1_54' title='bbox 736 967 774 1010; x_wconf 81' lang='lat' dir='ltr'><strong>ex</strong></span> <span class='ocrx_word' id='word_1_55' title='bbox 797 957 898 1031; x_wconf 88' lang='lat' dir='ltr'><strong>patre,</strong></span> <span class='ocrx_word' id='word_1_56' title='bbox 931 967 985 1009; x_wconf 91' lang='lat' dir='ltr'><strong>nec</strong></span> <span class='ocrx_word' id='word_1_57' title='bbox 1003 967 1060 1009; x_wconf 91' lang='lat' dir='ltr'><strong>ooo</strong></span> <span class='ocrx_word' id='word_1_58' title='bbox 1085 957 1113 1010; x_wconf 91' lang='lat' dir='ltr'><strong>et</strong></span> <span class='ocrx_word' id='word_1_59' title='bbox 1130 947 1314 1031; x_wconf 73' lang='lat' dir='ltr'><strong>primogeniti</strong></span> 
     </span>
     <span class='ocr_line' id='line_1_8' title="bbox 159 1048 1314 1139; baseline -0.001 -26"><span class='ocrx_word' id='word_1_60' title='bbox 159 1050 255 1113; x_wconf 89' lang='lat' dir='ltr'><strong>omnis</strong></span> <span class='ocrx_word' id='word_1_61' title='bbox 273 1061 427 1113; x_wconf 89' lang='lat' dir='ltr'><strong>creaturae</strong></span> <span class='ocrx_word' id='word_1_62' title='bbox 443 1048 638 1112; x_wconf 90' lang='lat' dir='ltr'><strong>conditionem</strong></span> <span class='ocrx_word' id='word_1_63' title='bbox 660 1069 789 1132; x_wconf 86' lang='lat' dir='ltr'><strong>negans,</strong></span> <span class='ocrx_word' id='word_1_64' title='bbox 813 1059 898 1132; x_wconf 84' lang='lat' dir='ltr'><strong>atquo</strong></span> <span class='ocrx_word' id='word_1_65' title='bbox 914 1049 991 1112; x_wconf 89' lang='lat' dir='ltr'><strong>illam</strong></span> <span class='ocrx_word' id='word_1_66' title='bbox 1010 1048 1139 1113; x_wconf 90' lang='lat' dir='ltr'><strong>eiusdem</strong></span> <span class='ocrx_word' id='word_1_67' title='bbox 1160 1049 1314 1139; x_wconf 88' lang='lat' dir='ltr'><strong>singulari-</strong></span> 
     </span>
     <span class='ocr_line' id='line_1_9' title="bbox 160 1150 1315 1236; baseline 0.001 -22"><span class='ocrx_word' id='word_1_68' title='bbox 160 1162 269 1229; x_wconf 88' lang='lat' dir='ltr'><strong>tatem,</strong></span> <span class='ocrx_word' id='word_1_69' title='bbox 295 1172 368 1235; x_wconf 91' lang='lat' dir='ltr'><strong>quae</strong></span> <span class='ocrx_word' id='word_1_70' title='bbox 386 1172 404 1215; x_wconf 86' lang='lat' dir='ltr'><strong>a</strong></span> <span class='ocrx_word' id='word_1_71' title='bbox 422 1151 562 1236; x_wconf 75' lang='lat' dir='ltr'><strong>singulari</strong></span> <span class='ocrx_word' id='word_1_72' title='bbox 581 1150 637 1214; x_wconf 92' lang='lat' dir='ltr'><strong>deo</strong></span> <span class='ocrx_word' id='word_1_73' title='bbox 653 1162 769 1230; x_wconf 88' lang='lat' dir='ltr'><strong>manat,</strong></span> <span class='ocrx_word' id='word_1_74' title='bbox 795 1162 824 1214; x_wconf 90' lang='grc' dir='ltr'><strong>ει</strong></span> <span class='ocrx_word' id='word_1_75' title='bbox 840 1150 1052 1236; x_wconf 72' lang='lat' dir='ltr'><strong>perlectionem</strong></span> <span class='ocrx_word' id='word_1_76' title='bbox 1068 1172 1085 1214; x_wconf 88' lang='lat' dir='ltr'><strong>a</strong></span> <span class='ocrx_word' id='word_1_77' title='bbox 1103 1153 1251 1236; x_wconf 72' lang='lat' dir='ltr'><strong>perlecto,</strong></span> <span class='ocrx_word' id='word_1_78' title='bbox 1284 1162 1315 1215; x_wconf 92' lang='lat' dir='ltr'><strong>et</strong></span> 
     </span>
     <span class='ocr_line' id='line_1_10' title="bbox 161 1253 1314 1338; baseline 0.002 -22"><span class='ocrx_word' id='word_1_79' title='bbox 161 1253 271 1336; x_wconf 84' lang='lat' dir='ltr'><strong>regiam</strong></span> <span class='ocrx_word' id='word_1_80' title='bbox 290 1253 327 1316; x_wconf 89' lang='lat' dir='ltr'><strong>ab</strong></span> <span class='ocrx_word' id='word_1_81' title='bbox 342 1275 413 1338; x_wconf 88' lang='lat' dir='ltr'><strong>rege</strong></span> <span class='ocrx_word' id='word_1_82' title='bbox 429 1263 618 1337; x_wconf 86' lang='lat' dir='ltr'><strong>potestatem,</strong></span> <span class='ocrx_word' id='word_1_83' title='bbox 652 1275 668 1316; x_wconf 92' lang='lat' dir='ltr'><strong>a</strong></span> <span class='ocrx_word' id='word_1_84' title='bbox 687 1253 804 1315; x_wconf 89' lang='lat' dir='ltr'><strong>domiuo</strong></span> <span class='ocrx_word' id='word_1_85' title='bbox 822 1253 1018 1330; x_wconf 89' lang='lat' dir='ltr'><strong>dominatum,</strong></span> <span class='ocrx_word' id='word_1_86' title='bbox 1051 1265 1083 1316; x_wconf 92' lang='lat' dir='ltr'><strong>et</strong></span> <span class='ocrx_word' id='word_1_87' title='bbox 1098 1254 1278 1318; x_wconf 84' lang='lat' dir='ltr'><strong>divinitatem</strong></span> <span class='ocrx_word' id='word_1_88' title='bbox 1297 1278 1314 1319; x_wconf 84' lang='lat' dir='ltr'><strong>a</strong></span> 
     </span>
     <span class='ocr_line' id='line_1_11' title="bbox 161 1353 1314 1440; baseline 0.004 -24"><span class='ocrx_word' id='word_1_89' title='bbox 161 1356 235 1434; x_wconf 91' lang='lat' dir='ltr'><strong>deo,</strong></span> <span class='ocrx_word' id='word_1_90' title='bbox 259 1366 287 1419; x_wconf 91' lang='lat' dir='ltr'><strong>et</strong></span> <span class='ocrx_word' id='word_1_91' title='bbox 303 1357 460 1420; x_wconf 88' lang='lat' dir='ltr'><strong>essentiam</strong></span> <span class='ocrx_word' id='word_1_92' title='bbox 479 1356 603 1439; x_wconf 85' lang='lat' dir='ltr'><strong>denique</strong></span> <span class='ocrx_word' id='word_1_93' title='bbox 620 1376 655 1418; x_wconf 89' lang='lat' dir='ltr'><strong>ae</strong></span> <span class='ocrx_word' id='word_1_94' title='bbox 672 1353 838 1433; x_wconf 87' lang='lat' dir='ltr'><strong>consilium,</strong></span> <span class='ocrx_word' id='word_1_95' title='bbox 862 1354 1016 1433; x_wconf 87' lang='lat' dir='ltr'><strong>virtutem,</strong></span> <span class='ocrx_word' id='word_1_96' title='bbox 1040 1356 1221 1440; x_wconf 83' lang='lat' dir='ltr'><strong>gloriamque</strong></span> <span class='ocrx_word' id='word_1_97' title='bbox 1236 1358 1314 1421; x_wconf 89' lang='lat' dir='ltr'><strong>nullo</strong></span> 
     </span>
     <span class='ocr_line' id='line_1_12' title="bbox 161 1456 1314 1541; baseline 0.003 -22"><span class='ocrx_word' id='word_1_98' title='bbox 161 1459 246 1520; x_wconf 91' lang='lat' dir='ltr'><strong>modo</strong></span> <span class='ocrx_word' id='word_1_99' title='bbox 259 1459 392 1522; x_wconf 84' lang='lat' dir='ltr'><strong>diversae</strong></span> <span class='ocrx_word' id='word_1_100' title='bbox 410 1458 545 1541; x_wconf 81' lang='lat' dir='ltr'><strong>imaginis</strong></span> <span class='ocrx_word' id='word_1_101' title='bbox 563 1457 609 1520; x_wconf 91' lang='lat' dir='ltr'><strong>dei</strong></span> <span class='ocrx_word' id='word_1_102' title='bbox 624 1456 751 1521; x_wconf 74' lang='lat' dir='ltr'><strong>funditus</strong></span> <span class='ocrx_word' id='word_1_103' title='bbox 772 1456 896 1535; x_wconf 89' lang='lat' dir='ltr'><strong>tollens,</strong></span> <span class='ocrx_word' id='word_1_104' title='bbox 921 1477 1015 1541; x_wconf 89' lang='lat' dir='ltr'><strong>oeque</strong></span> <span class='ocrx_word' id='word_1_105' title='bbox 1034 1457 1132 1540; x_wconf 87' lang='lat' dir='ltr'><strong>paucis</strong></span> <span class='ocrx_word' id='word_1_106' title='bbox 1150 1459 1247 1522; x_wconf 87' lang='lat' dir='ltr'><strong>verbis</strong></span> <span class='ocrx_word' id='word_1_107' title='bbox 1265 1481 1314 1523; x_wconf 91' lang='lat' dir='ltr'><strong>co·</strong></span> 
     </span>
     <span class='ocr_line' id='line_1_13' title="bbox 159 1558 1312 1643; baseline 0.003 -22"><span class='ocrx_word' id='word_1_108' title='bbox 159 1580 221 1621; x_wconf 86' lang='lat' dir='ltr'><strong>ram</strong></span> <span class='ocrx_word' id='word_1_109' title='bbox 245 1560 410 1625; x_wconf 86' lang='lat' dir='ltr'><strong>homiuibus</strong></span> <span class='ocrx_word' id='word_1_110' title='bbox 437 1561 590 1638; x_wconf 78' lang='lat' dir='ltr'><strong>inliciens,</strong></span> <span class='ocrx_word' id='word_1_111' title='bbox 628 1560 759 1643; x_wconf 89' lang='lat' dir='ltr'><strong>adeoque</strong></span> <span class='ocrx_word' id='word_1_112' title='bbox 788 1579 887 1621; x_wconf 90' lang='lat' dir='ltr'><strong>coram</strong></span> <span class='ocrx_word' id='word_1_113' title='bbox 915 1569 997 1643; x_wconf 89' lang='lat' dir='ltr'><strong>patre</strong></span> <span class='ocrx_word' id='word_1_114' title='bbox 1023 1558 1102 1624; x_wconf 92' lang='lat' dir='ltr'><strong>illius</strong></span> <span class='ocrx_word' id='word_1_115' title='bbox 1127 1559 1312 1641; x_wconf 85' lang='lat' dir='ltr'><strong>inficiandus,</strong></span> 
     </span>
     <span class='ocr_line' id='line_1_14' title="bbox 158 1659 1313 1748; baseline 0.004 -25"><span class='ocrx_word' id='word_1_116' title='bbox 158 1661 230 1724; x_wconf 81' lang='lat' dir='ltr'><strong>luaeo</strong></span> <span class='ocrx_word' id='word_1_117' title='bbox 251 1675 352 1747; x_wconf 89' lang='lat' dir='ltr'><strong>aperte</strong></span> <span class='ocrx_word' id='word_1_118' title='bbox 374 1662 538 1747; x_wconf 76' lang='lat' dir='ltr'><strong>scripsisti:</strong></span> <span class='ocrx_word' id='word_1_119' title='bbox 573 1659 725 1725; x_wconf 75' lang='lat' dir='ltr'><strong>Eiusmodi</strong></span> <span class='ocrx_word' id='word_1_120' title='bbox 746 1660 835 1723; x_wconf 85' lang='lat' dir='ltr'><strong>verba</strong></span> <span class='ocrx_word' id='word_1_121' title='bbox 861 1681 979 1746; x_wconf 84' lang='lat' dir='ltr'><strong>prauam</strong></span> <span class='ocrx_word' id='word_1_122' title='bbox 998 1661 1090 1747; x_wconf 91' lang='lat' dir='ltr'><strong>ipsius</strong></span> <span class='ocrx_word' id='word_1_123' title='bbox 1116 1665 1152 1727; x_wconf 93' lang='lat' dir='ltr'><strong>de</strong></span> <span class='ocrx_word' id='word_1_124' title='bbox 1169 1665 1261 1748; x_wconf 88' lang='lat' dir='ltr'><strong>patris</strong></span> <span class='ocrx_word' id='word_1_125' title='bbox 1278 1686 1313 1728; x_wconf 90' lang='lat' dir='ltr'><strong>ac</strong></span> 
     </span>
     <span class='ocr_line' id='line_1_15' title="bbox 157 1762 1314 1850; baseline 0.003 -23"><span class='ocrx_word' id='word_1_126' title='bbox 157 1765 206 1828; x_wconf 84' lang='lat' dir='ltr'><strong>lilii</strong></span> <span class='ocrx_word' id='word_1_127' title='bbox 227 1765 378 1837; x_wconf 77' lang='lat' dir='ltr'><strong>diuinitate</strong></span> <span class='ocrx_word' id='word_1_128' title='bbox 394 1764 570 1829; x_wconf 90' lang='lat' dir='ltr'><strong>sententiam</strong></span> <span class='ocrx_word' id='word_1_129' title='bbox 589 1774 689 1848; x_wconf 88' lang='lat' dir='ltr'><strong>aperte</strong></span> <span class='ocrx_word' id='word_1_130' title='bbox 708 1766 920 1826; x_wconf 89' lang='lat' dir='ltr'><strong>demonstrant.</strong></span> <span class='ocrx_word' id='word_1_131' title='bbox 967 1762 1078 1828; x_wconf 89' lang='lat' dir='ltr'><strong>Verum</strong></span> <span class='ocrx_word' id='word_1_132' title='bbox 1099 1776 1128 1828; x_wconf 89' lang='lat' dir='ltr'><strong>tu</strong></span> <span class='ocrx_word' id='word_1_133' title='bbox 1142 1765 1200 1828; x_wconf 90' lang='lat' dir='ltr'><strong>illis</strong></span> <span class='ocrx_word' id='word_1_134' title='bbox 1218 1767 1314 1850; x_wconf 92' lang='lat' dir='ltr'><strong>potius</strong></span> 
     </span>
     <span class='ocr_line' id='line_1_16' title="bbox 157 1863 1313 1953; baseline 0.003 -23"><span class='ocrx_word' id='word_1_135' title='bbox 157 1868 302 1950; x_wconf 85' lang='lat' dir='ltr'><strong>negandis</strong></span> <span class='ocrx_word' id='word_1_136' title='bbox 320 1888 488 1953; x_wconf 88' lang='lat' dir='ltr'><strong>perversam</strong></span> <span class='ocrx_word' id='word_1_137' title='bbox 508 1869 752 1952; x_wconf 87' lang='lat' dir='ltr'><strong>depravatamque</strong></span> <span class='ocrx_word' id='word_1_138' title='bbox 769 1874 848 1927; x_wconf 90' lang='lat' dir='ltr'><strong>tuam</strong></span> <span class='ocrx_word' id='word_1_139' title='bbox 867 1866 903 1927; x_wconf 95' lang='lat' dir='ltr'><strong>de</strong></span> <span class='ocrx_word' id='word_1_140' title='bbox 922 1863 1033 1930; x_wconf 84' lang='lat' dir='ltr'><strong>Christi</strong></span> <span class='ocrx_word' id='word_1_141' title='bbox 1052 1866 1202 1932; x_wconf 88' lang='lat' dir='ltr'><strong>divinitate</strong></span> <span class='ocrx_word' id='word_1_142' title='bbox 1217 1881 1248 1933; x_wconf 91' lang='grc' dir='ltr'><strong>ει</strong></span> <span class='ocrx_word' id='word_1_143' title='bbox 1266 1889 1313 1934; x_wconf 89' lang='lat' dir='ltr'><strong>es·</strong></span> 
     </span>
     <span class='ocr_line' id='line_1_17' title="bbox 159 1967 1219 2055; baseline 0.003 -24"><span class='ocrx_word' id='word_1_144' title='bbox 159 1970 256 2032; x_wconf 87' lang='lat' dir='ltr'><strong>sentia</strong></span> <span class='ocrx_word' id='word_1_145' title='bbox 280 1968 445 2053; x_wconf 87' lang='lat' dir='ltr'><strong>opinionem</strong></span> <span class='ocrx_word' id='word_1_146' title='bbox 469 1979 567 2032; x_wconf 87' lang='lat' dir='ltr'><strong>rectae</strong></span> <span class='ocrx_word' id='word_1_147' title='bbox 589 1968 655 2032; x_wconf 89' lang='lat' dir='ltr'><strong>lidei</strong></span> <span class='ocrx_word' id='word_1_148' title='bbox 678 1967 855 2031; x_wconf 88' lang='lat' dir='ltr'><strong>contrariam</strong></span> <span class='ocrx_word' id='word_1_149' title='bbox 878 1968 1030 2055; x_wconf 87' lang='lat' dir='ltr'><strong>perspicue</strong></span> <span class='ocrx_word' id='word_1_150' title='bbox 1056 1970 1219 2054; x_wconf 85' lang='lat' dir='ltr'><strong>prodidisti.</strong></span> 
     </span>
    </p>

    <p class='ocr_par' dir='ltr' id='par_1_5' title="bbox 242 2067 1448 2157">
     <span class='ocr_line' id='line_1_18' title="bbox 242 2067 1448 2157; baseline 0.003 -24"><span class='ocrx_word' id='word_1_151' title='bbox 242 2067 315 2133; x_wconf 87' lang='lat' dir='ltr'><strong>Post</strong></span> <span class='ocrx_word' id='word_1_152' title='bbox 336 2071 408 2133; x_wconf 89' lang='lat' dir='ltr'><strong>haec</strong></span> <span class='ocrx_word' id='word_1_153' title='bbox 429 2067 564 2134; x_wconf 87' lang='lat' dir='ltr'><strong>Marcelli</strong></span> <span class='ocrx_word' id='word_1_154' title='bbox 588 2070 678 2134; x_wconf 86' lang='lat' dir='ltr'><strong>verba</strong></span> <span class='ocrx_word' id='word_1_155' title='bbox 700 2069 829 2134; x_wconf 89' lang='lat' dir='ltr'><strong>subiicit.</strong></span> <span class='ocrx_word' id='word_1_156' title='bbox 1324 2083 1383 2157; x_wconf 79' lang='lat' dir='ltr'><strong>cap.</strong></span> <span class='ocrx_word' id='word_1_157' title='bbox 1401 2086 1448 2138; x_wconf 66' lang='lat' dir='ltr'><strong>lx</strong></span> 
     </span>
    </p>

    <p class='ocr_par' dir='ltr' id='par_1_6' title="bbox 157 2169 1384 3998">
     <span class='ocr_line' id='line_1_19' title="bbox 243 2169 1313 2262; baseline 0.007 -28"><span class='ocrx_word' id='word_1_158' title='bbox 243 2173 344 2256; x_wconf 84' lang='lat' dir='ltr'><strong>inepta</strong></span> <span class='ocrx_word' id='word_1_159' title='bbox 361 2171 481 2254; x_wconf 90' lang='lat' dir='ltr'><strong>proinde</strong></span> <span class='ocrx_word' id='word_1_160' title='bbox 497 2182 566 2235; x_wconf 89' lang='lat' dir='ltr'><strong>sunt</strong></span> <span class='ocrx_word' id='word_1_161' title='bbox 585 2192 659 2257; x_wconf 90' lang='lat' dir='ltr'><strong>quae</strong></span> <span class='ocrx_word' id='word_1_162' title='bbox 674 2169 835 2236; x_wconf 84' lang='lat' dir='ltr'><strong>Marcellus</strong></span> <span class='ocrx_word' id='word_1_163' title='bbox 849 2170 973 2236; x_wconf 76' lang='lat' dir='ltr'><strong>adiecite</strong></span> <span class='ocrx_word' id='word_1_164' title='bbox 997 2170 1080 2237; x_wconf 87' lang='lat' dir='ltr'><strong>Nihil</strong></span> <span class='ocrx_word' id='word_1_165' title='bbox 1095 2196 1214 2257; x_wconf 89' lang='lat' dir='ltr'><strong>eorum,</strong></span> <span class='ocrx_word' id='word_1_166' title='bbox 1238 2199 1313 2262; x_wconf 85' lang='lat' dir='ltr'><strong>quae</strong></span> 
     </span>
     <span class='ocr_line' id='line_1_20' title="bbox 159 2273 1313 2353; baseline 0.005 -15"><span class='ocrx_word' id='word_1_167' title='bbox 159 2282 245 2338; x_wconf 89' lang='lat' dir='ltr'><strong>antea</strong></span> <span class='ocrx_word' id='word_1_168' title='bbox 263 2284 563 2352; x_wconf 80' lang='lat' dir='ltr'><strong>commemoraverat,</strong></span> <span class='ocrx_word' id='word_1_169' title='bbox 587 2293 654 2338; x_wconf 89' lang='lat' dir='ltr'><strong>esse</strong></span> <span class='ocrx_word' id='word_1_170' title='bbox 672 2276 790 2353; x_wconf 70' lang='lat' dir='ltr'><strong>statuit,</strong></span> <span class='ocrx_word' id='word_1_171' title='bbox 814 2285 844 2338; x_wconf 92' lang='lat' dir='ltr'><strong>tu</strong></span> <span class='ocrx_word' id='word_1_172' title='bbox 865 2273 942 2337; x_wconf 89' lang='lat' dir='ltr'><strong>euim</strong></span> <span class='ocrx_word' id='word_1_173' title='bbox 960 2275 1083 2339; x_wconf 89' lang='lat' dir='ltr'><strong>istorum</strong></span> <span class='ocrx_word' id='word_1_174' title='bbox 1101 2279 1229 2342; x_wconf 88' lang='lat' dir='ltr'><strong>omnium</strong></span> <span class='ocrx_word' id='word_1_175' title='bbox 1246 2301 1313 2344; x_wconf 89' lang='lat' dir='ltr'><strong>esse</strong></span> 
     </span>
     <span class='ocr_line' id='line_1_21' title="bbox 160 2373 1384 2467; baseline 0.005 -27"><span class='ocrx_word' id='word_1_176' title='bbox 160 2398 266 2441; x_wconf 88' lang='lat' dir='ltr'><strong>censes</strong></span> <span class='ocrx_word' id='word_1_177' title='bbox 291 2377 460 2459; x_wconf 81' lang='lat' dir='ltr'><strong>imaginem.</strong></span> <span class='ocrx_word' id='word_1_178' title='bbox 506 2373 591 2441; x_wconf 88' lang='lat' dir='ltr'><strong>Unde</strong></span> <span class='ocrx_word' id='word_1_179' title='bbox 606 2376 631 2438; x_wconf 92' lang='lat' dir='ltr'><strong>si</strong></span> <span class='ocrx_word' id='word_1_180' title='bbox 647 2375 795 2440; x_wconf 89' lang='lat' dir='ltr'><strong>esseutiae</strong></span> <span class='ocrx_word' id='word_1_181' title='bbox 813 2376 911 2462; x_wconf 88' lang='lat' dir='ltr'><strong>imago</strong></span> <span class='ocrx_word' id='word_1_182' title='bbox 927 2387 1002 2464; x_wconf 81' lang='lat' dir='ltr'><strong>est,</strong></span> <span class='ocrx_word' id='word_1_183' title='bbox 1022 2378 1084 2463; x_wconf 85' lang='lat' dir='ltr'><strong>ipsa</strong></span> <span class='ocrx_word' id='word_1_184' title='bbox 1104 2400 1171 2444; x_wconf 91' lang='lat' dir='ltr'><strong>esse</strong></span> <span class='ocrx_word' id='word_1_185' title='bbox 1188 2403 1246 2445; x_wconf 91' lang='lat' dir='ltr'><strong>nou</strong></span> <span class='ocrx_word' id='word_1_186' title='bbox 1263 2404 1314 2467; x_wconf 86' lang='lat' dir='ltr'><strong>po·</strong></span> <span class='ocrx_word' id='word_1_187' title='bbox 1383 2429 1384 2432; x_wconf 63' lang='lat'><strong>,</strong></span> 
     </span>
     <span class='ocr_line' id='line_1_22' title="bbox 160 2477 1313 2565; baseline 0.005 -22"><span class='ocrx_word' id='word_1_188' title='bbox 160 2490 218 2543; x_wconf 90' lang='lat' dir='ltr'><strong>test</strong></span> <span class='ocrx_word' id='word_1_189' title='bbox 242 2479 384 2542; x_wconf 87' lang='lat' dir='ltr'><strong>essentia.</strong></span> <span class='ocrx_word' id='word_1_190' title='bbox 431 2477 472 2540; x_wconf 90' lang='lat' dir='ltr'><strong>Et</strong></span> <span class='ocrx_word' id='word_1_191' title='bbox 494 2479 519 2542; x_wconf 93' lang='lat' dir='ltr'><strong>si</strong></span> <span class='ocrx_word' id='word_1_192' title='bbox 539 2477 651 2541; x_wconf 90' lang='lat' dir='ltr'><strong>consilii</strong></span> <span class='ocrx_word' id='word_1_193' title='bbox 675 2478 772 2563; x_wconf 85' lang='lat' dir='ltr'><strong>imago</strong></span> <span class='ocrx_word' id='word_1_194' title='bbox 798 2479 855 2557; x_wconf 89' lang='lat' dir='ltr'><strong>sit,</strong></span> <span class='ocrx_word' id='word_1_195' title='bbox 887 2479 1040 2543; x_wconf 81' lang='lat' dir='ltr'><strong>cormilium</strong></span> <span class='ocrx_word' id='word_1_196' title='bbox 1063 2479 1158 2565; x_wconf 92' lang='lat' dir='ltr'><strong>ipsum</strong></span> <span class='ocrx_word' id='word_1_197' title='bbox 1177 2503 1245 2547; x_wconf 88' lang='grc' dir='ltr'>εεεε</span> <span class='ocrx_word' id='word_1_198' title='bbox 1261 2506 1313 2548; x_wconf 90' lang='lat' dir='ltr'><strong>ne·</strong></span> 
     </span>
     <span class='ocr_line' id='line_1_23' title="bbox 159 2579 1312 2668; baseline 0.005 -26"><span class='ocrx_word' id='word_1_199' title='bbox 159 2582 237 2665; x_wconf 71' lang='lat' dir='ltr'><strong>quit,</strong></span> <span class='ocrx_word' id='word_1_200' title='bbox 261 2602 356 2664; x_wconf 90' lang='lat' dir='ltr'><strong>aeque</strong></span> <span class='ocrx_word' id='word_1_201' title='bbox 374 2580 486 2660; x_wconf 87' lang='lat' dir='ltr'><strong>virtus,</strong></span> <span class='ocrx_word' id='word_1_202' title='bbox 507 2579 536 2644; x_wconf 87' lang='lat' dir='ltr'><strong>si</strong></span> <span class='ocrx_word' id='word_1_203' title='bbox 552 2580 688 2660; x_wconf 83' lang='lat' dir='ltr'><strong>virtutis;</strong></span> <span class='ocrx_word' id='word_1_204' title='bbox 711 2600 805 2664; x_wconf 90' lang='lat' dir='ltr'><strong>neque</strong></span> <span class='ocrx_word' id='word_1_205' title='bbox 821 2580 934 2665; x_wconf 89' lang='lat' dir='ltr'><strong>gloria,</strong></span> <span class='ocrx_word' id='word_1_206' title='bbox 966 2582 990 2645; x_wconf 90' lang='lat' dir='ltr'><strong>si</strong></span> <span class='ocrx_word' id='word_1_207' title='bbox 1006 2584 1120 2665; x_wconf 86' lang='lat' dir='ltr'><strong>quidem</strong></span> <span class='ocrx_word' id='word_1_208' title='bbox 1138 2584 1234 2668; x_wconf 84' lang='lat' dir='ltr'><strong>imago</strong></span> <span class='ocrx_word' id='word_1_209' title='bbox 1250 2587 1312 2668; x_wconf 86' lang='lat' dir='ltr'><strong>glo·</strong></span> 
     </span>
     <span class='ocr_line' id='line_1_24' title="bbox 159 2680 1313 2773; baseline 0.005 -28"><span class='ocrx_word' id='word_1_210' title='bbox 159 2681 222 2747; x_wconf 86' lang='lat' dir='ltr'><strong>riae</strong></span> <span class='ocrx_word' id='word_1_211' title='bbox 242 2693 299 2746; x_wconf 88' lang='grc' dir='ltr'>εει.</span> <span class='ocrx_word' id='word_1_212' title='bbox 344 2680 421 2745; x_wconf 89' lang='lat' dir='ltr'><strong>Nam</strong></span> <span class='ocrx_word' id='word_1_213' title='bbox 442 2683 538 2767; x_wconf 90' lang='lat' dir='ltr'><strong>imago</strong></span> <span class='ocrx_word' id='word_1_214' title='bbox 562 2704 620 2746; x_wconf 92' lang='lat' dir='ltr'><strong>uon</strong></span> <span class='ocrx_word' id='word_1_215' title='bbox 645 2682 817 2766; x_wconf 87' lang='lat' dir='ltr'><strong>suiipsius,</strong></span> <span class='ocrx_word' id='word_1_216' title='bbox 850 2685 901 2748; x_wconf 89' lang='lat' dir='ltr'><strong>sed</strong></span> <span class='ocrx_word' id='word_1_217' title='bbox 928 2685 1049 2749; x_wconf 89' lang='lat' dir='ltr'><strong>alterius</strong></span> <span class='ocrx_word' id='word_1_218' title='bbox 1072 2685 1194 2749; x_wconf 88' lang='lat' dir='ltr'><strong>alicuius</strong></span> <span class='ocrx_word' id='word_1_219' title='bbox 1216 2687 1313 2773; x_wconf 87' lang='lat' dir='ltr'><strong>imago</strong></span> 
     </span>
     <span class='ocr_line' id='line_1_25' title="bbox 162 2781 1312 2865; baseline 0.004 -18"><span class='ocrx_word' id='word_1_220' title='bbox 162 2795 218 2847; x_wconf 87' lang='lat' dir='ltr'><strong>est.</strong></span> <span class='ocrx_word' id='word_1_221' title='bbox 266 2781 326 2847; x_wconf 92' lang='lat' dir='ltr'><strong>Sed</strong></span> <span class='ocrx_word' id='word_1_222' title='bbox 352 2784 424 2847; x_wconf 87' lang='lat' dir='ltr'><strong>haec</strong></span> <span class='ocrx_word' id='word_1_223' title='bbox 448 2784 578 2865; x_wconf 89' lang='lat' dir='ltr'><strong>insulsa,</strong></span> <span class='ocrx_word' id='word_1_224' title='bbox 610 2782 770 2863; x_wconf 87' lang='lat' dir='ltr'><strong>Marcelle,</strong></span> <span class='ocrx_word' id='word_1_225' title='bbox 801 2797 871 2849; x_wconf 91' lang='lat' dir='ltr'><strong>sunt</strong></span> <span class='ocrx_word' id='word_1_226' title='bbox 894 2808 928 2850; x_wconf 90' lang='lat' dir='ltr'><strong>ac</strong></span> <span class='ocrx_word' id='word_1_227' title='bbox 952 2788 1034 2851; x_wconf 86' lang='lat' dir='ltr'><strong>lalsn.</strong></span> <span class='ocrx_word' id='word_1_228' title='bbox 1079 2787 1218 2852; x_wconf 84' lang='lat' dir='ltr'><strong>Asterius</strong></span> <span class='ocrx_word' id='word_1_229' title='bbox 1235 2789 1312 2852; x_wconf 84' lang='lat' dir='ltr'><strong>enias</strong></span> 
     </span>
     <span class='ocr_line' id='line_1_26' title="bbox 160 2885 1310 2970; baseline 0.007 -23"><span class='ocrx_word' id='word_1_230' title='bbox 160 2885 255 2949; x_wconf 77' lang='lat' dir='ltr'><strong>oannis</strong></span> <span class='ocrx_word' id='word_1_231' title='bbox 283 2886 354 2949; x_wconf 85' lang='lat' dir='ltr'><strong>haec</strong></span> <span class='ocrx_word' id='word_1_232' title='bbox 381 2886 462 2950; x_wconf 89' lang='lat' dir='ltr'><strong>illum</strong></span> <span class='ocrx_word' id='word_1_233' title='bbox 487 2908 554 2952; x_wconf 87' lang='lat' dir='ltr'><strong>esso</strong></span> <span class='ocrx_word' id='word_1_234' title='bbox 577 2887 686 2950; x_wconf 86' lang='lat' dir='ltr'><strong>iudicat</strong></span> <span class='ocrx_word' id='word_1_235' title='bbox 712 2907 786 2970; x_wconf 89' lang='lat' dir='ltr'><strong>quae</strong></span> <span class='ocrx_word' id='word_1_236' title='bbox 812 2899 899 2953; x_wconf 89' lang='lat' dir='ltr'><strong>antea</strong></span> <span class='ocrx_word' id='word_1_237' title='bbox 916 2889 1099 2968; x_wconf 87' lang='lat' dir='ltr'><strong>numeravit,</strong></span> <span class='ocrx_word' id='word_1_238' title='bbox 1132 2912 1197 2954; x_wconf 93' lang='lat' dir='ltr'><strong>cnm</strong></span> <span class='ocrx_word' id='word_1_239' title='bbox 1219 2890 1310 2956; x_wconf 81' lang='lat' dir='ltr'><strong>dixit:</strong></span> 
     </span>
     <span class='ocr_line' id='line_1_27' title="bbox 159 2985 1312 3075; baseline 0.005 -25"><span class='ocrx_word' id='word_1_240' title='bbox 159 2985 364 3071; x_wconf 82' lang='lat' dir='ltr'><strong>Rexregem,</strong></span> <span class='ocrx_word' id='word_1_241' title='bbox 398 2990 532 3053; x_wconf 89' lang='lat' dir='ltr'><strong>dominns</strong></span> <span class='ocrx_word' id='word_1_242' title='bbox 555 2990 719 3068; x_wconf 90' lang='lat' dir='ltr'><strong>domiuum,</strong></span> <span class='ocrx_word' id='word_1_243' title='bbox 751 2991 823 3053; x_wconf 90' lang='lat' dir='ltr'><strong>deus</strong></span> <span class='ocrx_word' id='word_1_244' title='bbox 844 2992 941 3056; x_wconf 87' lang='lat' dir='ltr'><strong>deum.</strong></span> <span class='ocrx_word' id='word_1_245' title='bbox 988 2989 1103 3075; x_wconf 83' lang='lat' dir='ltr'><strong>Quibus</strong></span> <span class='ocrx_word' id='word_1_246' title='bbox 1119 2993 1219 3056; x_wconf 84' lang='lat' dir='ltr'><strong>verbis</strong></span> <span class='ocrx_word' id='word_1_247' title='bbox 1235 3003 1312 3057; x_wconf 87' lang='lat' dir='ltr'><strong>tuam</strong></span> 
     </span>
     <span class='ocr_line' id='line_1_28' title="bbox 158 3089 1312 3176; baseline 0.007 -24"><span class='ocrx_word' id='word_1_248' title='bbox 158 3089 236 3153; x_wconf 86' lang='lat' dir='ltr'><strong>illem</strong></span> <span class='ocrx_word' id='word_1_249' title='bbox 262 3089 418 3152; x_wconf 89' lang='lat' dir='ltr'><strong>inanimam</strong></span> <span class='ocrx_word' id='word_1_250' title='bbox 443 3090 583 3176; x_wconf 88' lang='lat' dir='ltr'><strong>effigiem,</strong></span> <span class='ocrx_word' id='word_1_251' title='bbox 615 3113 650 3155; x_wconf 87' lang='lat' dir='ltr'><strong>ac</strong></span> <span class='ocrx_word' id='word_1_252' title='bbox 675 3093 758 3174; x_wconf 90' lang='lat' dir='ltr'><strong>solo,</strong></span> <span class='ocrx_word' id='word_1_253' title='bbox 791 3105 822 3157; x_wconf 90' lang='lat' dir='ltr'><strong>ut</strong></span> <span class='ocrx_word' id='word_1_254' title='bbox 846 3091 1010 3174; x_wconf 82' lang='lat' dir='ltr'><strong>arbitraris,</strong></span> <span class='ocrx_word' id='word_1_255' title='bbox 1043 3094 1167 3158; x_wconf 86' lang='lat' dir='ltr'><strong>hominis</strong></span> <span class='ocrx_word' id='word_1_256' title='bbox 1189 3095 1312 3161; x_wconf 83' lang='lat' dir='ltr'><strong>artificio</strong></span> 
     </span>
     <span class='ocr_line' id='line_1_29' title="bbox 158 3190 1312 3281; baseline 0.008 -27"><span class='ocrx_word' id='word_1_257' title='bbox 158 3190 345 3255; x_wconf 89' lang='lat' dir='ltr'><strong>constitutam</strong></span> <span class='ocrx_word' id='word_1_258' title='bbox 367 3192 495 3256; x_wconf 91' lang='lat' dir='ltr'><strong>lunditus</strong></span> <span class='ocrx_word' id='word_1_259' title='bbox 512 3194 631 3258; x_wconf 86' lang='lat' dir='ltr'><strong>evertit.</strong></span> <span class='ocrx_word' id='word_1_260' title='bbox 664 3193 779 3281; x_wconf 81' lang='lat' dir='ltr'><strong>Quippe</strong></span> <span class='ocrx_word' id='word_1_261' title='bbox 795 3196 907 3259; x_wconf 89' lang='lat' dir='ltr'><strong>illorum</strong></span> <span class='ocrx_word' id='word_1_262' title='bbox 925 3196 1052 3259; x_wconf 90' lang='lat' dir='ltr'><strong>omnium</strong></span> <span class='ocrx_word' id='word_1_263' title='bbox 1069 3198 1166 3262; x_wconf 82' lang='lat' dir='ltr'><strong>vivam</strong></span> <span class='ocrx_word' id='word_1_264' title='bbox 1182 3219 1248 3263; x_wconf 88' lang='lat' dir='ltr'><strong>esse</strong></span> <span class='ocrx_word' id='word_1_265' title='bbox 1261 3198 1312 3263; x_wconf 91' lang='lat' dir='ltr'><strong>do·</strong></span> 
     </span>
     <span class='ocr_line' id='line_1_30' title="bbox 157 3293 1310 3383; baseline 0.008 -25"><span class='ocrx_word' id='word_1_266' title='bbox 157 3305 205 3358; x_wconf 90' lang='lat' dir='ltr'><strong>oet</strong></span> <span class='ocrx_word' id='word_1_267' title='bbox 218 3293 387 3377; x_wconf 84' lang='lat' dir='ltr'><strong>imaginem.</strong></span> <span class='ocrx_word' id='word_1_268' title='bbox 433 3293 500 3358; x_wconf 86' lang='lat' dir='ltr'><strong>Hoc</strong></span> <span class='ocrx_word' id='word_1_269' title='bbox 515 3307 562 3359; x_wconf 90' lang='grc' dir='ltr'><strong>εει</strong></span> <span class='ocrx_word' id='word_1_270' title='bbox 581 3297 678 3361; x_wconf 81' lang='lat' dir='ltr'><strong>vinam</strong></span> <span class='ocrx_word' id='word_1_271' title='bbox 698 3299 758 3362; x_wconf 90' lang='lat' dir='ltr'><strong>vivi</strong></span> <span class='ocrx_word' id='word_1_272' title='bbox 779 3297 924 3382; x_wconf 88' lang='lat' dir='ltr'><strong>genitoris</strong></span> <span class='ocrx_word' id='word_1_273' title='bbox 940 3298 1081 3383; x_wconf 87' lang='lat' dir='ltr'><strong>effigiem,</strong></span> <span class='ocrx_word' id='word_1_274' title='bbox 1115 3311 1146 3364; x_wconf 89' lang='lat' dir='ltr'><strong>et</strong></span> <span class='ocrx_word' id='word_1_275' title='bbox 1160 3302 1310 3367; x_wconf 88' lang='lat' dir='ltr'><strong>esseutiae</strong></span> 
     </span>
     <span class='ocr_line' id='line_1_31' title="bbox 157 3397 1309 3489; baseline 0.006 -30"><span class='ocrx_word' id='word_1_276' title='bbox 157 3398 327 3477; x_wconf 88' lang='lat' dir='ltr'><strong>essentiam,</strong></span> <span class='ocrx_word' id='word_1_277' title='bbox 347 3408 375 3461; x_wconf 91' lang='grc' dir='ltr'><strong>ει</strong></span> <span class='ocrx_word' id='word_1_278' title='bbox 393 3397 506 3461; x_wconf 91' lang='lat' dir='ltr'><strong>consilii</strong></span> <span class='ocrx_word' id='word_1_279' title='bbox 522 3398 689 3479; x_wconf 91' lang='lat' dir='ltr'><strong>consilium,</strong></span> <span class='ocrx_word' id='word_1_280' title='bbox 706 3400 823 3465; x_wconf 88' lang='lat' dir='ltr'><strong>virtutis</strong></span> <span class='ocrx_word' id='word_1_281' title='bbox 835 3401 985 3479; x_wconf 85' lang='lat' dir='ltr'><strong>virtutem,</strong></span> <span class='ocrx_word' id='word_1_282' title='bbox 1005 3413 1035 3465; x_wconf 91' lang='grc' dir='ltr'><strong>ει</strong></span> <span class='ocrx_word' id='word_1_283' title='bbox 1043 3403 1155 3487; x_wconf 86' lang='lat' dir='ltr'><strong>gloriae</strong></span> <span class='ocrx_word' id='word_1_284' title='bbox 1167 3404 1309 3489; x_wconf 75' lang='lat' dir='ltr'><strong>gloriam3</strong></span> 
     </span>
     <span class='ocr_line' id='line_1_32' title="bbox 159 3499 1312 3588; baseline 0.009 -29"><span class='ocrx_word' id='word_1_285' title='bbox 159 3517 252 3582; x_wconf 90' lang='lat' dir='ltr'><strong>neque</strong></span> <span class='ocrx_word' id='word_1_286' title='bbox 269 3520 357 3584; x_wconf 91' lang='lat' dir='ltr'><strong>porro</strong></span> <span class='ocrx_word' id='word_1_287' title='bbox 374 3499 542 3585; x_wconf 77' lang='lat' dir='ltr'><strong>suiipsius,</strong></span> <span class='ocrx_word' id='word_1_288' title='bbox 566 3502 617 3564; x_wconf 89' lang='lat' dir='ltr'><strong>sed</strong></span> <span class='ocrx_word' id='word_1_289' title='bbox 634 3502 755 3568; x_wconf 88' lang='lat' dir='ltr'><strong>alterius</strong></span> <span class='ocrx_word' id='word_1_290' title='bbox 770 3505 927 3588; x_wconf 87' lang='lat' dir='ltr'><strong>imaginem</strong></span> <span class='ocrx_word' id='word_1_291' title='bbox 942 3525 1009 3568; x_wconf 90' lang='lat' dir='ltr'><strong>esse</strong></span> <span class='ocrx_word' id='word_1_292' title='bbox 1024 3504 1215 3570; x_wconf 88' lang='lat' dir='ltr'><strong>demonstrat.</strong></span> <span class='ocrx_word' id='word_1_293' title='bbox 1262 3503 1312 3569; x_wconf 84' lang='lat' dir='ltr'><strong>Tu</strong></span> 
     </span>
     <span class='ocr_line' id='line_1_33' title="bbox 159 3601 1309 3691; baseline 0.01 -33"><span class='ocrx_word' id='word_1_294' title='bbox 159 3617 230 3659; x_wconf 88' lang='lat' dir='ltr'><strong>vero</strong></span> <span class='ocrx_word' id='word_1_295' title='bbox 255 3620 320 3662; x_wconf 90' lang='lat' dir='ltr'><strong>cum</strong></span> <span class='ocrx_word' id='word_1_296' title='bbox 347 3601 431 3664; x_wconf 90' lang='lat' dir='ltr'><strong>deum</strong></span> <span class='ocrx_word' id='word_1_297' title='bbox 459 3622 498 3665; x_wconf 83' lang='lat' dir='ltr'><strong>ex</strong></span> <span class='ocrx_word' id='word_1_298' title='bbox 520 3603 575 3666; x_wconf 92' lang='lat' dir='ltr'><strong>deo</strong></span> <span class='ocrx_word' id='word_1_299' title='bbox 593 3603 682 3668; x_wconf 84' lang='lat' dir='ltr'><strong>filium</strong></span> <span class='ocrx_word' id='word_1_300' title='bbox 701 3626 768 3671; x_wconf 87' lang='lat' dir='ltr'><strong>esse</strong></span> <span class='ocrx_word' id='word_1_301' title='bbox 785 3606 879 3686; x_wconf 91' lang='lat' dir='ltr'><strong>nolis,</strong></span> <span class='ocrx_word' id='word_1_302' title='bbox 911 3601 1006 3691; x_wconf 86' lang='lat' dir='ltr'><strong>neque</strong></span> <span class='ocrx_word' id='word_1_303' title='bbox 1023 3607 1119 3670; x_wconf 89' lang='lat' dir='ltr'><strong>lumen</strong></span> <span class='ocrx_word' id='word_1_304' title='bbox 1136 3608 1171 3669; x_wconf 94' lang='lat' dir='ltr'><strong>de</strong></span> <span class='ocrx_word' id='word_1_305' title='bbox 1190 3605 1309 3686; x_wconf 87' lang='lat' dir='ltr'><strong>lumine,</strong></span> 
     </span>
     <span class='ocr_line' id='line_1_34' title="bbox 159 3699 1312 3793; baseline 0.01 -33"><span class='ocrx_word' id='word_1_306' title='bbox 159 3718 254 3781; x_wconf 90' lang='lat' dir='ltr'><strong>neque</strong></span> <span class='ocrx_word' id='word_1_307' title='bbox 270 3699 406 3764; x_wconf 89' lang='lat' dir='ltr'><strong>virtutem</strong></span> <span class='ocrx_word' id='word_1_308' title='bbox 424 3723 463 3766; x_wconf 84' lang='lat' dir='ltr'><strong>ex</strong></span> <span class='ocrx_word' id='word_1_309' title='bbox 480 3704 606 3783; x_wconf 89' lang='lat' dir='ltr'><strong>virtute,</strong></span> <span class='ocrx_word' id='word_1_310' title='bbox 639 3727 734 3792; x_wconf 82' lang='lat' dir='ltr'><strong>neque</strong></span> <span class='ocrx_word' id='word_1_311' title='bbox 750 3710 851 3789; x_wconf 90' lang='lat' dir='ltr'><strong>deum,</strong></span> <span class='ocrx_word' id='word_1_312' title='bbox 884 3729 979 3793; x_wconf 90' lang='lat' dir='ltr'><strong>neque</strong></span> <span class='ocrx_word' id='word_1_313' title='bbox 998 3709 1114 3787; x_wconf 89' lang='lat' dir='ltr'><strong>lumen,</strong></span> <span class='ocrx_word' id='word_1_314' title='bbox 1139 3728 1234 3791; x_wconf 85' lang='lat' dir='ltr'><strong>neque</strong></span> <span class='ocrx_word' id='word_1_315' title='bbox 1252 3708 1312 3771; x_wconf 90' lang='lat' dir='ltr'><strong>vir-</strong></span> 
     </span>
     <span class='ocr_line' id='line_1_35' title="bbox 158 3806 1309 3894; baseline 0.01 -32"><span class='ocrx_word' id='word_1_316' title='bbox 158 3809 266 3878; x_wconf 88' lang='lat' dir='ltr'><strong>tutem,</strong></span> <span class='ocrx_word' id='word_1_317' title='bbox 290 3821 344 3864; x_wconf 90' lang='lat' dir='ltr'><strong>ueo</strong></span> <span class='ocrx_word' id='word_1_318' title='bbox 360 3806 537 3884; x_wconf 88' lang='lat' dir='ltr'><strong>assentiam,</strong></span> <span class='ocrx_word' id='word_1_319' title='bbox 561 3828 656 3890; x_wconf 82' lang='lat' dir='ltr'><strong>oeque</strong></span> <span class='ocrx_word' id='word_1_320' title='bbox 673 3810 843 3891; x_wconf 89' lang='lat' dir='ltr'><strong>consilinm,</strong></span> <span class='ocrx_word' id='word_1_321' title='bbox 877 3831 970 3894; x_wconf 91' lang='lat' dir='ltr'><strong>neque</strong></span> <span class='ocrx_word' id='word_1_322' title='bbox 999 3809 1121 3893; x_wconf 88' lang='lat' dir='ltr'><strong>gloriam</strong></span> <span class='ocrx_word' id='word_1_323' title='bbox 1139 3829 1206 3872; x_wconf 90' lang='lat' dir='ltr'><strong>esse</strong></span> <span class='ocrx_word' id='word_1_324' title='bbox 1221 3809 1309 3874; x_wconf 88' lang='lat' dir='ltr'><strong>lilium</strong></span> 
     </span>
     <span class='ocr_line' id='line_1_36' title="bbox 157 3901 1309 3998; baseline 0.011 -33"><span class='ocrx_word' id='word_1_325' title='bbox 157 3901 310 3965; x_wconf 77' lang='lat' dir='ltr'><strong>existimas</strong></span> <span class='ocrx_word' id='word_1_326' title='bbox 354 3903 371 3942; x_wconf 88' lang='lat'>*</span> <span class='ocrx_word' id='word_1_327' title='bbox 415 3904 431 3939; x_wconf 75' lang='lat'>*</span> <span class='ocrx_word' id='word_1_328' title='bbox 474 3908 490 3946; x_wconf 84' lang='lat'>*</span> <span class='ocrx_word' id='word_1_329' title='bbox 534 3908 584 3971; x_wconf 88' lang='lat' dir='ltr'><strong>sed</strong></span> <span class='ocrx_word' id='word_1_330' title='bbox 609 3909 680 3970; x_wconf 88' lang='lat' dir='ltr'><strong>haec</strong></span> <span class='ocrx_word' id='word_1_331' title='bbox 707 3911 794 3997; x_wconf 89' lang='lat' dir='ltr'><strong>impie</strong></span> <span class='ocrx_word' id='word_1_332' title='bbox 820 3934 943 3998; x_wconf 92' lang='lat' dir='ltr'><strong>corpus,</strong></span> <span class='ocrx_word' id='word_1_333' title='bbox 978 3911 1083 3992; x_wconf 55' lang='lat' dir='ltr'><strong>italiae</strong></span> <span class='ocrx_word' id='word_1_334' title='bbox 1105 3911 1218 3991; x_wconf 90' lang='lat' dir='ltr'><strong>mundi,</strong></span> <span class='ocrx_word' id='word_1_335' title='bbox 1251 3935 1309 3978; x_wconf 85' lang='lat' dir='ltr'><strong>una</strong></span> 
     </span>
    </p>
   </div>
   <div class='ocr_carea' id='block_1_3' title="bbox 156 4002 1310 4098">
    <p class='ocr_par' dir='ltr' id='par_1_7' title="bbox 156 4002 1310 4098">
     <span class='ocr_line' id='line_1_37' title="bbox 156 4002 1310 4098; baseline 0.01 -30"><span class='ocrx_word' id='word_1_336' title='bbox 156 4025 222 4068; x_wconf 90' lang='lat' dir='ltr'><strong>cum</strong></span> <span class='ocrx_word' id='word_1_337' title='bbox 247 4004 306 4069; x_wconf 91' lang='lat' dir='ltr'><strong>illis</strong></span> <span class='ocrx_word' id='word_1_338' title='bbox 322 4002 508 4089; x_wconf 82' lang='lat' dir='ltr'><strong>extinguunt.</strong></span> <span class='ocrx_word' id='word_1_339' title='bbox 555 4011 597 4070; x_wconf 89' lang='lat' dir='ltr'><strong>lta</strong></span> <span class='ocrx_word' id='word_1_340' title='bbox 623 4009 741 4076; x_wconf 86' lang='lat' dir='ltr'><strong>loannis</strong></span> <span class='ocrx_word' id='word_1_341' title='bbox 765 4013 834 4078; x_wconf 94' lang='lat' dir='ltr'><strong>illud</strong></span> <span class='ocrx_word' id='word_1_342' title='bbox 850 4013 1047 4081; x_wconf 86' lang='lat' dir='ltr'><strong>testimonium</strong></span> <span class='ocrx_word' id='word_1_343' title='bbox 1065 4011 1211 4098; x_wconf 84' lang='lat' dir='ltr'><strong>absuegas,</strong></span> <span class='ocrx_word' id='word_1_344' title='bbox 1241 4019 1310 4079; x_wconf 85' lang='lat' dir='ltr'><strong>deus</strong></span> 
     </span>
    </p>
   </div>
   <div class='ocr_carea' id='block_1_4' title="bbox 154 4258 1310 4608">
    <p class='ocr_par' dir='ltr' id='par_1_8' title="bbox 154 4258 1310 4533">
     <span class='ocr_line' id='line_1_38' title="bbox 155 4258 1310 4347; baseline 0.008 -32"><span class='ocrx_word' id='word_1_345' title='bbox 155 4258 248 4328; x_wconf 81' lang='grc' dir='ltr'>δόξαν,</span> <span class='ocrx_word' id='word_1_346' title='bbox 266 4259 357 4343; x_wconf 66' lang='lat' dir='ltr'><strong>poulain</strong></span> <span class='ocrx_word' id='word_1_347' title='bbox 371 4262 435 4329; x_wconf 78' lang='lat' dir='ltr'><strong>cett)</strong></span> <span class='ocrx_word' id='word_1_348' title='bbox 448 4261 524 4345; x_wconf 79' lang='lat' dir='ltr'><strong>impie</strong></span> <span class='ocrx_word' id='word_1_349' title='bbox 537 4281 586 4315; x_wconf 89' lang='lat' dir='ltr'><strong>una</strong></span> <span class='ocrx_word' id='word_1_350' title='bbox 601 4281 657 4315; x_wconf 86' lang='lat' dir='ltr'><strong>com</strong></span> <span class='ocrx_word' id='word_1_351' title='bbox 668 4264 718 4347; x_wconf 69' lang='lat' dir='ltr'><strong>hoo</strong></span> <span class='ocrx_word' id='word_1_352' title='bbox 750 4264 814 4330; x_wconf 86' lang='lat' dir='ltr'><strong>sita,</strong></span> <span class='ocrx_word' id='word_1_353' title='bbox 843 4278 886 4320; x_wconf 83' lang='lat' dir='ltr'><strong>aut</strong></span> <span class='ocrx_word' id='word_1_354' title='bbox 911 4278 1029 4336; x_wconf 79' lang='lat' dir='ltr'><strong>corrupta</strong></span> <span class='ocrx_word' id='word_1_355' title='bbox 1052 4275 1137 4322; x_wconf 86' lang='lat' dir='ltr'><strong>aaut“.</strong></span> <span class='ocrx_word' id='word_1_356' title='bbox 1183 4276 1310 4326; x_wconf 63' lang='lat' dir='ltr'><strong>comorius</strong></span> 
     </span>
     <span class='ocr_line' id='line_1_39' title="bbox 155 4332 1309 4461; baseline 0.013 -14"><span class='ocrx_word' id='word_1_357' title='bbox 155 4347 264 4448; x_wconf 70' lang='lat'><strong>⁰⁰¹⁹⁰‘⁰.</strong></span> <span class='ocrx_word' id='word_1_358' title='bbox 283 4338 491 4452; x_wconf 68' lang='lat' dir='ltr'><strong>¹⁰⁸“&#39;‘⁰i⁸0a“⁸⁰</strong></span> <span class='ocrx_word' id='word_1_359' title='bbox 512 4332 717 4455; x_wconf 63' lang='lat' dir='ltr'><strong>litttld</strong></span> <span class='ocrx_word' id='word_1_360' title='bbox 750 4337 1084 4458; x_wconf 43' lang='lat' dir='ltr'><strong>meldim</strong></span> <span class='ocrx_word' id='word_1_361' title='bbox 1097 4342 1131 4458; x_wconf 71' lang='lat' dir='ltr'><strong>‘ii</strong></span> <span class='ocrx_word' id='word_1_362' title='bbox 1146 4339 1309 4461; x_wconf 62' lang='lat' dir='ltr'><strong>iffi?</strong></span> 
     </span>
     <span class='ocr_line' id='line_1_40' title="bbox 154 4401 1059 4533; baseline 0.007 -15"><span class='ocrx_word' id='word_1_363' title='bbox 154 4415 283 4532; x_wconf 54' lang='grc' dir='ltr'><strong>ξὲηὲῒμα,</strong></span> <span class='ocrx_word' id='word_1_364' title='bbox 301 4401 430 4520; x_wconf 57' lang='lat' dir='ltr'><strong>pMinicius</strong></span> <span class='ocrx_word' id='word_1_365' title='bbox 449 4417 577 4533; x_wconf 56' lang='lat' dir='ltr'><strong>Meinas</strong></span> <span class='ocrx_word' id='word_1_366' title='bbox 591 4484 649 4520; x_wconf 80' lang='lat' dir='ltr'><strong>suot</strong></span> <span class='ocrx_word' id='word_1_367' title='bbox 663 4473 713 4522; x_wconf 85' lang='lat' dir='ltr'><strong>edi·</strong></span> <span class='ocrx_word' id='word_1_368' title='bbox 746 4420 815 4524; x_wconf 67' lang='lat' dir='ltr'><strong>Mona</strong></span> <span class='ocrx_word' id='word_1_369' title='bbox 832 4490 888 4525; x_wconf 84' lang='lat' dir='ltr'><strong>cum</strong></span> <span class='ocrx_word' id='word_1_370' title='bbox 904 4472 951 4524; x_wconf 85' lang='lat' dir='ltr'><strong>luis.</strong></span> <span class='ocrx_word' id='word_1_371' title='bbox 1042 4423 1059 4475; x_wconf 67' lang='lat' dir='ltr'>P</span> 
     </span>
    </p>

    <p class='ocr_par' dir='ltr' id='par_1_9' title="bbox 154 4534 721 4608">
     <span class='ocr_line' id='line_1_41' title="bbox 154 4534 721 4608; baseline 0.009 -22"><span class='ocrx_word' id='word_1_372' title='bbox 154 4535 222 4586; x_wconf 80' lang='lat' dir='ltr'><strong>tionis</strong></span> <span class='ocrx_word' id='word_1_373' title='bbox 241 4534 367 4600; x_wconf 70' lang='lat' dir='ltr'><strong>odomtptit</strong></span> <span class='ocrx_word' id='word_1_374' title='bbox 390 4536 480 4603; x_wconf 81' lang='lat' dir='ltr'><strong>„flacc</strong></span> <span class='ocrx_word' id='word_1_375' title='bbox 497 4536 579 4590; x_wconf 62' lang='lat' dir='ltr'><strong>Meno</strong></span> <span class='ocrx_word' id='word_1_376' title='bbox 595 4537 653 4591; x_wconf 90' lang='lat' dir='ltr'><strong>loco</strong></span> <span class='ocrx_word' id='word_1_377' title='bbox 669 4555 721 4608; x_wconf 85' lang='lat' dir='ltr'><strong>po·</strong></span> 
     </span>
    </p>
   </div>
   <div class='ocr_carea' id='block_1_5' title="bbox 0 0 1552 5070">
    <p class='ocr_par' dir='ltr' id='par_1_10' title="bbox 0 0 1552 5070">
     <span class='ocr_line' id='line_1_42' title="bbox 0 0 1552 5070; baseline 0 1"><span class='ocrx_word' id='word_1_378' title='bbox 0 0 1552 5070; x_wconf 95' lang='lat' dir='ltr'><strong> </strong></span> 
     </span>
    </p>
   </div>
  </div>
 </body>
</html>
