3096 5070
191 271 254 337 787

223 421 309 455 amaa
334 403 399 456 illiua
423 420 520 456 errore·
548 405 671 473 evangelii
696 404 752 457 luce

222 489 373 557 deteguntur
389 493 448 541 880.

190 574 245 625 uu
267 573 292 624 in
318 573 427 626 tenebris
454 575 540 628 laeena
566 577 593 626 iu
620 575 752 643 euangelio

222 674 272 727 qno
288 675 361 709 aenan
379 659 524 727 accipienda
541 664 600 712 878.

189 742 273 812 1.]88,
290 742 418 807 Molurua,
444 744 521 812 Elone
541 756 686 814 carpentum
703 762 751 813 ga-

221 845 280 879 uera
298 831 357 880 888.

449 984 485 1034 81.

187 1084 254 1152 Magi
273 1084 397 1136 Christum
418 1084 524 1136 adorant
543 1087 600 1135 184.

187 1171 347 1237 Magistratus
366 1169 435 1238 apud
452 1169 557 1222 ludaeoa
578 1169 632 1221 iure
648 1185 750 1220 aucnaa-

219 1255 296 1307 aionia
312 1255 397 1307 libaria
415 1265 474 1323 pout
491 1264 598 1306 mortem
618 1264 750 1322 parentum

219 1340 383 1408 deferuntur,
417 1351 444 1390 et
470 1338 553 1393 adhuc
579 1337 749 1406 impuberibua

219 1429 453 1477 retenentur-1³0.

185 1510 312 1579 Magnauei
329 1510 396 1579 apud
414 1512 513 1572 Peraea,
540 1519 670 1560 eteorum
687 1507 748 1559 reli-

218 1596 305 1664 gloac
320 1613 391 1646 aacra
409 1599 484 1645 1084.
535 1615 537 1620 ·

185 1681 279 1733 Malum
295 1680 361 1732 uude
377 1690 506 1743 mortum,
532 1690 559 1730 et
576 1697 625 1748 qua
649 1679 749 1731 ratione

218 1765 347 1816 inductum
367 1770 407 1816 78.

185 1851 278 1903 blulum
303 1851 365 1902 nulli
389 1851 426 1902 rei
450 1851 486 1902 ita
513 1849 672 1903 coniunctum
702 1860 748 1913 eat,

217 1936 275 2006 quin
293 1936 353 1989 boui
369 1935 442 1988 aimul
459 1936 553 2004 aliquid
570 1936 663 1988 babeat
673 1940 730 1989 888.

184 2021 278 2073 Malum
296 2022 355 2090 quid
371 2021 423 2084 eit,
450 2021 551 2089 quaudo
568 2021 695 2083 extiterit,
722 2031 749 2072 et

217 2107 318 2176 quando
336 2106 369 2157 ait
386 2106 523 2157 (latiturum
541 2111 599 2158 888.

183 2193 328 2244 Nummum
346 2202 389 2243 aut
406 2201 511 2251 venter,
539 2190 667 2259 quomodo
687 2191 749 2245 dene

217 2276 357 2347 appelletur
373 2281 431 2327 888.

647 283 757 338 mbtx
774 285 902 339 1188881.

821 423 877 457 cnm
893 404 1016 473 apoatulie
1033 405 1183 457 nnulbrendi
1196 404 1284 474 gratia
1303 409 1366 460 888.

822 519 853 530 -
881 489 991 542 eiusdem
1014 508 1082 542 mun
1109 508 1139 542 ex
1165 491 1243 560 lapan
1261 509 1277 544 a
1294 510 1366 562 quo-

821 574 879 625 dam
894 575 992 626 aublimi
1009 586 1079 627 tectu
1094 575 1156 628 ibid
1174 605 1209 616 -
1246 577 1366 631 'l'orbia-

820 660 878 710 thna
893 659 945 710 eiua
959 660 1094 728 diacipnlna
1106 660 1169 713 ibid
1187 691 1222 702 -
1259 674 1365 717 mutatu

820 745 921 797 nomine
935 745 1045 796 buddam
1059 763 1087 797 ae
1098 747 1185 798 vocari
1206 748 1294 802 veluit
1309 749 1364 801 ibi-

819 828 885 879 dem.
899 858 931 869 -
956 830 982 880 in
997 831 1123 882 Paraid
1134 831 1237 900 aufugit
1248 832 1363 885 ibid.-

819 932 877 966 caan
887 913 982 966 interiit
994 924 1022 966 nt
1033 915 1086 967 eiua
1094 927 1244 969 antecessor
1251 923 1317 972 881.
1328 949 1363 962 -

819 1001 842 1049 ei
865 1000 983 1050 uucceaeit
1009 1001 1098 1052 Manet
1123 1002 1206 1054 dietua
1235 1004 1361 1058 Cnbricna

818 1083 878 1135 ibid.
905 1114 937 1124 -
981 1085 1034 1136 eiua
1061 1086 1165 1139 historia
1193 1105 1251 1139 uuum
1269 1101 1361 1158 ageret

818 1170 885 1237 apud
903 1171 989 1222 Pareae
1014 1171 1075 1223 ibid.
1093 1201 1125 1210 -
1161 1171 1216 1224 eiua
1236 1173 1359 1244 diacipuli

819 1259 877 1305 888.
904 1282 937 1294 -
979 1255 1039 1322 suga
1064 1274 1079 1307 e
1104 1274 1205 1311 caruere
1231 1259 1297 1312 ibid.
1324 1290 1358 1302 -·

818 1339 926 1408 epiatnlu
943 1339 1132 1393 adblaruellum
1145 1346 1206 1393 888.
1223 1373 1258 1383 -
1282 1346 1356 1398 Mar-

819 1423 875 1475 celli
891 1424 924 1476 ad
941 1424 1053 1478 einadem
1070 1425 1203 1495 epistolam
1220 1431 1356 1498 reaponaiu

818 1513 876 1559 884.

785 1595 923 1647 Manichaei
948 1595 1041 1664 dogma
1057 1596 1177 1650 distinete
1200 1599 1355 1667 explicatum

818 1683 875 1732 888.
901 1708 935 1720 -
974 1681 1113 1750 diapumio
1146 1683 1269 1737 Archelai
1301 1704 1353 1738 cnm

817 1765 862 1817 illo
879 1776 906 1817 et
922 1766 974 1816 eiua
1000 1767 1059 1835 luga
1080 1771 1138 1818 887.
1160 1797 1194 1808 -
1228 1773 1352 1842 Trypho-

818 1869 874 1902 nern
893 1863 1015 1920 provocat
1032 1857 1090 1905 888.
1108 1882 1142 1894 -
1178 1853 1275 1908 itanum
1292 1875 1352 1927 pto·

817 1946 910 1988 atratus
926 1936 958 1988 ab
978 1937 1100 1991 Archelao
1112 1937 1177 1991 ibid.
1195 1969 1231 1980 —
1267 1961 1283 1994 a
1297 1959 1352 2012 rega

817 2024 946 2074 Peraarum
963 2021 989 2072 in
1004 2022 1130 2074 Persidem
1147 2036 1289 2078 revocatur
1304 2028 1349 2079 ibi-

816 2106 882 2157 dem.
901 2136 934 2146 -
969 2117 1026 2159 cute
1055 2108 1152 2161 uahmu
1178 2109 1297 2164 deuecta
1313 2113 1349 2165 ri·

817 2210 861 2242 vua
886 2192 1027 2244 excutiatur
1052 2197 1111 2246 888.
1127 2223 1166 2234 -
1210 2197 1279 2248 entia
1302 2198 1348 2250 eina

817 2287 915 2328 aervata
932 2277 994 2329 ibid.

184 2362 313 2425 Mandrae,
324 2361 474 2414 monasteria
483 2362 662 2414 monachornm
673 2366 747 2413 1878.
783 2362 924 2413 Manichaei
949 2362 1063 2430 diacipuli
1095 2363 1148 2416 hnc
1172 2365 1286 2436 illucque
1305 2367 1340 2418 di·

184 2449 271 2499 Manea
299 2457 458 2516 comparatur
484 2446 593 2515 Apollini
619 2446 688 2509 vati,
721 2458 748 2499 et

815 2447 894 2513 aperui
911 2447 970 2498 ibid

217 2550 265 2602 qua
282 2533 381 2585 ratione
399 2535 458 2583 888.
478 2561 508 2572 -
544 2549 618 2600 quam
633 2532 698 2584 male
714 2532 747 2583 de
782 2532 921 2583 Manichaei
938 2533 1060 2585 refutatio
1075 2533 1139 2585 ibid.
1162 2565 1192 2576 -
1212 2538 1274 2591 libri
1286 2538 1343 2590 aiat·

216 2618 340 2669 aalraudia
364 2627 462 2668 tantum
488 2635 503 2668 a
527 2617 626 2669 decim
657 2617 746 2685 quinto

216 2703 311 2757 'l'ibarii
328 2703 439 2756 waaris
454 2702 561 2754 aeuaarit
576 2702 637 2754 ibid.

815 2617 872 2668 dem
903 2617 964 2670 ibid.
995 2648 1029 2660 —
1076 2619 1120 2688 qui
1153 2633 1248 2676 contra
1272 2623 1347 2676 blani-

815 2702 919 2754 chueum
933 2703 1087 2771 eminuerunt
1104 2708 1165 2756 888.

182 2791 270 2841 Manae
289 2788 353 2838 fuluo
375 2804 403 2839 ae
419 2787 576 2840 Paracletum
592 2805 647 2839 eoae
664 2788 746 2840 iacta-
781 2787 921 2839 Manichaei
937 2800 1107 2841 commentum
1123 2790 1158 2843 da
1175 2793 1239 2845 luna
1256 2795 1350 2847 reielli-

216 2875 261 2926 bat
280 2877 337 2925 888.

183 2958 384 3010 Manichaeorum
402 2957 540 3010 execranda
556 2959 671 3027 impieta·
689 2964 746 3011 888.

183 3045 324 3097 Manichaei
348 3060 428 3112 nugae
452 3044 517 3095 circa
541 3044 639 3096 baiuloa
661 3045 747 3097 muudi

216 3129 277 3181 ibid.

183 3215 355 3267 Mauicbaenm
379 3214 457 3281 magia
491 3213 605 3267 fabulata
635 3214 668 3265 de
697 3214 746 3266 deo

216 3317 292 3368 quam
319 3298 456 3350 lleaiodum
486 3309 633 3366 aeternaque
658 3305 746 3367 poetae

217 3386 328 3436 Graecos
346 3383 445 3435 fiuxiaae
463 3389 520 3436 888.

183 3470 323 3521 Manichaei
341 3470 365 3520 in
384 3469 459 3521 deum
476 3469 630 3537 blaephemia
647 3473 703 3521 788.

183 3555 387 3607 Manichaeorum
404 3554 543 3623 principem
566 3554 612 3606 aibi
632 3555 746 3607 aubditoe

216 3640 337 3691 devorare
362 3657 436 3708 quam
463 3640 496 3690 ait
522 3640 656 3693 abeurdum
687 3651 746 3710 apta

214 3725 377 3777 aimilitudine
392 3724 514 3793 probatur
536 3729 594 3776 887.

182 3811 385 3862 Manichaeorum
416 3810 527 3862 haeretic
559 3811 745 3880 quadragesima

215 3896 318 3965 quinta,
354 3895 442 3947 ordine
475 3897 628 3963 aexageaima
660 3897 745 3967 quinta

216 3985 273 4031 817.
291 4010 325 4022 -
358 3980 435 4031 iidem
459 3980 519 4031 dicti
542 3983 695 4048 hunanitae,
719 3993 745 4033 et

215 4066 282 4117 nude
298 4065 358 4118 ibid.
376 4094 410 4106 -
445 4066 487 4117 ubi
511 4077 538 4118 et
557 4085 573 4118 a
590 4086 640 4136 quo
663 4067 744 4120 diue-

214 4151 307 4203 minata
322 4152 386 4204 haec
397 4151 506 4204 haeresia
520 4152 581 4204 ibid.
596 4181 626 4192 -
644 4153 745 4221 quaudo

216 4237 346 4305 coeperint
372 4237 434 4288 ibid.
459 4267 493 4278 --
535 4238 616 4290 Mania
641 4238 745 4290 historia

214 4321 275 4373 ibid.
294 4352 327 4362 -
363 4321 411 4374 tuit
437 4332 463 4375 et
488 4323 636 4391 Scytbianna
661 4325 745 4376 Mani-

215 4406 285 4458 chaei
302 4408 427 4475 dogrnatia
442 4419 531 4461 auctor
550 4413 608 4460 818.
627 4439 659 4450 -
693 4411 745 4461 eiua

213 4489 319 4544 historia
337 4498 394 4544 818.
414 4523 445 4534 -
480 4495 592 4546 eiuaderu
609 4496 665 4548 libri
681 4514 744 4565 qua-

215 4582 273 4625 tuor
291 4579 347 4627 818.
374 4606 406 4620 -
450 4580 651 4652 Hieroeolymaur
678 4581 746 4634 venit

815 2884 856 2924 tur
873 2878 931 2926 884.
949 2901 983 2913 -
1016 2874 1076 2927 item
1101 2874 1135 2926 de
1160 2877 1253 2929 electis
1269 2879 1349 2930 Mani·

816 2958 949 3010 chaenrum
975 2976 1046 3012 error
1074 2961 1203 3015 refutatur
1237 2969 1296 3017 888.
1318 2992 1351 3006 -

815 3044 876 3095 item
907 3044 940 3096 de
972 3045 1060 3097 Adami
1085 3047 1217 3100 creatione
1242 3053 1301 3104 888.
1317 3078 1351 3092 -

815 3139 945 3198 praeterea
979 3130 1011 3183 de
1037 3131 1098 3182 boui
1123 3143 1151 3184 et
1174 3134 1237 3186 mali
1261 3135 1350 3187 cundi-

816 3215 901 3265 ctlone
919 3220 976 3266 870.
996 3221 1052 3266 871.
1072 3227 1100 3267 et
1118 3222 1177 3269 878.
1197 3249 1231 3259 -
1274 3222 1350 3272 teati-

815 3300 898 3352 monia
932 3302 1021 3369 quibua
1053 3303 1143 3355 nititur
1187 3306 1350 3358 manichaeae

815 3389 872 3435 878.
892 3416 922 3426 -
959 3399 1046 3438 contra
1070 3405 1126 3438 eum
1144 3388 1206 3457 quid
1223 3391 1257 3442 ait
1274 3391 1351 3443 mbor

814 3470 878 3521 mala
903 3471 929 3523 iu
955 3473 1085 3540 evaugelio
1112 3478 1170 3525 878.
1200 3504 1235 3516 -
1281 3476 1350 3546 quod

815 3547 899 3607 iudaei
917 3575 967 3609 uun
993 3568 1066 3610 erant
1083 3558 1126 3610 lilii
1145 3559 1242 3612 diaboli
1258 3573 1351 3614 contra

813 3643 919 3694 eundern
937 3644 1109 3696 Manichaeum
1127 3649 1185 3696 877.

780 3728 920 3780 Manichaei
937 3729 1012 3796 impia
1035 3728 1154 3797 dogmata
1170 3748 1203 3782 ex
1220 3732 1351 3801 Tytbonia

813 3813 865 3864 eiua
883 3813 997 3882 diaaipuli
1023 3814 1147 3866 relatione
1163 3820 1224 3868 848.
1243 3821 1305 3871 848.
1324 3831 1351 3873 ot

814 3903 872 3948 844.
897 3916 975 3967 uaque
997 3900 1030 3949 ad
1047 3903 1105 3951 848.
1123 3928 1157 3941 ι·-
1192 3902 1227 3954 tle
1249 3904 1352 3959 animae

813 3984 980 4035 trauainaioue
997 3985 1023 4035 iu
1039 3985 1149 4054 quinque
1166 4004 1277 4056 corpora
1290 3996 1351 4045 844.

813 4098 846 4109 -
871 4069 959 4137 quibua
984 4070 1124 4122 nominibua
1148 4073 1259 4126 animam
1278 4077 1353 4130 deai-

812 4165 873 4224 gnet
897 4154 957 4205 ibid.
978 4165 1004 4206 et
1021 4160 1078 4206 848.
1098 4185 1129 4196 -
1172 4175 1257 4228 nugae
1284 4164 1353 4216 illine

813 4240 845 4292 de
872 4257 1005 4309 corporum
1035 4242 1257 4311 transmigratione
1291 4261 1354 4316 poet

812 4335 920 4376 mortem
937 4326 998 4376 ibid.
1018 4356 1052 4368 -
1086 4326 1119 4377 da
1137 4329 1168 4380 iia
1185 4331 1229 4399 qni
1257 4351 1354 4402 panem

814 4410 949 4462 comeduut
975 4412 1035 4480 quid
1059 4413 1169 4482 sentiat,
1204 4427 1231 4468 et
1260 4421 1355 4488 quibua

813 4497 894 4548 verbis
927 4515 1017 4565 panem
1049 4499 1193 4568 alloquatur
1229 4508 1294 4556 848.
1321 4537 1356 4549 --

813 4581 912 4649 qualem
929 4584 1065 4636 constituat
1081 4584 1229 4653 paradiuum
1245 4594 1311 4644 848.
1323 4622 1357 4636 -
