3096 5070
361 277 639 332 insusurrans.
661 278 743 331 rou.
762 280 790 329 ιι.
816 277 930 329 sxros.
950 277 1014 329 rin.
1033 276 1177 330 carnos.
1285 263 1347 331 att

191 401 307 480 lacere,
330 399 361 463 iu
378 394 498 464 Christo
515 394 584 463 lesu
599 397 716 461 domino
735 408 854 475 nostro,
889 416 941 481 per
952 416 1062 480 quem,
1095 408 1125 459 et
1142 417 1265 480 quocum
1283 395 1346 480 glo·

190 503 235 567 ria
256 503 348 588 patri,
373 524 437 566 cnm
461 501 566 586 spiritu
587 510 691 564 sancto
715 499 902 575 insaecula,
927 499 1036 562 Amen.

275 603 427 669 Hactenus
457 604 546 686 igitur
568 622 709 686 quaenam
736 612 817 665 esset
844 601 930 664 unius
957 610 987 663 et
1013 599 1175 665 catholicae
1204 600 1347 664 ecclesiae
1393 619 1452 683 esp.

189 707 279 786 lides,
311 707 469 793 simplicis,
502 705 639 788 inquam,
663 703 741 766 illius
757 714 788 766 et
803 702 970 767 innocentis
990 702 1154 781 columbae,
1176 723 1247 784 quae
1264 707 1348 764 unica
1390 685 1454 737 xx·

123 848 126 854 =
187 815 393 882 estur'rosuo,
418 809 459 873 uti
477 807 616 890 scriptum
637 816 700 884 est,
735 806 1086 881 Uacesteolumduimem
1117 825 1247 868 necnon
1266 814 1296 867 et
1313 805 1348 867 de

188 912 310 976 iuhuitis
336 908 579 985 adolescentulis,
612 928 733 991 quarum
759 907 826 970 iniri
844 927 982 970 uumerus
1002 928 1060 970 non
1081 917 1196 994 potest,
1227 926 1283 991 qna
1298 927 1348 990 po-

190 1014 297 1078 tuimus
312 1012 456 1075 brevitate
471 1011 693 1094 disputavimus,
727 1009 917 1097 inprimisque
932 1008 967 1072 de
983 1010 1085 1072 eadem
1101 1009 1190 1097 patris
1204 1020 1234 1072 et
1248 1008 1298 1072 lilii
1314 1030 1347 1072 ac

190 1114 310 1201 spiritns
334 1113 428 1178 sancti
452 1111 632 1189 substantia,
674 1112 767 1193 deque
792 1092 921 1196 perlecta
945 1107 1058 1175 Christi
1081 1110 1188 1176 domini
1212 1111 1348 1173 iucarna-

192 1216 271 1281 tione
294 1237 328 1280 sc
352 1215 473 1299 reliquis
503 1214 568 1277 lidei
594 1212 747 1296 capitibus.
792 1211 883 1277 Nunc
909 1214 945 1276 de
963 1215 1093 1278 eiusdem
1118 1212 1261 1277 ecclesiae
1280 1232 1347 1275 san·

189 1316 336 1382 etiouibus
365 1339 401 1379 ac
431 1315 545 1400 legihns
577 1336 669 1400 panca
702 1315 771 1378 mihi
799 1335 923 1379 neeesse
946 1326 1008 1394 est,
1050 1317 1143 1400 deque
1176 1316 1344 1381 earumdem

191 1421 283 1484 forma
303 1419 401 1503 eliqua
418 1419 521 1482 saltem
538 1439 578 1481 ex
602 1428 683 1501 parte
706 1417 861 1502 persequi,
892 1437 1091 1502 quaecumque
1116 1417 1251 1482 nimirum
1280 1438 1346 1503 pro-

191 1521 254 1608 prie
270 1520 338 1586 olim
364 1520 393 1584 in
416 1521 480 1606 ipsa
497 1529 615 1583 servata
639 1528 725 1597 sunt,
755 1529 787 1583 et
808 1519 952 1603 hodieque
976 1530 1153 1599 servantur,
1184 1520 1286 1605 partiar
1306 1540 1346 1582 ex

190 1635 365 1711 praecepto,
397 1623 500 1708 partim
529 1641 568 1684 ex
597 1620 766 1685 inductione
790 1623 896 1700 animi,
936 1623 991 1686 deo
1014 1642 1053 1686 ex
1079 1621 1249 1706 discipliuae
1273 1641 1346 1684 snae

190 1724 299 1790 virtute
329 1726 452 1790 lructnm
482 1724 625 1808 quendam
651 1722 887 1809 voluptatemque
914 1724 1059 1807 cupiente.
1112 1721 1346 1787 Fundamentum

189 1827 296 1913 igitur,
328 1848 362 1890 ac
382 1829 461 1890 velut
479 1826 599 1910 crepido
622 1827 763 1909 quaedam
782 1825 810 1890 iu
828 1825 956 1890 ecclesia
974 1825 1128 1911 virginitas
1145 1836 1208 1905 est,
1239 1847 1347 1910 quaes

191 1929 337 2015 plerisque
356 1929 461 1993 colitur
479 1939 510 1992 et
526 1928 718 2006 observatur,
743 1938 773 1990 et
790 1929 819 1991 in
837 1928 943 1992 illustri
961 1930 1083 2013 quadam
1098 1928 1193 2012 gloria
1210 1949 1244 1991 ac
1262 1948 1348 2014 prae·

191 2030 337 2096 diutinum
358 2040 507 2095 versatur.
564 2028 771 2114 Virginitatem
797 2030 929 2094 solitaria
954 2030 1013 2094 vita
1041 2031 1175 2115 proxime
1201 2030 1346 2116 seqnitur,

191 2155 276 2220 ιιιιιιιιι
300 2134 330 2196 in
354 2132 501 2217 plerisque
529 2154 622 2197 sexus
648 2132 797 2216 utriusque
819 2131 969 2196 monachis
988 2132 1133 2196 videmus.
1179 2130 1347 2198 Secundum

189 2236 265 2301 hsuo
284 2233 466 2298 coutinentia
482 2235 519 2297 ad
536 2234 612 2298 idem
631 2236 746 2319 pietatis
764 2235 940 2299 curriculum
957 2236 1076 2299 lundata
1091 2246 1138 2299 est
1155 2256 1190 2298 ac
1205 2233 1344 2299 stabilita.

188 2333 306 2404 Deinde
324 2338 450 2402 viduitas
463 2359 528 2400 cum
545 2336 675 2421 diligenti
692 2347 861 2422 attenteque
875 2337 1013 2402 cautione
1029 2348 1060 2401 et
1075 2346 1155 2401 casta
1172 2337 1346 2421 sinceraque

188 2441 267 2506 vitae
284 2441 400 2523 ratione
417 2439 585 2503 coniuncta.
631 2435 704 2502 Post
729 2441 837 2522 gradus
860 2441 926 2504 illos
945 2450 976 2504 et
992 2439 1112 2504 ordines
1129 2460 1214 2503 snum
1232 2460 1346 2523 quoque

188 2542 284 2607 locum
301 2542 434 2605 obtinent
449 2543 592 2605 honestae
609 2539 744 2625 nuptiae,
769 2562 843 2625 quae
862 2564 968 2627 magno
984 2543 1013 2606 in
1030 2543 1141 2606 honore
1158 2551 1238 2618 suut,
1263 2561 1347 2625 prae·

189 2644 292 2708 sertim
309 2644 475 2726 singulares
494 2664 530 2708 ae
546 2642 665 2707 minime
681 2643 843 2726 repetitae,
875 2665 949 2729 qnae
966 2656 1188 2730 praeceptorum
1207 2642 1348 2706 ohserva-

189 2746 263 2812 tioni
282 2747 413 2810 student.
460 2743 547 2828 Quod
564 2747 589 2807 si
607 2745 672 2828 quis
689 2756 803 2808 mortua
820 2767 933 2824 uxore,
964 2746 1012 2810 vel
1028 2747 1132 2811 mulier
1147 2756 1262 2809 mortno
1282 2746 1346 2809 viro

190 2846 219 2910 id
237 2847 382 2925 voluerit,
406 2847 529 2910 alterum
547 2848 641 2911 virum
658 2867 833 2925 uxoremve,
858 2850 1001 2912 duntaxat
1013 2860 1078 2935 post
1096 2848 1267 2912 alterutrius
1284 2847 1346 2911 ohi-

190 2959 269 3029 tum,
299 2949 354 3013 sihi
379 2949 545 3013 adsciscere
571 2949 650 3012 licet.
697 2948 811 3012 Horum
835 2951 962 3014 omnium
980 2950 1062 3014 velut
1081 2951 1247 3036 fastigium,
1271 2960 1301 3014 et
1315 2961 1347 3014 ut

185 3050 230 3121 iu
245 3052 359 3131 dicam,
391 3052 491 3115 matris
509 3073 542 3115 ac
557 3051 710 3135 genitricis
725 3051 821 3115 locum
837 3062 971 3116 sanetum
997 3053 1053 3117 sihi
1068 3052 1264 3117 sacerdotium
1283 3052 1346 3116 sin-

190 3153 286 3233 dicat3
318 3154 395 3238 qnod
418 3174 458 3218 ex
477 3154 623 3239 virginum
643 3155 747 3218 ordine
765 3155 921 3241 praecipue
939 3166 1074 3235 coristat,
1103 3167 1154 3220 aut
1170 3157 1195 3219 si
1215 3156 1311 3220 minos
1328 3177 1345 3218 e

190 3256 354 3342 virginibus
378 3267 459 3319 certe
483 3276 523 3320 ex
546 3257 713 3335 monachis,
746 3267 798 3320 aut
814 3258 870 3321 uisi
890 3279 931 3321 ex
954 3257 1163 3322 monachornm
1184 3258 1287 3322 ordine
1309 3258 1365 3321 ud¹

189 3358 268 3424 illam
295 3357 472 3422 lunationem
499 3358 661 3424 obeundam
688 3360 785 3423 idonei
808 3361 940 3446 cooptari
964 3361 1094 3446 possint,
1125 3382 1165 3425 ex
1186 3361 1231 3424 his
1249 3361 1345 3424 creari

190 3461 361 3527 sacerdotes
379 3461 493 3537 solent,
525 3462 573 3546 qni
593 3483 610 3525 a
627 3463 689 3527 suis
707 3482 740 3526 se
760 3463 903 3527 uxoribus
922 3463 1092 3542 continent,
1117 3475 1168 3527 aut
1185 3464 1344 3528 seeundum

189 3585 264 3629 unas
287 3561 403 3648 nuptias
418 3562 447 3623 in
468 3562 607 3626 viduitate
622 3574 790 3628 versantur.
837 3561 984 3630 Secundis
1007 3586 1079 3630 vero
1098 3565 1205 3652 nuptiis
1223 3565 1344 3652 implici-

190 3676 237 3732 tus
253 3666 284 3730 iu
301 3662 428 3730 ecclesia
453 3664 488 3727 ad
512 3665 707 3728 sacerdotium
734 3686 792 3729 non
812 3668 991 3747 admittitur,
1023 3670 1137 3735 tametsi
1155 3679 1206 3733 aut
1224 3689 1291 3732 sese
1308 3669 1344 3732 ah

190 3789 287 3834 uxore
304 3768 469 3845 contineat,
504 3777 554 3829 ant
577 3766 616 3830 sit
634 3767 754 3846 viduus,
789 3767 949 3850 eiusmodi,
981 3772 1115 3854 inquam,
1147 3771 1183 3834 ah
1201 3770 1342 3857 episcopi,

190 3871 373 3958 preshyteri,
407 3869 522 3934 diaconi
546 3879 575 3932 et
596 3866 765 3932 subdiaconi
788 3870 893 3951 gradu·
908 3872 1051 3936 relicitur.
1099 3869 1266 3938 Secundum
1289 3873 1343 3937 hos

188 3975 298 4061 gradum
320 3974 462 4037 lectorum
487 3972 559 4035 ordo
577 3991 615 4034 ex
636 3968 770 4034 omnihus
790 3972 940 4037 ordinibus
959 3974 1027 4058 eligi
1046 3984 1159 4059 potest,
1192 3975 1343 4040 horeste
1447 4052 1448 4059 ἵ

183 4076 370 4161 virginibus,
395 4075 564 4152 monachis,
594 4071 830 4152 continentibus,
864 4074 958 4138 viduis
975 4087 1005 4139 et
1019 4077 1056 4140 iis
1070 4077 1119 4160 qni
1136 4077 1268 4142 honestis
1282 4100 1344 4142 ma·

190 4178 336 4242 himouiis
352 4178 512 4262 illigantur.
558 4173 634 4254 lmo,
659 4175 684 4240 si
700 4176 863 4240 necessitas
880 4177 990 4257 tulerit,
1013 4199 1052 4241 ex
1069 4177 1127 4243 illis
1143 4180 1231 4243 etiam
1249 4181 1343 4271 adsci-

190 4290 312 4343 scuntur
335 4281 383 4364 qui
406 4291 472 4363 post
495 4279 601 4364 prioris
626 4278 730 4343 uxoris
753 4277 862 4342 obitum
884 4301 949 4342 cnm
968 4280 1058 4344 altera
1079 4302 1147 4345 sese
1166 4282 1340 4371 copularint.

191 4375 307 4464 Quippe
330 4381 424 4444 lector
451 4403 508 4444 non
534 4381 675 4445 sacerdos
700 4391 761 4460 est,
795 4382 845 4445 sed
865 4394 1001 4466 tauquam
1023 4381 1113 4446 divini
1129 4385 1210 4448 verhi
1230 4385 1340 4451 aeriha.

189 4480 233 4544 At
249 4482 432 4546 diaconissae
446 4484 481 4548 ad
500 4483 575 4548 hunc
590 4504 678 4547 uuum
694 4506 777 4548 usum
795 4483 988 4567 adhibentur,
1012 4496 1044 4549 ut
1061 4485 1211 4552 mulierum
1226 4488 1342 4552 decoris
