3096 5070
421 293 555 344 neuneu
574 293 636 343 nie.
648 294 692 341 ιιι.
711 292 792 343 rou.
803 292 834 341 ιι.
853 289 1107 341 uaenexxvru.
1282 275 1345 338 tor

188 433 244 498 que
260 433 277 475 a
295 413 398 498 spiritu
413 423 517 477 sancto
531 412 627 475 aliena
645 421 731 489 sunt,
756 412 784 472 in
803 410 857 473 hac
876 420 972 472 aetate
989 418 1090 470 nostra
1104 416 1173 468 suot
1187 405 1344 484 exhausta,

188 516 223 577 ad
243 515 299 576 alia
324 535 358 578 se
376 517 517 600 quaedam
536 535 611 578 nova
631 523 819 576 convertunt.
866 510 990 594 Quidam
1011 509 1134 571 enimin
1154 519 1265 594 patrem
1283 508 1347 571 uni·

189 638 342 681 versorum
363 618 448 680 deum
470 638 503 679 ac
521 615 702 678 conditorem
719 614 913 677 contumelias
931 610 1057 689 iaciunt,
1089 611 1189 694 quales
1209 620 1278 673 suot
1298 611 1347 693 qui

189 718 324 784 Gnostici
347 718 493 782 dicuntur.
540 721 581 780 At
597 715 768 780 Marcianos
794 727 824 779 et
843 714 1033 792 Archontici,
1066 733 1120 776 nee
1145 734 1203 775 ooo
1229 722 1259 774 et
1283 712 1348 775 illo-

189 844 252 886 rom
279 821 411 885 asseclae
436 818 621 898 Manichaei,
654 820 701 903 qui
727 839 785 882 non
808 819 872 880 sine
897 817 995 879 diviua
1019 816 1140 899 quadam
1164 814 1348 897 providentia

189 925 330 987 luriosum
353 923 422 985 illud
441 934 546 985 nomen
570 922 665 985 sortiti
683 921 837 995 ridentur,
869 920 959 1002 igitur
975 938 1078 980 omncs
1095 916 1143 979 isti
1161 938 1225 979 cum
1244 916 1348 1000 pleris-

189 1047 244 1110 que
264 1025 329 1088 aliis
351 1025 541 1101 haeresibus,
567 1021 747 1100 Cainorum,
772 1020 974 1097 Setiauorum,
999 1017 1346 1095 Melchisedeciauorum,

190 1125 450 1204 Colorbasiorum‚
476 1124 729 1190 Cerdonianorum
740 1134 756 1204 ‚⁸
773 1145 808 1187 ac
825 1125 932 1187 ceteris
948 1124 976 1185 id
991 1142 1103 1206 genus,
1128 1121 1251 1183 eundem
1270 1120 1349 1183 illum

189 1228 394 1291 universorum
423 1239 532 1313 patrem
558 1225 743 1291 contumeliis
760 1227 906 1301 afficiunt,
939 1226 1005 1288 dum
1023 1225 1116 1309 ipsum
1137 1232 1247 1306 negant
1262 1222 1347 1285 deum

190 1331 270 1394 illum
298 1331 432 1394 extitisse
457 1333 504 1415 qui
529 1332 557 1393 io
582 1333 647 1415 lege
664 1350 698 1392 ac
719 1329 867 1414 prophetis
891 1328 1005 1390 loeutus
1028 1337 1092 1404 est,
1125 1324 1232 1410 quique
1251 1323 1349 1386 iurcu

189 1434 298 1495 creatis
320 1433 408 1496 rebus
425 1433 577 1510 ominibus,
611 1445 748 1515 tanquam
767 1442 885 1493 creator
906 1441 935 1492 et
956 1429 1056 1514 opilex
1074 1430 1232 1505 adoratur,
1266 1427 1349 1488 ouius

189 1536 228 1599 illi
246 1534 353 1598 cultum
380 1557 434 1598 nna
459 1557 524 1597 cum
541 1535 691 1597 dominatu
706 1555 741 1596 ac
760 1542 903 1618 potestate
922 1541 1069 1595 conantur
1088 1541 1242 1607 evertere,
1269 1541 1300 1591 ut
1319 1538 1350 1591 et

189 1638 289 1715 illum,
321 1637 491 1720 quirevera
511 1649 573 1713 est,
608 1639 724 1699 eiurent
737 1637 823 1698 deum
841 1646 870 1697 et
888 1636 1029 1711 alterum,
1063 1634 1111 1717 qui
1131 1640 1347 1715 nusquamest,

189 1740 262 1803 falsa
279 1761 313 1802 ac
331 1740 463 1802 fabulosa
480 1740 617 1825 opinione
631 1760 685 1802 sua
702 1737 882 1820 confingant,
907 1749 993 1821 atque
1009 1748 1038 1798 et
1052 1757 1154 1798 rerum
1170 1735 1248 1796 illum
1265 1733 1349 1795 amit·

190 1853 265 1920 tant,
290 1852 331 1919 et,
349 1861 434 1925 quem
454 1842 527 1904 falso
546 1841 600 1903 sibi
618 1852 794 1925 proponunt,
820 1860 1001 1922 nequaquam
1020 1848 1224 1921 assequantur.
1271 1835 1347 1898 Nam

190 1946 263 2009 haec
282 1955 328 2007 est
342 1943 464 2025 nugacis
483 1942 567 2006 istius
589 1942 758 2020 doctrinae,
790 1962 864 2024 quae
881 1963 921 2003 ex
937 1941 1043 2004 diaboli
1060 1951 1125 2002 satu
1141 1939 1346 2024 proficiscitur,

190 2047 236 2111 vie
257 2058 285 2109 et
302 2055 422 2120 natura,
448 2056 478 2106 ut
495 2044 725 2106 tumultationem
743 2065 777 2107 ac
798 2043 1044 2128 perturbationem
1061 2043 1208 2117 immittat,
1233 2051 1263 2104 et
1281 2063 1349 2126 pro·

190 2159 356 2213 creatorum
373 2146 520 2209 bonrinum
539 2157 652 2208 mentes
667 2147 887 2209 contumeliosis
903 2147 931 2208 iu
951 2146 1034 2208 deum
1051 2142 1276 2226 cogitationibus
1294 2163 1349 2206 ex·

190 2252 276 2327 citet,
301 2260 331 2313 ut
349 2249 515 2333 depravatis
533 2247 703 2331 quibusdam
722 2248 924 2333 opinionibus,
950 2268 1023 2332 quae
1043 2268 1106 2309 cum
1125 2246 1171 2307 dci
1191 2245 1349 2328 negatione

189 2355 364 2418 coniunctae
388 2361 474 2428 sunt,
508 2362 610 2413 contra
636 2349 784 2413 dominum
807 2371 891 2413 suum
917 2349 1022 2412 hostile
1046 2348 1151 2411 bellum
1174 2348 1346 2431 suscipiant.

188 2454 248 2521 Sed
274 2475 390 2519 rursum
410 2454 491 2516 velut
514 2454 638 2537 quodam
656 2451 723 2514 hiuc
744 2452 870 2515 divortio
889 2454 965 2514 laeto
984 2450 1115 2514 nonnulli
1133 2450 1218 2512 aliaor
1236 2450 1264 2511 io
1283 2470 1349 2533 par·

190 2569 247 2622 tem
263 2559 420 2620 deflectere
436 2576 492 2617 ιιοο
512 2555 699 2631 dubitarunt,
724 2564 755 2618 ut
773 2555 889 2617 unicum
908 2554 1122 2638 redemptorem
1141 2572 1225 2615 suum
1244 2572 1279 2614 ac
1298 2551 1349 2614 do·

188 2662 296 2724 minum
316 2659 516 2740 abnegarent,
551 2657 730 2740 unigenitum
749 2658 876 2719 viventis
894 2656 941 2718 dei
961 2656 1048 2718 lilium
1071 2653 1166 2716 lesum
1185 2650 1348 2732 Christum,

189 2763 237 2845 qui
258 2761 293 2823 ab
318 2761 420 2822 eodeni
441 2771 523 2844 patre
547 2780 653 2822 revera
675 2771 719 2822 est
745 2759 811 2822 sine
833 2760 891 2822 ullo
911 2758 995 2820 initio
1014 2778 1048 2820 ae
1068 2769 1197 2839 tempore
1217 2756 1347 2840 genitus,

190 2863 296 2947 quique
323 2863 359 2923 ab
382 2882 419 2924 eo
441 2873 469 2922 et
494 2883 559 2925 cum
585 2883 620 2924 eo
646 2883 765 2946 semper
781 2861 902 2939 existit,
935 2859 982 2943 qui
999 2862 1115 2922 ratione
1133 2859 1254 2942 quadam
1274 2877 1349 2940 quae

189 2964 268 3028 omni
285 2963 546 3047 comprehensione
573 2967 709 3048 superior
726 2974 771 3027 est
794 2964 858 3026 sine
876 2964 934 3026 ulla
954 2962 1154 3046 inquinatione
1170 2959 1286 3044 genitus
1304 2969 1351 3021 est

190 3067 319 3130 eiusdem
344 3087 409 3128 cum
434 3077 515 3151 patre
540 3066 739 3141 substantiae,
776 3087 830 3127 uec
856 3065 891 3126 ab
915 3086 950 3127 oo
975 3064 1034 3127 ullo
1057 3065 1142 3126 modo
1165 3063 1347 3146 discrepans.

191 3165 303 3232 Contra
332 3166 408 3228 hunc
434 3168 522 3250 igitur
544 3168 728 3232 insanientes
751 3168 817 3244 alii,
850 3167 931 3229 velut
952 3168 1043 3229 rabidi
1062 3186 1168 3241 canes,
1201 3165 1349 3227 domiuum

189 3292 274 3334 suum
290 3268 472 3343 allatrantes,
497 3271 737 3352 quemadmodum
756 3267 952 3346 olim⁴ludaei,
974 3269 1049 3352 qood
1067 3269 1145 3331 illum
1164 3268 1348 3351 ignorarent,

190 3372 295 3435 merito
310 3375 383 3430 muti
396 3392 478 3432 corios
494 3392 510 3433 a
525 3373 663 3456 propheta
680 3382 833 3435 vocantur.
880 3369 964 3454 Quae
980 3373 1008 3433 iu
1027 3372 1093 3434 illos
1108 3370 1263 3455 appellatio
1278 3389 1346 3453 pro·
1358 3382 1502 3440 usnemu.

190 3484 255 3558 pter
275 3472 470 3556 impudentem
489 3495 522 3534 ac
541 3475 728 3537 temerarium
753 3475 867 3537 illorum
887 3474 917 3536 in
938 3474 1103 3550 dominum,
1138 3484 1168 3535 et
1184 3481 1348 3556 susceptam

191 3575 227 3638 ab
247 3585 431 3636 conaturam
455 3574 591 3657 impetum
617 3586 647 3636 et
673 3575 811 3638 insultum
835 3577 899 3638 iure
923 3579 1089 3650 confertur,
1123 3588 1153 3637 ut
1171 3595 1209 3638 ex
1227 3594 1263 3635 eo
1279 3594 1350 3636 con·

190 3687 270 3741 stare
291 3687 387 3761 potest
404 3676 478 3758 quod
499 3675 633 3746 rabiosos
649 3698 737 3739 onnes
756 3678 793 3739 ob
810 3677 837 3739 id
854 3689 950 3742 mutos
966 3699 1032 3742 esse
1049 3687 1187 3755 narrant,
1212 3673 1349 3760 quoniam

190 3780 252 3866 ipsa
275 3778 342 3840 illos
366 3778 463 3840 rabies
486 3778 640 3840 edentulos
665 3777 744 3839 lacit.

275 3878 331 3943 Est
348 3880 424 3943 enim
444 3879 516 3942 haee
538 3890 642 3942 natura
658 3900 783 3957 eanum,
808 3891 960 3966 postquam
979 3882 1060 3945 rabie
1079 3883 1180 3945 tentati
1199 3889 1279 3956 sunt,
1305 3888 1348 3958 ut,
1362 3901 1423 3970 ⁰⁸1³·
1441 3902 1484 3954 pv,

187 3985 238 4069 qui
256 3983 403 4046 dominum
431 3993 535 4059 autea,
570 3983 690 4065 eiusque
714 3982 822 4045 liberos
844 4004 878 4044 ac
896 3984 1090 4061 domesticos,
1122 3995 1298 4065 ceterosque
1314 3981 1350 4043 il-

186 4080 244 4153 lius
272 4088 449 4174 propinquos
474 4097 504 4147 et
527 4085 685 4148 familiares
713 4095 933 4166 cognoverant,
968 4085 1141 4170 simulatque
1169 4083 1271 4177 panrbo
1298 4083 1349 4147 illo

191 4190 319 4274 correpti
336 4201 421 4265 sunt,
454 4188 581 4250 orrroium
604 4188 727 4249 istorum
754 4187 851 4249 vultus
870 4187 985 4250 illorum
1008 4188 1101 4251 oculis
1122 4187 1289 4250 commutati
1304 4187 1349 4249 vi-

192 4291 334 4371 deantur,
367 4302 454 4375 atque
477 4291 506 4352 in
532 4300 618 4353 notos
645 4289 792 4368 insiliant,
824 4310 897 4373 quos
921 4301 1007 4353 antea
1031 4291 1135 4376 partim
1159 4291 1250 4354 cauda
1268 4288 1349 4373 blau·

224 4461 249 4512 3.
268 4460 420 4524 superorat
439 4461 491 4527 μὶν.
788 4459 861 4514 ἕνεκα
877 4463 931 4526 τῆς.

225 4532 250 4583 l.
269 4531 375 4582 Fortasse
393 4529 423 4584 ἐκ
440 4532 503 4597 τῆς,
521 4533 557 4583 vet
572 4528 753 4611 κατηξιομένοι
