3096 5070
424 321 561 375 neuton
579 323 644 376 urs.
656 324 702 376 su.
718 323 801 376 rou
814 325 834 375 1.
851 323 953 375 uren.
966 322 1114 374 uxxxun.
1303 312 1345 378 ss

188 454 263 509 trem
281 442 326 507 sui
344 441 449 507 similis
464 463 532 507 esee
545 441 597 506 dlii
615 452 744 527 patrem,
768 441 903 508 etlilium
922 441 1045 507 similem
1066 461 1134 506 esse
1154 443 1263 528 patris,
1287 466 1344 529 quo

189 567 230 612 ex
256 557 337 632 patre
361 544 436 609 filius
464 543 647 629 intelligitur.
701 543 779 608 'l'unr
807 544 862 608 hoc
891 544 1014 630 insuper
1038 544 1210 622 statuimus,
1250 565 1345 630 eoque

189 648 324 734 dogmate
347 661 475 715 mentem
496 647 533 711 ab
560 646 639 714 omni
659 643 856 710 Sabelliorum
874 666 910 710 ne
933 657 1100 710 ceterorum
1120 665 1223 710 errore
1240 667 1346 732 purge·

189 773 272 817 muse
306 771 402 837 nequo
427 751 516 814 filium
543 758 655 833 patrem
674 768 743 812 esse
769 769 876 833 posse,
910 760 1134 832 neqnepctrem
1154 747 1262 827 ilium,
1294 749 1345 813 sed

187 853 481 930 discernentium,
500 861 530 914 et
545 860 656 935 petrem
673 871 741 914 esse
758 861 883 935 patrem,
904 872 963 915 non
982 849 1083 916 lilium.
1129 847 1163 914 ln
1181 849 1226 914 his
1241 849 1346 936 quippe

189 968 326 1022 accurata
342 973 534 1041 personarum
553 951 701 1016 distinctio
727 952 911 1031 continetur,
943 963 974 1016 ut
998 963 1110 1038 patrem
1137 953 1347 1038 sempiternum

189 1078 257 1123 esse
276 1067 407 1143 patrem,
438 1065 468 1118 et
485 1053 583 1119 carnis
603 1065 776 1140 expertem,
808 1065 894 1138 atque
917 1055 1129 1134 immortalem,
1162 1054 1250 1119 ilium
1273 1075 1347 1119 vero

188 1160 280 1224 filium
307 1177 375 1221 esse
401 1177 534 1241 semper,
570 1176 772 1242 necunquam
792 1168 903 1241 patrem
928 1177 996 1220 esse
1019 1157 1206 1222 definiamus.
1251 1154 1347 1223 Porro

190 1281 255 1325 cum
273 1281 381 1341 semper
396 1258 517 1322 dicimus
535 1258 591 1322 lroc
604 1259 697 1344 ipsum
712 1258 863 1338 volumus,
897 1258 961 1323 eius
980 1258 1152 1345 hypostasin
1171 1268 1257 1324 extra
1274 1269 1347 1324 tenr-

190 1382 243 1448 pus
259 1382 364 1441 omne,
394 1371 424 1424 et
447 1360 659 1444 intelligentius
680 1361 971 1445 comprehensionem
990 1381 1070 1426 esse.
1116 1357 1176 1425 Sed
1197 1360 1278 1426 illum
1298 1361 1348 1425 de·

190 1463 277 1548 nique
293 1484 411 1527 carnem
423 1465 459 1528 de
476 1463 565 1548 patris
578 1463 729 1528 voluntate
743 1463 923 1548 suscepisse,
939 1485 973 1527 ao
989 1473 1112 1527 mortem
1126 1474 1228 1529 nostra
1243 1484 1347 1529 caussa

189 1566 376 1635 sustinuisse.
423 1562 540 1650 Quibus
561 1565 639 1630 hunc
662 1565 691 1628 io
714 1565 831 1629 modum
853 1564 962 1650 liquido
986 1565 1140 1645 stabilitis,
1173 1566 1284 1652 egregii
1306 1567 1349 1631 illi

191 1669 301 1733 erroris
317 1669 432 1753 patroni
453 1668 509 1732 duo
529 1667 671 1752 quaedem
690 1669 806 1730 efficere
823 1667 966 1731 nituntur.
1012 1665 1141 1732 Primum
1158 1679 1190 1732 ut
1208 1689 1246 1732 ne
1263 1679 1349 1754 pater

189 1771 312 1857 amplius
329 1792 364 1834 ac
380 1771 477 1850 lilius,
501 1772 553 1834 sed
570 1770 719 1854 ingenitus
734 1790 769 1832 ac
784 1769 902 1853 genitus
920 1770 1043 1834 dicatur.
1090 1768 1157 1853 Qua
1173 1770 1288 1835 ratione
1303 1772 1348 1836 lu·

189 1896 254 1939 cum
273 1875 439 1952 sefacere,
463 1884 551 1956 atque
570 1871 724 1936 ecclesiam
741 1870 955 1936 circumvenire
972 1883 1073 1956 putant
1091 1893 1189 1958 posse.
1234 1871 1348 1937 Verum

190 1977 237 2060 qni
266 1975 429 2038 divinarum
456 1995 555 2037 rerum
581 1973 725 2058 sapientia
748 1973 874 2058 pollent,
907 1995 1091 2058 nequaqnam
1117 1975 1172 2038 hoc
1196 1975 1347 2062 ignorant,

189 2076 312 2161 ingeniti
330 2097 434 2140 vocem
452 2075 621 2140 inferiorem
639 2096 706 2139 esse
724 2075 816 2160 patris
835 2075 970 2152 nomine,
1001 2087 1157 2162 propterea
1171 2078 1248 2162 quod
1264 2078 1349 2162 inge·

189 2179 245 2243 uiti
262 2179 343 2242 notio
360 2198 429 2263 prae
444 2198 478 2241 se
493 2177 561 2241 illud
584 2198 671 2240 unum
696 2179 771 2256 lert,
805 2187 836 2241 ut
853 2199 912 2241 non
935 2198 1003 2242 esse
1020 2178 1138 2262 genitus
1155 2179 1347 2265 intelligatur,

189 2284 319 2346 nondum
337 2292 435 2345 lamen
451 2279 529 2344 sitne
545 2289 631 2364 pater
644 2278 784 2343 declaret.
824 2279 871 2375 ,Ar
888 2301 960 2343 vero
975 2289 1058 2365 pater
1073 2280 1196 2366 amplius
1213 2282 1348 2367 quiddam

189 2396 236 2448 eut
251 2382 376 2468 ingeniti
387 2382 554 2460 'vocabulo,
578 2380 714 2465 quoniam
731 2381 761 2444 in
778 2381 851 2460 hoc,
884 2381 925 2454 nti
943 2381 1023 2459 dixi,
1055 2381 1101 2445 vis
1118 2381 1166 2445 illa
1184 2385 1274 2469 patris
1289 2406 1348 2448 non

189 2486 377 2572 exprimitur.
431 2481 491 2548 Sed
516 2483 545 2547 in
570 2483 661 2568 patris
684 2483 801 2548 nomine
824 2483 894 2547 illud
919 2505 976 2547 nnn
1003 2483 1206 2568 signilioatur,
1237 2496 1348 2570 patrem

189 2609 248 2653 uon
263 2608 329 2653 esse
346 2586 450 2671 iulium,
475 2587 500 2650 si
514 2585 632 2670 proprie
648 2595 732 2669 poter
748 2584 938 2671 intelligatur,
963 2607 998 2648 ac
1017 2586 1064 2650 sni
1078 2585 1184 2662 similis
1205 2606 1273 2651 esse
1295 2587 1350 2651 sulii

190 2688 375 2773 principium.
422 2688 557 2767 Alterum
580 2686 656 2772 qnod
673 2687 817 2772 perficere
835 2687 1010 2751 studuerunt
1027 2687 1099 2770 luit,
1123 2699 1162 2754 ut
1179 2687 1348 2755 dissimilem

187 2790 321 2870 essentie
336 2790 429 2854 lilium
448 2790 540 2875 patris
560 2810 628 2853 esse
650 2789 768 2876 scriptis
789 2791 972 2855 mandarent.
1019 2787 1087 2872 Quo
1113 2790 1230 2855 nomine
1254 2791 1350 2856 eccle·

190 2889 265 2957 siam
289 2892 486 2956 condemnare
514 2913 547 2956 se
572 2911 661 2978 posse
688 2903 827 2977 putarunt
849 2892 886 2955 iis
912 2892 1005 2957 literis
1031 2892 1160 2977 quaneh
1188 2879 1351 2958 venerabili

193 2993 332 3078 episcopo
355 2992 449 3058 Hosio
474 3015 526 3079 per
555 2995 685 3058 fraudem
710 2993 910 3073 abstulerunt,
944 2994 1101 3079 inquibus
1127 2991 1277 3060 dissimilis
1304 3017 1352 3061 ee·

192 3095 425 3180 scotialegitur.
472 3094 584 3161 Verum
601 3117 665 3159 cum
685 3092 855 3161 Orientales
874 3093 1013 3160 Sirmium
1031 3097 1155 3180 proiecti
1175 3097 1261 3162 huius
1280 3119 1352 3183 qno-

192 3218 248 3282 qne
276 3198 409 3261 haeresis
430 3197 645 3283 improbitatem
663 3220 720 3262 unc
747 3221 812 3263 cum
832 3199 896 3262 aliis
915 3210 1016 3263 essent
1036 3198 1198 3285 complexi,
1231 3220 1268 3263 ne
1284 3221 1351 3285 pro-

191 3311 256 3383 pter
269 3321 322 3364 eos
336 3299 384 3384 qui
399 3299 571 3364 orientalem
590 3301 657 3364 lidei
675 3301 888 3386 professionem
906 3312 1077 3385 pervertere
1095 3323 1152 3365 non
1170 3295 1350 3381 dubitarunt,

192 3402 229 3465 ad
246 3403 424 3467 reddendum
444 3404 587 3468 rationem
610 3403 848 3489 impellerentur,
881 3403 1062 3468 substantiae
1080 3425 1206 3486 nomen,
1238 3404 1315 3490 quod
1335 3425 1352 3468 a

193 3502 325 3586 patribus
345 3506 380 3568 cd
399 3527 451 3570 eas
468 3526 589 3570 caussas
606 3526 677 3589 quas
694 3506 844 3590 attigimus
859 3505 888 3568 in
907 3527 991 3569 nsum
1012 3517 1160 3592 receptum
1179 3508 1290 3584 luerat,
1315 3505 1351 3569 ab

193 3601 393 3670 ecclesiastica
418 3606 497 3670 omni
525 3607 657 3670 doctrina
684 3608 839 3693 prolligare
865 3610 962 3671 conati
987 3622 1072 3687 suot,
1105 3619 1137 3673 ut
1160 3608 1212 3673 hac
1237 3607 1352 3671 ratione

193 3725 278 3770 cuam
301 3704 444 3770 haeresim
468 3708 708 3772 corroborarent.
1226 3765 1227 3768 ,

280 3804 333 3870 Sic
356 3806 433 3872 enim
451 3809 527 3894 npnd
553 3830 586 3872 se
618 3808 800 3892 cogitarunt,
829 3809 855 3872 si
880 3812 1003 3876 excluso
1029 3810 1210 3875 substantiae
1232 3809 1492 3895 nominecep.xv.

192 3909 309 3974 actione
328 3909 392 3974 sola
415 3931 450 3973 ac
466 3910 616 3973 voluntate
635 3909 759 3972 similem
776 3911 865 3993 patris
883 3933 951 3977 esse
970 3913 1059 3978 lilium
1079 3914 1229 3992 dicerent,
1261 3911 1352 3977 licere

192 4011 248 4076 sibi
277 4012 392 4077 sublato
416 4032 538 4098 prorsus
563 4008 745 4075 substantiae
762 4012 878 4075 nomine
899 4014 1067 4078 dissimilem
1090 4014 1240 4100 deinceps,
1273 4015 1349 4099 qnod

190 4115 229 4190 ad
251 4113 344 4201 ipsum
362 4134 429 4179 esse
447 4126 477 4179 et
493 4114 625 4178 existere
651 4112 795 4198 pertinet,
826 4114 918 4199 patris
934 4118 1124 4201 pronuntiare
1141 4117 1244 4181 lilium.
1289 4116 1351 4182 Sed

192 4287 220 4336 tlt
235 4285 339 4353 Semper
353 4295 437 4336 antem
454 4284 558 4337 dicimus
572 4294 756 4368 proptertenr-
806 4282 847 4370 ‚u
866 4289 894 4337 ln
913 4287 979 4337 tusis
1002 4289 1073 4350 culpo
1095 4290 1253 4352 suscriptum
1269 4281 1352 4355 dotto

192 4352 262 4421 poris
277 4353 445 4405 exclusionem
467 4364 494 4405 et
508 4353 662 4407 submutare
686 4371 753 4407 com-
787 4370 840 4411 ουν,
1461 4418 1466 4425 .

194 4420 443 4490 prehensibilitntem.
823 4423 881 4473 Cur.
903 4424 960 4474 XV.
979 4451 1011 4463 -
1047 4424 1069 4477 l.
1088 4421 1182 4488 ἕξουσιν
1198 4419 1352 4484 οὗοίαςοοά.

228 4484 254 4540 4.
271 4491 336 4541 Lttm
352 4492 437 4543 dudem
454 4486 469 4544 ὃ
488 4490 541 4560 μὲν.
789 4494 835 4544 leo.
870 4488 958 4552 odolo:
976 4489 1072 4556 linceus
1088 4495 1143 4544 sdtts'
1165 4496 1220 4544 ttbrt
1262 4487 1352 4550 odolo:

228 4556 253 4608 5.
270 4558 388 4630 ltucmprt
404 4560 430 4614 sl
444 4578 482 4628 γι
517 4563 583 4615 turs
598 4562 682 4613 ludent
698 4559 755 4614 εἴτε.
788 4575 868 4634 oceno
885 4576 930 4613 om
947 4563 999 4613 cod
1016 4564 1116 4626 lttedtp.

1097 4649 1146 4713 ⁷*
