3096 5070
301 288 344 350 24
728 293 853 346 ⁸31*ch
869 293 1041 346 mmm!

303 412 345 491 οῖς
362 416 444 480 ἐστιν
457 415 490 479 ἐν
512 410 584 502 δόξῃ
602 409 805 500 άκαταλῆπτφ.
851 412 912 475 Καί
930 418 1024 476 ταῦτα
1042 411 1095 493 μέν
1116 411 1221 488 καθιδς
1238 413 1406 497 ἐχωροῦμεν
1424 415 1467 490 είς

304 521 479 602 δοξολαγίαν
495 521 573 580 θεοῦ
593 511 716 596 στόματι
734 510 920 602 άνθρωπίνφ
938 512 1102 597 είρῆκαμεν.
1149 513 1195 578 Οῦ
1210 513 1268 600 γάρ
1285 517 1389 598 ίχομεκ
1407 517 1464 582 δτί·

305 645 361 706 ρας
375 624 515 703 φθογγῆς
531 623 635 700 χρῆσιν
649 612 724 700 ῦπέρ
742 613 795 698 τῆν
812 617 845 680 ἐκ
862 622 938 681 θεοῦ
953 612 1025 698 ἡμῖν
1040 618 1072 681 ἐν
1090 617 1187 705 μέτρω
1201 621 1354 696 δοθεῖσαν,
1377 620 1405 682 εί
1414 619 1468 684 καλ

305 728 349 810 τῷ
370 725 414 809 νῷ
438 716 647 802 περισσότερον
668 719 733 801 περλ
760 725 838 783 θεοῦ
862 714 1120 800 ῦπολαμβάνομεν.
1160 716 1236 782 Ἀλλ’
1258 715 1312 801 οιέχ
1334 715 1467 786 άκόσαό

306 829 378 899 νοῦς
395 824 467 904 ἔχει,
494 827 622 886 τοσαῦτα
640 819 763 885 δύναται
780 818 814 885 τό
830 819 925 903 στόμα
943 822 1051 906 λέγειν,
1081 821 1177 909 μέτρω
1191 819 1466 904 άποιιειιλεισμίνον,

304 926 357 990 καλ
369 921 563 1007 συνεχόμενον
576 930 640 996 τοῖς
654 931 833 1003 σωματικοῖς
847 920 993 1008 όργάνοις.
1038 920 1096 988 Διδ
1113 924 1161 987 καί
1178 934 1381 1008 συγγνωμονεῖ
1393 924 1468 1002 θεός

304 1023 374 1111 παρ’
392 1022 479 1108 ῆμῦν
495 1023 714 1108 άποδεχόμενος
731 1023 784 1107 τῆν
799 1026 867 1107 περλ
882 1021 976 1089 αὐτοῦ
990 1026 1103 1106 είδησιν
1119 1025 1171 1089 καῖ
1187 1029 1369 1110 δοξολογίαν,
1391 1022 1466 1111 ῦπέρ

304 1126 359 1212 τῆν
379 1124 467 1211 ῆμῦν
488 1125 614 1208 δύναμιν
638 1129 894 1210 ἐπιτεινομένην,
932 1126 1000 1210 οὐχί
1024 1132 1087 1215 θεῷ
1109 1130 1289 1211 χαρίσασθαί
1312 1153 1357 1208 τι,
1394 1127 1468 1193 άλλά

305 1234 472 1314 δοξολογεῖν
486 1228 520 1294 τό
537 1237 623 1294 θεῖον
638 1228 714 1294 κατά
731 1229 875 1312 δύναμιν,
895 1231 936 1304 είς
954 1227 986 1292 τά
1004 1227 1155 1310 7εὐσεβεῖς
1171 1236 1336 1312 φρονῆσαι,
1358 1232 1409 1295 καί
1426 1229 1467 1313 μῆ

306 1334 441 1399 ἐκπεσεῖν
463 1337 517 1412 τῆς
535 1329 630 1396 αῦτοῦ
648 1331 767 1413 χάριτος
783 1333 834 1396 καῖ
852 1329 1002 1413 άληθείας.
1051 1337 1149 1394 Ταῦτα
1165 1331 1197 1395 δέ
1215 1333 1283 1414 περλ
1301 1340 1354 1397 τοῦ
1371 1330 1467 1398 αῦτοῦ

306 1431 425 1499 Αῦδίον
448 1435 578 1498 καλιάν
600 1430 764 1498 Αῦδιαναῖυ
788 1433 1037 1515 διαλαμβάνοντες
1062 1435 1212 1514 ἐξείπομεν
1233 1431 1269 1496 τά
1293 1430 1345 1498 ὁπ’
1367 1433 1468 1499 αὐταῖν

307 1535 462 1621 λεγόμενα,
491 1532 538 1610 οίς
556 1534 631 1601 κατά
655 1533 687 1600 τό
707 1533 856 1600 ἰδιωτικόν
874 1537 925 1600 καλ
938 1534 1024 1599 αῦτολ
1040 1534 1244 1619 διηγούμενοι,
1272 1537 1323 1600 καλ
1338 1535 1414 1601 κατά
1433 1533 1467 1601 τό

308 1637 477 1720 φιλόνεικον
498 1641 530 1704 έν
551 1635 667 1714 τούτοις
680 1635 862 1720 άντέχονται,
884 1637 1028 1722 άπρεποῖε
1044 1635 1296 1721 διϊσχνριζόμενοι.

172 2057 239 2126 Κεφ.
255 2057 288 2113 θ’.
386 2044 511 2129 Ἔχουσι
534 2046 566 2111 δέ
586 2048 637 2111 καί
658 2042 730 2113 άλλα
752 2044 832 2125 τινά,
865 2044 903 2112 δι’
925 2045 999 2130 άπερ
1022 2045 1146 2129 μάλιστα
1174 2050 1307 2112 ἵστανται
1335 2051 1469 2133 περισσό-

307 2166 394 2232 τερον
421 2146 477 2230 τῆν
503 2153 645 2232 διαίρεσιν
666 2148 862 2230 ποιησάμενοι
889 2157 943 2231 τῆς
964 2151 1134 2231 ἐκκλησίας,
1168 2146 1206 2214 δι’
1231 2143 1270 2232 ῆς
1290 2151 1341 2215 καί
1364 2148 1469 2227 ἄλλους

309 2248 473 2332 κείραντες
494 2254 634 2326 πολλάκις
654 2250 854 2316 ἀνθέλκουσιν
875 2251 936 2318 άπό
961 2258 1012 2333 τῆς
1033 2254 1202 2331 ἐκκλησίας,
1235 2252 1468 2337 παρελκῦσαντες

311 2351 422 2437 ἄνδρας
443 2377 473 2418 τε
494 2355 543 2418 καλ
566 2362 715 2437 γυναῖκας.
761 2351 849 2418 Μετά
872 2351 927 2438 γάρ
947 2351 1101 2418 Ἰουδαίων
1122 2354 1280 2436 βούλονται
1301 2353 1334 2419 τά
1361 2356 1467 2438 Πάσχα

310 2457 465 2535 ἐπιτελεῖν,
496 2447 691 2543 τοντέστινςό
719 2462 813 2542 καιρῷ
836 2460 867 2520 οί
885 2453 1026 2521 Ἰουδαῖοι
1055 2464 1174 2521 ποιοῦσι
1204 2455 1240 2521 τά
1270 2455 1339 2541 παρ’
1366 2457 1469 2533 αὐτοῖς

300 2556 425 2640 Ἀζνμα,
442 2558 505 2624 τότε
526 2557 611 2623 αῦτολ
629 2565 829 2640 φιλονεικοῦσι
847 2555 881 2622 τό
899 2557 1002 2641 Πάσχα
1019 2556 1113 2643 άγειν·
1134 2563 1185 2623 καί
1201 2562 1295 2641 δῆθεν
1311 2561 1356 2625 ’ότι
1372 2559 1469 2635 οὕτως

187 2653 384 2743 μις.821.ἦνῆ
403 2663 539 2743 ἐκκλησία
556 2662 713 2743 φερομένη.
758 2663 803 2724 Εέ
816 2684 847 2745 γε
865 2661 916 2724 καλ
934 2659 1022 2745 λόγον
1043 2662 1337 2743 σεσνκοφαντημίνον
1354 2659 1469 2726 δεικνῦ-

309 2785 377 2828 ουσι
389 2773 451 2838 τοῖς
466 2767 726 2845 ἐκκλησιαστικαῖς,
740 2759 815 2827 κατά
830 2770 918 2828 τοῦτο
936 2760 968 2827 τό
984 2764 1083 2846 μέρος,
1100 2762 1266 2842 φάσκοντες
1280 2761 1341 2828 άπό
1365 2772 1467 2829 Ιίίων·

310 2871 466 2930 σταντίνον
485 2865 535 2930 διά
553 2865 607 2947 τῆν
621 2864 698 2949 πρός
716 2863 766 2930 τόν
782 2867 918 2947 βασιλέα,
941 2866 1030 2946 φησί,
1052 2870 1308 2946 προςωποληψίαν
1327 2873 1466 2932 ’καταλε

309 2971 429 3032 λοίπατε
444 2966 497 3049 τῆν
514 2975 573 3031 τοῖν
588 2969 725 3050 πατέρων
740 2970 809 3051 περλ
824 2974 879 3032 τοῦ
893 2965 999 3050 Πάσχα
1015 2969 1120 3049 ἐορτῆς
1138 2965 1331 3043 άκολουθίαν,
1345 2971 1397 3034 καί
1412 2967 1467 3050 τῆν

309 3065 423 3152 ἡμέραν
441 3069 633 3151 μετηλλάξατε
656 3072 698 3144 είς
721 3067 755 3134 τό
780 3076 920 3151 καθῆκον
942 3075 996 3134 τοῦ
1019 3072 1168 3152 βασιλέως.
1218 3071 1301 3146 Ἰλνές
1323 3071 1355 3136 δὲ
1380 3068 1469 3136 πάλιν

310 3169 386 3235 κατά
409 3168 443 3236 τό
466 3175 543 3236 ἴδιον
561 3170 728 3251 φιλόνεικον
750 3168 893 3254 ὁρίζονται
915 3170 974 3250 ὅτι,
997 3170 1070 3236 Ὅτε
1088 3172 1124 3237 τά
1148 3175 1284 3259 γενέθλια
1304 3180 1359 3237 τοῦ
1384 3179 1467 3236 Kone-

310 3278 476 3352 σταντίνον,
498 3273 564 3339 τότε
578 3273 821 3355 μετεποιῆσασθε,
843 3275 928 3355 φησί,
951 3272 984 3339 τά
1006 3274 1118 3357 Πάσχα.
1152 3277 1210 3339 Καὶ
1230 3277 1257 3339 εί
1270 3274 1323 3356 μέν
1338 3280 1375 3362 τῆ
1392 3273 1470 3358 αὐτῆ

310 3371 407 3465 ῆμέργ
432 3374 465 3440 τό
485 3376 590 3458 Πάσχα
610 3373 694 3460 ἤγετο
712 3373 773 3440 κατ’
803 3378 884 3455 ἐτος,
914 3377 965 3440 καλ
987 3384 1022 3464 τῆ
1038 3375 1115 3465 αὐτῆ
1131 3373 1248 3459 ιῖρίσθη
1265 3383 1352 3441 τοῦτο
1372 3381 1471 3438 ποιεῖν

313 3480 388 3543 8ἐκεῖ
404 3485 458 3560 τῆς
472 3480 521 3544 ἐπί
539 3480 766 3543 Κωνσταντίνου
784 3483 980 3560 συναχθείσης
997 3476 1128 3542 συνόδου
1144 3475 1277 3542 πιθανόν
1296 3468 1334 3558 ἦν
1349 3474 1383 3541 τό
1402 3471 1470 3559 παρ’

310 3578 414 3657 αὐτοῖς
428 3581 599 3667 λεγόμενον·
622 3578 713 3645 όπότε
728 3580 760 3644 δέ
778 3578 849 3645 καθ’
866 3582 989 3645 ἕκαστον
1006 3575 1144 3643 ἐνιαυτόν
1157 3577 1194 3644 οῦ
1209 3578 1333 3645 δόναται
1351 3582 1470 3662 ἐχεσθαι

309 3688 363 3764 τῆς
377 3682 469 3765 αὐτῆς
486 3685 596 3765 ψῆφον
610 3680 631 3766 ῆ
645 3680 821 3762 άκολονθία,
846 3684 977 3747 διέπεσεν
995 3678 1013 3745 ό
1029 3679 1129 3745 αὐταῖν
1144 3680 1240 3765 λόγος.
1287 3680 1331 3744 Οῦ
1348 3680 1403 3766 γάρ
1419 3680 1470 3746 διά

311 3783 344 3849 τό
359 3788 512 3871 γενέθλιον
527 3783 546 3852 ό
560 3785 696 3869 βασιλεῦς
713 3788 907 3868 ἐπεμελήσατο
916 3833 925 3862 ,
958 3781 1028 3847 α’λλά
1047 3781 1096 3847 διά
1114 3780 1167 3865 τῆν
1182 3784 1287 3848 ἕνωσιν
1302 3791 1353 3866 τῆς
1370 3787 1470 3865 ἐκκλη-

311 3890 385 3961 σίας.
433 3893 481 3974 Τιγῖ
505 3886 561 3974 γάρ
578 3888 642 3954 ὅντε
665 3890 720 3955 δύο
747 3891 867 3974 μέγιστα
887 3882 959 3967 ῆμῖν
982 3883 1183 3969 κατόρθωσιν
1207 3882 1318 3963 όθεός
1341 3885 1391 3951 διά
1416 3892 1470 3950 τοῦ

311 3991 529 4073 προειρημένου
549 3995 774 4056 Κωνσταντένον
800 3995 855 4054 τοῦ
878 3987 1112 4070 θεοφιλεστάτου
1133 3991 1185 4054 καὶ
1204 3988 1249 4052 ἆεί
1273 3994 1468 4072 μακαριστοῦ,

309 4088 343 4156 τό
361 4090 483 4169 συνάξαι
501 4091 711 4174 οίκουμενικῆν
729 4092 872 4171 σύνοδον,
901 4093 952 4156 καί
970 4095 1114 4157 ἐκθέσθαι
1132 4090 1186 4174 τῆν
1205 4094 1236 4156 ἐν
1257 4095 1370 4176 Νικαίγ
1394 4092 1467 4154 4ἐκ-

308 4202 446 4259 τεθεῖσαν
460 4200 568 4273 πίστιν,
590 4198 640 4260 καὶ
658 4191 895 4280 ὁμολογηθεῖσαν
912 4190 980 4274 μεθ’
997 4189 1175 4276 ῦπογραφῆς
1189 4200 1249 4257 τοῖν
1265 4188 1471 4256 συνελθόντων

342 4330 366 4385 7.
388 4328 448 4386 εῦσε
467 4331 494 4393 ἐς
508 4337 559 4385 τοῦ,
579 4337 675 4398 θλιδλγ.
938 4330 963 4381 θ.
986 4328 1179 4382 καταλελοίπατε
1199 4333 1352 4382 emendarunt
1383 4331 1472 4379 Coma·

343 4399 430 4451 Gna!
462 4431 517 4450 .-
555 4406 574 4451 1.
593 4405 633 4452 Sic.
651 4406 778 4453 comorius
790 4407 811 4452 εί
828 4404 871 4452 Pt-
904 4403 955 4448 τίαν
972 4403 1004 4460 (ιε
1017 4403 1077 4446 enim
1094 4403 1161 4446 νετίιλ
1174 4399 1307 4466 reliquistis
1324 4397 1386 4446 circa
1404 4399 1471 4447 οιΙν-

307 4473 386 4518 λαυῖιιι
411 4472 574 4521 emendarunt.
613 4473 640 4522 1η
665 4474 731 4522 βοῆς
755 4477 817 4522 emm
841 4473 874 4518 ιιι
907 4466 1023 4515 ίιιὶιαινιιι
1040 4465 1163 4514 Ρυεοίιαῑίε
1178 4467 1303 4530 οιιίίηντη)
1317 4471 1338 4516 τί
1353 4468 1472 4518 Ρείαυῖιιε.

307 4535 493 4591 Κωνσταντίον.
908 4535 934 4586 λιι
951 4536 1016 4583 λινῆν
1033 4539 1066 4583 εει
1083 4528 1281 4588 καταλελοιτότι.
