3096 5070
425 276 563 331 oanasu
579 278 641 330 urs,
658 273 701 329 ιιι.
718 277 800 331 rum.
817 279 849 330 ιι.
867 276 965 330 ussa.
982 279 1115 333 uxxvn.
1283 266 1345 331 345

190 421 226 465 ac
249 409 385 482 tanquam
410 396 551 461 baeretici
577 396 713 480 dogmata
735 397 792 461 ista
814 398 940 461 iactatos
973 409 1024 462 aut
1039 399 1064 461 si
1082 408 1195 482 patrum
1212 419 1279 464 esse
1295 399 1347 465 lilii

189 501 294 576 vultis,
329 499 401 564 nibil
425 509 542 585 practer
566 499 632 577 illa,
664 500 954 585 quaescripserunt,
988 500 1043 584 ipsi
1060 500 1244 564 sentiendum
1265 511 1347 584 puta-

190 615 261 669 tote.
307 601 425 665 Etenim
452 623 537 686 quam
562 601 632 665 illud
658 601 815 665 absurdum
837 602 892 681 sit,
925 602 974 664 vel
990 602 1057 665 hinc
1077 602 1249 666 existimare
1265 614 1348 688 pote·
1411 614 1414 619 ’

187 707 253 771 stis.
299 701 332 769 Si
353 704 567 768 enimverbum
586 703 721 787 corpori,
753 705 836 768 cuius
855 713 961 768 natura
983 704 1113 768 daterra
1137 704 1263 768 delibata
1288 717 1345 783 est,

187 807 439 875 consubstantiale
463 807 519 884 sit,
555 826 620 868 cum
648 826 687 869 ex
712 815 826 890 patrum
850 807 1038 871 consessione
1064 805 1185 892 perinde
1207 807 1245 870 ait
1271 806 1346 891 patri

189 907 440 976 consubstantiale
457 907 596 985 uerbum,
628 918 711 992 pater
726 908 790 992 ipse
807 920 927 971 terreno
950 910 1066 995 corpori
1087 909 1347 973 consubstantialis

190 1013 257 1077 crit.
304 1008 372 1094 Quo
390 1009 506 1094 quidem
523 1011 702 1090 constituto,
727 1009 793 1094 quid
811 1012 949 1094 estquod
969 1011 1098 1074 Arianos
1113 1011 1274 1089 incusetis,
1299 1011 1348 1095 qui

190 1116 279 1179 lilium
296 1123 462 1177 creaturam
479 1132 546 1176 esse
562 1113 742 1189 detendunt,
767 1133 831 1176 cum
848 1133 902 1176 vos
919 1114 973 1200 ipsi
990 1125 1102 1198 patrem
1119 1113 1263 1178 creaturis
1278 1134 1350 1177 con·

190 1215 411 1280 substantialem
430 1234 498 1278 csse
521 1215 642 1294 dicatis,
674 1225 705 1278 et
720 1216 756 1278 ad
776 1216 851 1279 aliud
870 1216 1136 1301 impietaticgenus
1153 1215 1347 1294 declinantes,

191 1318 220 1382 in
238 1338 374 1397 carnem,
399 1338 484 1395 ossa,
518 1317 610 1403 pilos,
642 1336 768 1396 nervos,
793 1328 884 1381 totum
906 1319 1032 1403 denique
1048 1339 1156 1403 corpus
1172 1339 1348 1382 conversum

192 1441 259 1486 esse
277 1420 416 1497 verbum,
448 1428 478 1481 et
497 1430 633 1484 enatura
651 1440 705 1483 sua
725 1420 885 1485 descivisse
904 1441 1076 1505 persuasum
1096 1420 1247 1484 habeatis?
1291 1418 1350 1484 Su·

192 1533 292 1607 perest
306 1523 402 1605 itaque
422 1532 454 1586 ut
470 1542 487 1584 e
503 1532 583 1585 terra
603 1524 775 1607 productum
793 1543 861 1586 esse
880 1524 1002 1587 verbum
1019 1522 1084 1586 sine
1102 1522 1348 1607 tergiversatione

191 1624 307 1688 dicatis.
351 1622 429 1688 Nam
448 1645 464 1687 e
483 1636 562 1688 terra
580 1625 691 1688 ossium
707 1627 854 1710 totiusque
872 1626 1005 1710 corporis
1022 1637 1125 1690 natura
1141 1626 1346 1711 proficiscitur.

193 1726 345 1811 Quaenam
370 1737 418 1790 est
437 1726 511 1790 baec
534 1737 614 1790 tauta
643 1727 790 1791 dementia
812 1738 845 1790 ut
860 1727 1011 1791 vobiscum
1037 1728 1093 1812 ipsi
1115 1728 1270 1812 pugnetis?
1312 1724 1348 1792 si

192 1830 308 1915 quidem
333 1852 397 1893 eum
422 1828 547 1895 verbum
573 1830 689 1914 corpori
714 1830 964 1894 consubstantiale
985 1850 1054 1892 esse
1080 1830 1193 1907 dicitis,
1225 1830 1349 1893 alterum

192 1954 257 1996 cum
283 1932 376 1995 altero
401 1931 483 1993 velut
506 1932 653 1994 diversum
681 1933 842 2018 comparari
870 1931 1053 2016 significatis.
1100 1928 1175 1996 Cum
1198 1943 1294 1995 autem
1318 1932 1348 1995 iu

193 2054 311 2097 caruem
329 2052 397 2096 esse
421 2053 596 2095 curarersum
622 2035 774 2112 asseritis,
807 2035 900 2097 eidem
924 2033 1014 2097 verbo
1031 2033 1220 2097 mutationem
1237 2035 1350 2118 affingi-

192 2137 242 2200 tis.
288 2133 365 2218 Quis
388 2134 479 2218 igitur
504 2133 640 2219 deinceps
664 2135 736 2200 haee
761 2158 777 2199 a
799 2137 884 2199 vobis
908 2136 955 2198 vol
973 2155 1046 2197 voce
1065 2146 1150 2198 tenus
1167 2136 1348 2219 pronuntiari

191 2238 359 2301 sustineat?
405 2235 467 2300 Vos
485 2237 561 2300 euim
581 2236 725 2301 haeresim
742 2260 858 2302 omnem
877 2239 1024 2322 impietate
1044 2238 1216 2323 superastis.
1263 2237 1349 2321 Quod

191 2340 217 2405 si
234 2341 355 2403 verbum
371 2340 487 2423 corpori
507 2339 756 2404 consubstantiale
773 2342 828 2416 sit,
860 2360 1080 2426 surpervacanea
1098 2350 1144 2404 est
1159 2338 1275 2405 Mariae
1289 2362 1350 2404 me·

191 2443 285 2508 moria
305 2444 401 2506 omnis
415 2463 450 2506 aa
467 2441 596 2520 iunctio,
630 2463 694 2504 cum
713 2453 781 2505 ante
801 2444 879 2506 illam
906 2444 992 2506 etiarn
1018 2444 1225 2527 sempiternum
1243 2464 1349 2527 corpus

191 2567 259 2610 esse
287 2546 431 2631 potuerit,
466 2545 706 2628 quemadmodum
732 2555 761 2607 et
787 2546 909 2609 verbum
932 2546 1043 2630 ipsum,
1075 2546 1119 2625 si,
1151 2556 1183 2613 ut
1201 2546 1346 2625 asseritis,

192 2649 308 2733 corpori
329 2647 579 2711 consubstantiale
603 2647 653 2709 sit.
700 2644 779 2729 Quid
801 2659 897 2710 autern
922 2648 1042 2711 verbum
1067 2648 1124 2710 huc
1141 2646 1281 2710 advenire
1298 2668 1349 2710 ue·

193 2770 278 2813 cesse
296 2751 366 2827 luit,
391 2762 423 2813 ut
439 2750 487 2813 vel
502 2751 529 2812 id
546 2751 622 2833 quod
639 2748 696 2812 iam
713 2750 962 2813 consubstantiale
979 2750 1033 2812 sibi
1051 2761 1116 2812 orat
1131 2750 1277 2824 indueret,
1301 2749 1350 2813 vol

193 2861 296 2914 natura
318 2871 371 2914 sua
398 2863 556 2929 mutatum,
587 2872 695 2937 corpus
720 2852 905 2915 efficeretur?
956 2851 1026 2915 Nou
1056 2853 1133 2916 euim
1161 2852 1349 2936 seurotipsam

195 2952 332 3017 divinitas
357 2955 497 3031 assumit,
530 2964 563 3017 ut
582 2955 659 3039 quod
684 2953 740 3017 sibi
763 2954 1014 3017 consubstantiale
1039 2966 1084 3017 est
1102 2955 1222 3030 indunt,
1255 2974 1349 3038 neque

194 3054 335 3134 uerbum,
369 3056 444 3140 quod
461 3057 557 3121 aliena
579 3068 698 3142 peccata
717 3056 834 3142 expiat,
867 3066 1018 3142 peccatum
1037 3057 1125 3120 ullum
1143 3055 1260 3120 admisit
1274 3067 1304 3119 ut
1320 3056 1350 3118 in

194 3179 300 3242 corpus
317 3179 492 3222 conuersum
509 3161 638 3246 scipsum
655 3181 708 3245 pro
722 3180 755 3222 se
771 3158 909 3223 sacrificii
924 3159 1018 3222 instar
1033 3160 1166 3239 offerret,
1191 3179 1225 3223 ae
1241 3168 1351 3223 semct-

194 3261 288 3344 ipsum
312 3262 481 3325 redimeret.

281 3359 383 3445 Quare
407 3363 494 3448 louge
514 3364 600 3427 aliter
623 3385 691 3428 sese
710 3384 758 3427 res
776 3364 874 3427 babet.
920 3362 961 3428 Et
977 3367 1223 3427 Abrcomr'semen
1248 3386 1351 3446 oppre-
1368 3377 1429 3443 cap.
1446 3377 1503 3428 vu.

193 3468 306 3539 tendit,
330 3476 363 3528 ut
378 3466 507 3550 loquitur
522 3467 684 3551 apostolus.
730 3463 815 3531 Uude
824 3470 956 3550 fratrum
969 3490 1084 3530 suorum
1102 3472 1204 3530 similis
1217 3473 1246 3529 r‘n
1261 3470 1350 3529 omni·
1362 3441 1503 3498 “mm

195 3569 246 3628 bus
263 3589 324 3628 esse
349 3568 464 3646 debuit,
494 3590 549 3631 nec
574 3569 722 3631 diversum
746 3569 863 3633 anobis
886 3591 992 3655 corpus
1014 3590 1178 3634 assumere.
1223 3566 1351 3632 Proinde

195 3680 225 3733 et
243 3666 339 3732 Maria
357 3670 471 3754 reipsa,
496 3691 551 3734 nec
567 3670 702 3733 simulate
721 3671 888 3754 profertur,
913 3693 952 3735 cx
972 3693 1027 3755 qua
1048 3693 1154 3755 corpus
1170 3670 1239 3733 illud
1254 3690 1352 3733 sume-

195 3783 259 3849 ret,
284 3792 319 3834 ac
336 3782 472 3855 tanquam
490 3772 637 3858 peculiare
655 3783 685 3835 et
702 3773 848 3857 proprium
869 3794 921 3857 pro
937 3774 1021 3838 nobis
1039 3775 1171 3838 offerret.
1218 3771 1350 3836 Eandem

192 3875 271 3938 illam
288 3894 376 3959 porro
395 3872 500 3938 Esaias
517 3874 660 3937 eiusmodi
677 3874 817 3936 vaticinio
834 3875 1071 3941 demonstrabats
1095 3881 1171 3938 Ecce
1187 3880 1269 3956 uirgo
1283 3897 1349 3938 eoa·
1360 3886 1489 3946 Bruttus

193 3982 292 4060 optet,
322 3983 470 4058 etparr'et.
518 3976 599 4041 Tum
626 3972 749 4040 Gabriel
772 3976 809 4038 ad
833 3997 897 4040 eam
922 3978 1063 4057 mittitur,
1096 3999 1154 4042 non
1180 3977 1351 4062 simpliciter

228 4184 268 4234 11.
285 4185 393 4233 Fortasse
410 4183 457 4252 cpi.
825 4182 863 4235 15.
881 4180 1014 4249 γεγένηται
1030 4184 1066 4232 ed.
1082 4185 1159 4245 princ.

229 4249 268 4301 12
295 4250 340 4303 τοῦ
365 4254 443 4302 omiss.
467 4256 493 4303 tn
518 4254 556 4303 ed.
574 4254 656 4303 Petne.
676 4252 755 4304 Coton.
827 4253 865 4309 ts.
882 4244 947 4315 strat
966 4253 1029 4302 obest
1046 4266 1061 4301 o
1079 4254 1106 4302 B.

194 4322 263 4380 '‘W-
826 4319 864 4374 17.
882 4317 976 4383 ἱαυιῆς
992 4322 1019 4369 Β.

230 4384 268 4437 13.
292 4381 364 4454 ripaeis
381 4390 409 4437 Β.
441 4384 517 4455 ἡμῶν
541 4391 639 4452 culpato
659 4393 693 4439 ert
715 4403 755 4452 op.
828 4390 865 4439 us.
883 4384 932 4457 γὰρ
949 4390 1012 4438 obeat
1030 4403 1045 4438 o
1061 4389 1089 4439 B.

194 4454 278 4516 supa
294 4459 420 4518 scripturo.
826 4457 885 4506 Car.
906 4457 961 4505 Vll.
982 4483 1013 4493 —·
1060 4458 1081 4508 1Ι
1109 4460 1184 4508 Verbo
1209 4454 1235 4511 dt
1259 4458 1351 4528 γαστρὶ

230 4518 269 4577 11.
299 4518 362 4579 εἶναι
385 4523 430 4580 καὶ
445 4521 494 4594 πρὸ
511 4524 614 4595 Μαρίας
630 4524 710 4588 aldtus
727 4527 755 4580 B.
791 4523 857 4591 ἕξει,
874 4522 919 4579 καὶ
935 4522 1034 4593 τέξεται
1050 4527 1214 4582 deddtruatur
1229 4529 1256 4581 tn
1271 4530 1299 4583 B.
