3096 5070
604 317 930 370 auacrrnauarosis.
1282 301 1344 365 559

188 451 249 504 tum
265 450 311 504 est
329 450 360 502 et
377 461 394 503 a
409 459 455 502 me
474 439 575 523 paucis
599 439 793 522 explicatum,
824 436 994 520 evangelica
1018 436 1131 498 scilicet
1154 434 1236 511 luce,
1268 454 1343 516 quae

188 562 205 606 a
222 540 341 608 Christo
357 542 474 604 domino
489 538 659 624 Christique
674 539 822 624 discipulis
836 538 900 600 orbi
914 550 1057 600 terrarum
1073 538 1150 600 illata
1168 533 1231 597 luit.
1271 530 1344 616 Qui-

149 651 150 655 ’
188 643 277 708 busa
300 666 345 707 me
369 645 454 706 dictis
475 653 675 706 consentanea
701 643 839 726 pleraque
862 640 999 723 colligere
1025 641 1111 716 licet,
1146 661 1181 700 ac
1207 637 1345 700 vaticinia

189 758 220 810 et
239 748 356 809 oracula
374 766 413 808 ex
432 747 496 829 lege
515 747 628 821 reteri,
652 745 700 806 vel
724 741 850 806 Psalmis
870 743 992 825 aliisque
1008 742 1089 804 libris
1105 740 1293 824 conquirere,
1317 749 1347 802 et

190 850 318 912 omniunt
348 850 455 911 seriem
478 848 668 930 ordinemque
695 846 892 930 perscrutari,
929 866 966 907 ex
994 846 1088 928 iisque
1114 841 1345 906 incarnationem

190 947 302 1016 Christi
322 949 430 1012 domini
453 948 605 1034 perspicue
625 948 814 1033 comprobare
835 969 892 1010 non
911 947 1141 1032 supposititiam,
1176 945 1226 1007 sed
1245 964 1345 1005 verani

190 1051 346 1128 extitisse,
379 1063 465 1135 atque
485 1052 514 1113 in
534 1052 599 1134 lege
614 1051 708 1113 veteri
727 1049 907 1128 nuntiatam,
940 1061 971 1112 ut
987 1051 1022 1111 de
1042 1069 1078 1111 eo
1094 1048 1190 1110 nullus
1210 1047 1249 1108 sit
1264 1044 1347 1107 dubi-

190 1154 270 1216 taodi
296 1153 379 1216 locus
397 1154 530 1216 relictus.
577 1150 638 1215 Sed
654 1173 690 1214 ue
707 1152 791 1216 buius
810 1154 908 1236 operis
929 1151 1066 1215 tractatio
1088 1151 1116 1213 iu
1133 1151 1276 1213 infinitum
1293 1168 1347 1210 ex-

191 1267 323 1333 crescat,
349 1254 393 1317 his
416 1277 491 1338 quae
513 1253 590 1317 dicta
613 1265 681 1317 sunt
703 1255 812 1316 erimus
835 1253 978 1317 conteuti.

275 1359 321 1420 Ac
344 1358 482 1440 deinceps
506 1358 661 1441 opiniones
685 1356 767 1433 illas,
800 1377 874 1440 quae
898 1357 928 1418 in
956 1357 1104 1419 bominum
1127 1356 1215 1418 vitam
1242 1364 1344 1439 postea

192 1459 319 1545 pessimo
342 1460 441 1523 colore
464 1482 497 1521 ac
520 1461 619 1543 specie
642 1459 773 1544 prolatae
796 1470 883 1535 sunt,
908 1459 1010 1522 eadem
1034 1459 1112 1521 serie
1135 1471 1300 1543 pertexam.

276 1560 358 1625 Haec
380 1573 450 1624 suut
475 1583 550 1646 quae
573 1563 603 1623 in
629 1563 759 1625 secundo
784 1571 863 1623 tomo
887 1562 950 1623 libri
974 1561 1057 1646 primi
1078 1561 1283 1638 continentur,
1314 1557 1344 1620 iu

191 1684 249 1748 quo
267 1660 345 1726 Xlll
369 1664 508 1727 haereses
532 1664 736 1748 explicantur,
772 1680 891 1747 quarum
918 1663 1010 1747 prima
1037 1674 1083 1726 est
1102 1660 1232 1725 Simonis
1248 1659 1344 1744 Magi,

192 1767 352 1849 quistatim
376 1777 443 1848 post
459 1762 610 1829 Christum
637 1764 871 1850 praedicantibus
890 1765 983 1827 adhuc
1002 1766 1142 1851 apostolis
1160 1765 1298 1841 emersit,
1329 1785 1345 1824 a

192 1888 249 1951 quo
269 1866 433 1931 Simoniani
455 1869 531 1930 illius
550 1867 682 1947 haeresis
700 1879 864 1930 sectatores
881 1867 1014 1951 appellati
1033 1878 1112 1931 sunt.
1160 1865 1216 1929 ilic
1233 1887 1271 1929 ex
1289 1863 1345 1930 Sa-

191 1969 302 2033 mariae
330 1971 396 2032 vico
422 1971 545 2053 quodam
566 1966 676 2032 Gitthis
702 1969 843 2032 oriundus
860 1962 1010 2032 Christum
1031 1969 1148 2031 rioruiue
1174 1979 1260 2031 tenus
1279 1989 1345 2052 pro·

191 2073 288 2136 lessus
304 2082 365 2149 est,
399 2081 502 2135 auctor
525 2072 668 2134 netandae
693 2071 883 2136 obscenitatis
905 2082 935 2133 et
956 2071 1182 2155 inquinatissimi
1208 2070 1345 2133 concubi·

191 2183 250 2238 tus.
295 2172 455 2237 Praeterea
480 2173 661 2258 promiscuas
676 2195 787 2237 uxores
805 2194 872 2236 esse
890 2174 994 2236 voluit.
1041 2170 1174 2256 Corpora
1193 2183 1282 2256 negat
1298 2192 1345 2236 re·

190 2296 333 2360 surgere,
368 2295 459 2338 neca
486 2276 540 2338 deo
567 2277 703 2338 mundum
731 2275 903 2339 fabricatum
928 2296 996 2338 esse
1021 2276 1133 2337 statuit.
1186 2271 1344 2358 imaginem

191 2399 280 2462 porro
299 2398 382 2442 suam
404 2377 552 2462 scortique
571 2378 636 2454 sui,
669 2380 786 2441 rromine
812 2377 963 2454 Helenae,
996 2378 1050 2441 sub
1073 2373 1153 2439 lovis
1179 2398 1214 2438 ac
1231 2374 1346 2439 Miner

190 2499 247 2542 vae
263 2482 362 2566 specie
382 2479 531 2565 discipulis
547 2480 724 2542 adorandam
742 2480 879 2544 obtrusit.
926 2480 1011 2564 Apud
1031 2479 1194 2542 Samarites
1219 2501 1271 2564 pro
1291 2479 1346 2542 deo

191 2592 274 2666 patre
296 2602 329 2645 se
352 2582 506 2646 venditans
529 2581 643 2645 ludaeis
666 2577 816 2645 Christum
839 2603 872 2645 se
894 2602 962 2645 csse
984 2582 1110 2644 dicebat.

277 2681 484 2747 Menandriani
502 2705 517 2745 a
535 2681 702 2747 Menandro
719 2685 840 2767 quodam
861 2685 1003 2768 originem
1021 2695 1192 2763 traxerunt,
1217 2686 1264 2771 qui
1281 2708 1345 2748 cer·

195 2783 232 2845 tis
259 2785 289 2845 in
315 2785 402 2848 rebus
429 2807 445 2848 a
469 2783 650 2849 Simonianis
674 2787 878 2871 discrepabat,
910 2789 1047 2850 muudum
1072 2809 1144 2851 vero
1169 2790 1205 2850 ab
1232 2789 1344 2872 angelis

194 2884 285 2948 luisse
307 2888 476 2970 productum
500 2889 664 2962 asserebat.

278 2985 470 3052 Saturuiliani
499 2989 529 3052 in
558 2988 647 3076 Syria
679 2989 916 3056 simonianorum
946 2993 1153 3079 turpitudinem
1183 3006 1342 3059 auxerunt.

192 3086 344 3153 Nonnulla
359 3111 476 3174 quoque
494 3095 528 3155 ad
548 3094 686 3156 maiorem
713 3095 924 3159 conciliandum
945 3107 1094 3180 stuporem
1111 3099 1146 3159 ad
1164 3097 1278 3160 illorum
1295 3099 1345 3160 ad-

191 3192 290 3255 iecere
315 3193 462 3276 dogmata.
509 3192 622 3259 Horum
648 3196 782 3282 princeps
805 3194 973 3261 Saturnilus
997 3200 1065 3277 luit,
1099 3200 1146 3284 qui
1174 3200 1292 3283 perinde
1310 3221 1345 3262 ac

190 3291 358 3358 Menander
373 3296 469 3357 mundi
487 3297 654 3360 conditores
670 3299 809 3381 angelos,
835 3299 889 3362 boc
905 3312 951 3364 est
967 3312 1106 3386 septenos
1123 3322 1162 3364 ex
1181 3301 1235 3380 iis,
1261 3301 1343 3378 lacit,

191 3397 278 3480 idque
295 3397 376 3481 ipsos
401 3409 518 3481 praeter
534 3399 661 3484 supremi
689 3400 818 3485 parentis
842 3402 1017 3466 sententiam
1043 3405 1208 3488 suscepisse
1231 3404 1343 3467 statuit.

277 3495 450 3562 basilidiani
473 3500 619 3564 foeditatis
645 3504 775 3565 eiusdem
793 3504 866 3566 socii
883 3507 917 3566 nd
938 3502 1088 3569 Basiliden
1108 3507 1250 3591 originem
1268 3508 1344 3569 rele-

192 3610 278 3680 rnnt,
303 3600 433 3683 quicum
453 3599 604 3667 Saturuilo
621 3601 801 3668 simonianis
820 3627 854 3668 ac
871 3604 1094 3672 Menandrianis
1113 3630 1231 3694 operam
1253 3609 1343 3688 dedit,

193 3721 229 3765 ac
245 3701 360 3766 tametsi
376 3704 476 3766 eadem
494 3705 556 3767 lere
576 3707 695 3784 sentiat,
720 3707 748 3768 in
769 3707 938 3790 quibusdam
957 3720 1054 3773 tamen
1071 3712 1225 3798 discrepat.
1265 3710 1343 3776 Nam

193 3805 339 3895 coelestes
354 3804 442 3868 orbes
460 3802 634 3870 CCCLXV
653 3809 821 3886 coustituit,
854 3833 927 3895 quos
943 3811 1082 3896 angelicis
1100 3813 1265 3877 nominibus
1285 3816 1346 3878 alii-

192 3904 243 3986 cit,
267 3907 391 3991 ideoque
409 3905 528 3970 totidem
545 3909 646 3971 diebus
662 3930 769 3973 annum
786 3924 923 3975 constare
939 3926 1051 3978 censet.
1099 3915 1187 3978 Addit
1201 3928 1232 3979 et
1250 3917 1346 3982 Abra-

192 4030 248 4073 sax
265 4009 415 4072 cuiusdam
434 4009 551 4074 virtutis
568 4031 692 4089 nomeu,
726 4034 800 4096 quae
818 4011 993 4080 CCCLXV
1014 4038 1166 4082 numerum
1183 4019 1277 4083 literis
1293 4032 1347 4084 ex'-

193 4113 309 4195 primit,
333 4113 420 4195 idque
442 4123 574 4176 sanctum
598 4133 664 4176 esse
688 4135 794 4178 nomeu
818 4119 936 4183 asserit.

225 4275 249 4331 4.
268 4280 429 4347 μενανδρηνοὶ
445 4284 512 4333 codd
530 4289 704 4348 mactemus.
818 4285 842 4338 9.
860 4285 963 4349 τούτους
980 4294 1034 4343 edit.
1052 4296 1133 4344 Petcv.

226 4348 250 4396 5.
267 4350 332 4429 Libri
348 4353 419 4412 uulgo
435 4342 487 4409 οὓς.
820 4358 857 4408 10.
882 4353 998 4426 α’βασάρξ
1022 4363 1089 4411 codd.
1112 4377 1167 4412 mas.
1190 4368 1299 4428 uterque,
1323 4372 1345 4415 ct

226 4413 250 4463 6.
271 4415 343 4468 αυτοὶ
358 4419 426 4467 codd.
443 4433 498 4468 mss.
516 4424 537 4467 et
554 4421 607 4469 edit.
623 4423 697 4482 peine.
784 4425 838 4473 edit.
854 4431 929 4487 princ.

226 4480 250 4532 7.
267 4485 304 4533 lta
321 4486 409 4534 Panse.
430 4487 496 4536 Libet
512 4489 583 4549 vulgo
599 4503 634 4539 rs.
820 4494 856 4542 ll.
876 4488 952 4546 edred
970 4489 1040 4561 ἅγιον
1057 4500 1107 4547 rod
1126 4499 1223 4562 llbedtg.

225 4550 249 4602 8.
268 4555 443 4619 μενανδρηνοῖς
460 4556 527 4605 codd
546 4569 601 4605 maa.
617 4559 652 4606 att
667 4571 748 4621 sapen
819 4562 855 4610 rt.
873 4563 971 4628 πνεῦμα
987 4566 1056 4616 babet
1073 4568 1163 4617 Pence.
