3096 5070
365 299 501 353 rinnau
518 299 771 353 suntrana
790 299 889 351 nina.
905 299 1026 351 uxxvr.
1213 287 1275 354 305

119 422 269 488 cuiusdam
283 442 318 485 no
333 421 480 485 seeundae
495 418 672 484 eonditionis
687 421 775 483 modo
789 418 818 482 in
829 418 961 502 ingenito
978 417 1134 502 primariae
1149 438 1218 484 esse
1231 419 1276 484 vi·

123 526 206 605 deat,
233 524 273 588 ita
295 534 328 587 nt
349 522 457 608 prioris
478 521 552 587 insit
573 541 609 584 ao
631 521 805 607 posterioris
828 521 922 584 ordo?

205 622 329 691 Coulnt.
347 622 473 690 XXXl.
519 621 546 687 l.
571 621 686 688 Vellem
702 623 849 709 equidem,
873 623 949 708 quod
966 623 1118 686 etinctum
1136 623 1276 707 oportuit,

122 739 154 793 nt
172 727 279 793 Aetius
304 738 432 791 mentem
456 748 539 791 snam
564 724 650 790 nobis
674 726 856 811 aperuisset,
887 736 918 788 et
935 723 1185 809 interrogationes
1209 745 1278 789 suas

120 832 269 916 aliquanto
287 830 396 895 olarios
420 828 637 914 proposuisset,
670 828 766 914 potius
788 849 873 912 quam
894 847 929 891 ea
952 826 1080 890 diotioue
1106 837 1187 891 esset
1208 848 1279 892 usus

120 954 196 1018 quae
214 934 243 996 in
261 933 522 1018 reprehensionem
548 930 689 1010 incurrit,
722 951 777 995 neo
802 931 888 994 ullam
911 928 941 993 in
965 929 1009 993 his
1034 928 1142 1009 rebus,
1175 929 1279 1013 quibas

120 1037 231 1114 utitur,
263 1034 483 1098 similitudinem
500 1033 605 1114 habet,
638 1054 703 1097 eum
722 1044 857 1097 nentrum
875 1054 977 1096 eornm
997 1053 1072 1118 quae
1092 1033 1129 1096 ab
1146 1051 1281 1095 eonom-

121 1147 284 1202 memorata
297 1145 367 1200 suot
381 1155 447 1199 eum
460 1136 554 1198 altero
568 1135 731 1221 comparari
750 1146 779 1198 et
798 1134 959 1219 exaequari
975 1134 1081 1220 possit.
1127 1131 1279 1217 Siquidem

122 1240 313 1323 plurimorum
334 1258 408 1321 qnae
434 1238 528 1302 visum
552 1237 694 1322 effugiunt
716 1237 926 1322 appellationes
950 1237 1067 1301 adducit
1090 1236 1119 1300 in
1141 1235 1278 1299 medinm.

123 1340 201 1406 Naro
229 1351 259 1403 et
282 1340 375 1404 visum
402 1340 516 1425 lugiunt
539 1340 675 1404 animalia
700 1339 748 1402 illa
768 1339 930 1424 spiritalia,
963 1339 1018 1402 hoo
1042 1349 1089 1403 est
1110 1334 1279 1423 Seraphim,

125 1438 302 1521 Cherubim,
325 1443 434 1526 angeli,
457 1442 578 1527 spiritns
591 1441 735 1526 denique3
759 1442 788 1505 in
806 1442 910 1525 quibas
926 1462 1028 1506 verum
1047 1441 1115 1504 illud
1133 1460 1201 1507 esse
1216 1461 1282 1504 eer-

125 1544 204 1609 nitnr
219 1545 293 1629 qnod
312 1545 420 1609 Attius
439 1555 557 1625 namet,
592 1544 663 1608 nihil
681 1554 714 1608 ut
733 1545 764 1607 in
781 1544 888 1628 seipsis
907 1544 936 1607 vi
953 1544 1077 1628 quadam
1098 1544 1193 1607 sativa
1211 1564 1283 1606 oon·

125 1647 249 1710 tineent.
292 1645 399 1732 Neque
416 1647 492 1711 enim
512 1667 639 1732 corpora
656 1667 691 1710 ea
711 1667 786 1731 quae
804 1668 863 1711 non
881 1646 1071 1732 aspectabilis
1087 1656 1157 1710 snut
1174 1646 1284 1709 dixerit

124 1749 246 1833 aliquis,
270 1769 333 1812 oum
350 1770 445 1833 neque
460 1748 600 1833 gignant,
633 1769 729 1833 neque
752 1748 926 1833 gignantur,
959 1749 1011 1812 sed
1029 1749 1065 1812 de
1084 1748 1281 1833 sempiternae

124 1850 286 1915 divinitatis
309 1851 459 1914 voluntate
485 1852 570 1936 plane
594 1851 712 1915 eondita
731 1850 809 1930 sint,
842 1873 876 1915 ao
896 1851 1074 1915 tantumdem
1091 1870 1282 1935 unaquaeqne

125 1965 290 2018 creatarum
307 1973 406 2017 rerum
421 1952 540 2017 virtutis
556 1952 660 2032 habet,
685 1963 822 2038 quantum
838 1974 890 2038 pro
906 1953 1016 2016 infinite
1033 1974 1086 2017 sua
1101 1953 1283 2038 benignitate

126 2068 156 2120 et
174 2054 356 2142 humanitate
372 2055 496 2139 largitus
514 2065 561 2120 est
576 2057 659 2120 deus.
704 2053 807 2141 ltaque
824 2055 971 2139 quaelibet
987 2057 1062 2140 quod
1078 2054 1136 2120 sihi
1160 2056 1283 2120 attribu·

126 2171 186 2224 tum
211 2170 257 2222 est
279 2157 422 2236 obtinuit,
455 2159 485 2221 in
507 2177 600 2241 eoque
627 2168 795 2242 permanet3
829 2160 902 2222 dens
922 2179 995 2221 vero
1017 2158 1054 2221 ab
1076 2157 1155 2221 omni
1177 2178 1284 2221 caussa

125 2262 277 2327 absolutus
297 2271 361 2338 est,
393 2260 549 2324 continens
571 2261 600 2324 in
626 2271 721 2324 semet
739 2261 847 2324 omnia.
895 2262 972 2324 ldem
996 2261 1061 2324 sine
1085 2259 1143 2323 olla
1164 2271 1284 2324 annota-

125 2365 206 2428 tione
231 2362 434 2426 motationeve
461 2363 595 2442 oonsilii,
630 2383 724 2448 neque
749 2363 838 2427 lilium
864 2363 953 2448 longo
978 2363 1153 2441 intervallo,
1188 2383 1284 2447 neque

125 2467 259 2553 spiritum
284 2475 420 2530 sanetum
442 2486 527 2529 sunm
555 2465 664 2529 habere
689 2467 796 2550 eoepit.
841 2463 902 2530 Sed
925 2487 979 2552 pro
998 2485 1035 2530 eo
1051 2486 1087 2529 ao
1103 2464 1284 2529 conveniens

126 2581 172 2633 est
187 2568 275 2632 hlium
298 2567 387 2631 habet
403 2567 438 2631 ab
458 2579 598 2648 aeterno,
633 2587 717 2652 quem
742 2568 858 2632 noienm
883 2568 1002 2652 geuuit3
1036 2567 1111 2631 filius
1138 2586 1211 2630 vero
1233 2587 1284 2651 pa·

127 2681 201 2734 trem
217 2669 328 2733 habeus
348 2668 378 2733 in
395 2669 493 2755 seipso
512 2681 653 2755 perpetuo
670 2691 727 2733 una
744 2682 774 2734 et
789 2670 921 2756 spiritum
940 2680 1074 2734 sanetum
1090 2667 1195 2747 habet,
1230 2671 1288 2747 Qui
1306 2675 1391 2772 ῐῗὲιιᾶ·Ι

128 2793 146 2832 o
164 2783 249 2853 putre
267 2774 423 2851 procedens
443 2794 461 2834 a
473 2774 543 2854 filio
564 2795 674 2854 semper
694 2778 809 2855 aceepit.
1162 2768 1163 2775 '
1346 2759 1354 2783 ’
1391 2759 1398 2772 ’

215 2869 258 2935 ll.
303 2869 421 2935 Etenim
446 2894 541 2958 neque
560 2876 590 2938 in
610 2875 806 2955 obscuritate,
840 2896 895 2939 neo
917 2875 948 2938 in
971 2873 1101 2939 uberiori
1126 2871 1284 2959 splendore

130 2995 165 3037 ao
178 2974 272 3058 gloria
290 2975 486 3059 sempiternae
506 2977 668 3042 divinitatis
693 2978 870 3042 excellentia
890 2988 1039 3041 versatur.
1086 2971 1162 3040 Cum
1187 2986 1285 3039 antem

130 3087 294 3140 ornatarum
315 3097 413 3140 rerum
431 3078 510 3143 nulla
524 3079 618 3144 adhue
635 3091 733 3160 esset,
756 3093 922 3145 utrumnam
939 3081 1057 3145 tandem
1075 3078 1214 3143 diviuitas
1231 3075 1286 3141 mi·

130 3201 204 3245 nore
220 3200 253 3244 ae
270 3180 363 3265 ipsam
379 3181 527 3265 opolentia
548 3184 709 3268 praeditam
728 3183 802 3247 vidit
819 3183 994 3269 aliqnando?
1024 3192 1073 3247 aut
1091 3193 1151 3247 tnm
1169 3182 1285 3266 quidem

130 3282 274 3349 eiusmodi
296 3302 364 3346 esse
379 3282 471 3364 vidit,
494 3306 572 3349 nune
587 3296 703 3365 numm,
738 3286 813 3349 laeta
835 3286 870 3349 ad
888 3285 1079 3349 substantiam
1097 3284 1284 3361 secessione,

133 3387 218 3471 quasi
237 3385 397 3470 cuiuspiam
413 3386 456 3449 rei
472 3386 607 3471 indigens
625 3408 693 3453 esse
708 3397 827 3473 posset,
862 3399 1053 3473 posteaquam
1070 3399 1170 3452 ereata
1189 3386 1286 3452 omnia

132 3488 287 3573 produxit,
311 3487 451 3571 ampliore
468 3490 589 3572 qondam
604 3489 698 3574 gloria
717 3490 878 3575 opibusque
895 3511 963 3555 sese
980 3488 1140 3575 praeditam
1157 3489 1288 3553 animad-

132 3590 240 3654 vertit?
283 3585 391 3652 Nullus
407 3590 505 3673 itaque
520 3591 735 3674 tergiversandi
753 3592 836 3656 loons
854 3590 892 3656 iis
905 3592 1035 3656 'relictus
1054 3603 1101 3657 est
1117 3591 1166 3677 qni
1182 3592 1288 3655 adver-

132 3713 183 3757 sus
211 3690 366 3756 veritatem
389 3690 625 3775 syllogismorum
643 3692 774 3776 argutias
792 3692 940 3758 hominum
959 3693 1143 3779 excogitatas
1161 3692 1288 3776 ingeniis

132 3814 283 3881 opponere
308 3792 456 3870 nituntur,
489 3803 520 3856 et
540 3793 570 3856 in
590 3793 714 3857 medium
733 3794 852 3859 afferre.
898 3793 1049 3881 Siquidem
1077 3797 1175 3860 divina
1198 3793 1289 3858 maie-

132 3908 213 3977 stas,
238 3895 349 3982 patris,
372 3894 507 3977 iuquam,
531 3904 562 3958 et
581 3894 650 3973 lilii,
684 3914 719 3958 ao
734 3895 854 3980 spiritus
872 3898 966 3961 saneti
984 3898 1155 3982 angelornm
1174 3906 1290 3960 mentes

133 4019 236 4063 omues
251 3998 340 4081 longo
356 3995 511 4061 intervallo
526 4006 647 4082 superat
662 3997 768 4060 nedum
786 3997 950 4077 hominnm,
974 4021 1096 4084 quorum
1114 4003 1227 4062 amidae
1241 4020 1289 4060 oo·
1308 4017 1361 4076 sap.
1374 4018 1396 4074 a,
1410 4018 1441 4062 ra.

130 4107 302 4183 gitonhnes,
327 4097 416 4161 animi
433 4119 540 4164 sensus
556 4101 704 4165 intereant
719 4099 750 4163 in
766 4097 887 4163 nihilum
902 4100 1030 4181 redacti,
1054 4122 1089 4166 aa
1104 4121 1172 4166 sese
1191 4101 1291 4167 varias

135 4203 165 4267 in
182 4201 423 4267 ratiocinationes
438 4213 469 4267 et
484 4200 674 4288 quaestiones
691 4202 826 4267 induunt.
873 4198 1125 4285 Quemadmodum
1140 4204 1170 4268 in
1187 4202 1292 4290 pleris-

136 4414 177 4456 ter
190 4404 213 4456 ei
225 4415 254 4456 ot
269 4400 361 4457 habeat
374 4422 473 4474 semper
488 4406 565 4459 filiam
578 4406 697 4476 genitum,
730 4407 774 4458 bet
790 4417 873 4458 antem
895 4415 922 4457 et
938 4414 1051 4459 sanetum
1071 4407 1185 4476 spiritum
1199 4425 1229 4460 ex
1244 4425 1292 4476 pn-

137 4473 230 4525 habena
245 4472 321 4525 tiliam
336 4483 363 4525 et
377 4473 443 4525 hanc
457 4476 626 4543 unigenitum,
651 4476 697 4528 ha·
732 4486 772 4526 tre
786 4476 949 4538 metentem,
968 4487 994 4527 et
1008 4477 1040 4527 de
1054 4477 1105 4529 lilio
1121 4475 1292 4546 accipientem,

137 4541 238 4592 brutam
252 4558 350 4609 semper
364 4553 461 4610 patrem
477 4544 502 4595 in
518 4544 608 4613 seipso.
643 4544 698 4596 lla-
732 4561 830 4613 semper
847 4543 929 4613 ipsum
945 4543 1048 4598 habena.

189 4621 278 4680 tlorpus
291 4622 427 4669 Haarmol.
441 4623 471 4667 u.
484 4625 506 4670 t.
1048 4634 1089 4700 20
