3096 5070
283 248 345 315 320
707 262 1018 316 ειιισειεειειιειειι

281 375 427 461 ἀληθινός
452 377 528 455 θεός
546 383 806 464 προςαγοριυθείς.
851 379 936 445 Κατά
960 379 993 443 δέ
1016 377 1069 446 τόν
1089 379 1184 446 αὐτοῦ
1202 379 1290 466 λόγον
1308 384 1361 447 καί
1377 379 1446 448 διαί-

281 509 368 550 νοιαν
383 481 405 565 ἢ
420 483 537 567 ἀναιρεῖ
547 480 581 548 τό
597 479 670 546 είναι
683 480 736 547 τόν
752 482 820 548 υίόν
835 481 926 561 θεόν,
949 484 1000 547 καί
1014 480 1110 565 μάτην
1125 492 1308 563 συκοφαντεῖ
1318 482 1351 549 τό
1371 482 1444 550 όνο-

282 613 339 669 μα,
374 583 553 671 Χριστιανός
572 582 606 650 τό
623 583 720 668 ὄνομα
737 594 904 651 καλεῖσθαι·
936 582 957 667 ῆ
984 583 1053 651 9ότι
1068 583 1142 651 θεόν
1156 586 1210 668 μέν
1224 589 1280 669 ἔχει
1296 585 1347 653 τόν
1361 586 1446 668 υίόν,

282 686 341 753 ἀλλ’
355 689 413 755 οῦκ
436 685 596 770 ἀληθινόν,
626 689 678 752 καί
700 689 781 752 ἔσται
803 688 885 775 αύτῷ
904 684 946 764 είς
963 686 1037 762 θεός
1059 686 1221 770 ἀληθινός,
1252 690 1304 753 καλ
1322 685 1365 766 είς
1382 689 1447 756 οῦκ

282 790 435 874 ἀληθινός.
483 789 568 855 Κατά
582 790 614 855 δέ
631 787 781 872 ἀπόβασιν
796 792 849 855 ἕνα
864 786 916 869 ἀφ’
934 788 1001 865 ἐνός
1017 786 1158 874 εύρίσκων
1176 793 1220 856 lu
1236 794 1288 856 καί
1304 791 1337 858 τό
1354 791 1448 877 ἀγιοκ

146 910 254 968 μησὶ
281 902 398 974 πνεῦμα
415 896 447 959 ἐν
462 895 621 980 μικροτέρᾳ
644 895 696 958 καλ
720 891 893 981 ἀποδεούσῃ
915 891 994 969 τόξει
1011 891 1137 970 τάττων,
1168 891 1249 976 ῆότι
1264 894 1447 980 μικρότερον

280 994 369 1062 πόλιν
382 995 458 1062 θεόν
475 999 546 1074 ίξει,
576 994 597 1078 ῆ
612 1002 649 1085 τῆ
663 997 762 1079 τριάδι
778 992 819 1077 μῆ
837 999 1031 1080 συναριθμῶν
1048 1003 1135 1061 τοῦτο
1153 998 1233 1061 ἐσται
1251 996 1448 1063 παντάπασιν

281 1097 434 1184 ἀλλότριον
458 1103 646 1184 Χριστιανῶν
670 1096 704 1163 τό
727 1095 852 1164 ἐλεεινόν
874 1096 1108 1182 ἀνθρωπάριον,
1140 1100 1192 1163 καί
1214 1098 1320 1164 λοιπόν
1331 1097 1449 1182 Ἕλλην

283 1198 507 1287 ἀποκηρυχθείη
532 1201 725 1280 τελειότατος,
760 1201 811 1265 καί
835 1204 1042 1276 Σαδδουκαῖος
1063 1208 1103 1290 τῷ
1120 1198 1257 1289 ἀριθμῷ,
1288 1199 1448 1287 ἀλλότριος

286 1304 340 1386 μέν
364 1309 419 1369 τοῦ
436 1302 604 1388 πνεύματος
621 1310 674 1369 τοῦ
690 1301 792 1389 ἀγίου,
823 1299 864 1379 ῶς
879 1304 929 1367 καί
944 1305 1039 1382 ἔστιν,
1060 1302 1182 1386 Ἕλλησι
1201 1304 1233 1369 δέ
1250 1303 1447 1390 συγκρινόμε-

283 1433 334 1483 νος
354 1414 391 1496 τῆ
406 1410 517 1491 μερίδι,
548 1409 600 1473 ἕνα
624 1407 677 1487 μίν
698 1403 773 1471 θεόν
795 1404 921 1485 φάσκων
944 1407 1050 1490 μέγαν,
1078 1408 1130 1471 καί
1153 1409 1206 1472 ίνα
1229 1405 1354 1492 μικρόν,
1389 1409 1446 1474 ἕνα

282 1507 445 1591 ἀληθινόν,
467 1511 517 1574 καί
536 1511 589 1574 ἴνα
605 1509 662 1573 οῦκ
679 1505 841 1590 ἀληθινόν,
871 1503 1060 1592 ῶςἝλληνες
1076 1506 1288 1595 ὁμολογοῦσιν,
1320 1511 1373 1575 ἵνα
1389 1513 1444 1594 μί.

283 1638 338 1699 γαν
353 1609 445 1690 θεόν,
467 1609 539 1687 τοῦς
554 1612 586 1676 δέ
599 1608 704 1686 ἀλλους
720 1607 845 1697 μικρούς
859 1608 1060 1693 ἀναμίξαντες·
1083 1619 1136 1694 τῆς
1151 1618 1238 1689 θείας
1252 1619 1372 1698 γραφῆς
1387 1611 1445 1679 αύ-

283 1713 336 1779 τδν
350 1720 454 1793 σαφῶς
467 1712 655 1798 ἐλεγχούσης,
676 1715 728 1778 καί
744 1713 812 1795 περλ
825 1711 938 1798 πατρός
957 1714 1011 1795 μέν
1026 1715 1169 1800 λεγούσης
1184 1711 1224 1791 ῶς
1246 1711 1264 1780 ό
1279 1713 1355 1790 θεός
1371 1712 1444 1799 ἀλη-

281 1814 387 1894 θινός,
409 1817 459 1880 καλ
474 1816 542 1899 περί
555 1818 625 1881 υίοῦ
642 1814 676 1880 τό
691 1814 765 1892 θεός
781 1812 936 1894 ῶςαύτως,
964 1817 1056 1881 10καί
1072 1818 1140 1901 περί
1160 1814 1288 1901 πατρός,
1315 1815 1356 1884 Τό
1373 1824 1444 1900 φῶς

283 1914 402 1999 όθεός,
423 1920 491 2004 περί
506 1918 539 1983 δέ
556 1920 639 1999 υίοῦ,
656 1910 713 1983 Ἠν
729 1914 762 1984 τό
781 1924 848 1998 φῶς
861 1916 894 1982 τό
911 1917 1072 2001 ἀληθινόν,
1094 1921 1146 1985 καί
1162 1921 1230 2004 περί
1247 1916 1335 2004 ἀγίου
1350 1922 1441 1987 τετεύ-

283 2047 374 2104 ματος
389 2020 451 2099 ότι,
485 2017 525 2087 Τό
540 2028 656 2102 πνεῦμα
669 2028 722 2104 τῆς
739 2017 890 2102 ἀληθείας.
932 2017 1096 2103 Ἀληθινῶς
1113 2026 1213 2088 τοίνυν
1230 2019 1303 2105 ἡμῖν
1318 2019 1339 2106 ῆ
1353 2022 1440 2111 τριάς

282 2125 501 2210 καταγγέλλεται
521 2125 553 2188 ἐν
572 2129 665 2213 σοφίᾳ
686 2126 737 2190 καί
759 2120 851 2206 βάθει
872 2121 1011 2188 πλούτου.

369 2324 445 2393 Είτα
469 2327 556 2393 πόλιν
581 2327 758 2404 ἀκολούθως
782 2330 872 2410 φησί,
905 2331 967 2393 Καὶ
987 2326 1048 2394 ύπό
1075 2335 1131 2393 τοῦ
1154 2328 1360 2402 ἀποσταλέντος
1374 2322 1426 2408 Ἰη-

285 2437 340 2498 σοῦ
358 2438 500 2517 Χριστοῦ,
519 2432 568 2495 καί
587 2431 643 2496 οάκ
662 2429 778 2520 ᾐδέσθη
803 2430 975 2508 ἀπαξιώσας
994 2428 1046 2496 τόν
1064 2438 1209 2516 μονογενῆ
1231 2434 1300 2495 θεοῦ
1318 2424 1428 2510 ὀνόμα-

283 2561 349 2614 τος,
373 2531 444 2599 ἀλλά
467 2541 477 2578 ¹
490 2531 602 2615 1μόνον
619 2540 696 2622 φιλῇ
711 2540 747 2622 τῆ
761 2534 832 2611 λέξει
847 2536 999 2619 κέγρηται,
1021 2530 1063 2609 ῶς
1077 2535 1109 2598 ἐν
1125 2542 1186 2609 τοῖς
1201 2529 1338 2600 ἀνεπύτω
1353 2525 1433 2613 ῶμο-

283 2635 386 2722 λόγησε
403 2638 590 2716 κεφαλαίοις,
621 2637 677 2711 ἕως
697 2642 788 2718 ψιλῆς
806 2636 970 2719 ὀνομασίας
992 2638 1088 2720 νέμων
1105 2641 1146 2723 τῷ
1161 2639 1219 2724 υίῶ
1233 2633 1266 2701 τό
1282 2633 1369 2720 γέρας
1381 2639 1436 2698 τοῦ

284 2737 441 2822 ὀνόματος.
486 2739 574 2822 Λέγει
597 2738 630 2802 δέ
649 2734 708 2823 πρό
724 2736 842 2804 αίῶνων
855 2735 1025 2804 ύποστάντα
1046 2738 1184 2819 ἀληθῶς,
1212 2739 1264 2804 καί
1279 2735 1352 2803 ὄντα
1369 2735 1441 2819 ἀλη-

283 2849 350 2918 θῶς
365 2847 508 2927 γεννητῆς
521 2837 719 2916 ύποστόσεως.
763 2839 943 2924 Διατηρῆσει
959 2842 1005 2921 δέ,
1029 2843 1119 2924 φησί,
1149 2839 1209 2906 ἀπό
1225 2847 1278 2924 τῆς
1295 2835 1442 2924 ἀσεβείας.

284 2948 390 3010 Είωθε
405 2944 437 3008 δέ
453 2948 535 3007 πᾶσα
557 2942 658 3025 φαύλη
674 2940 743 3028 γενῆ
762 2940 832 3019 τούς
850 2941 987 3026 ηαύτῆς
1003 2943 1134 3028 τρόπους
1151 2941 1251 3020 ἀλλοις
1267 2938 1446 3028 προλαμβᾶ·

283 3071 346 3113 νειν
362 3071 392 3111 τε
406 3046 459 3111 καί
473 3047 666 3128 ἐπιφημίζειν.
712 3042 774 3128 Ούχ
791 3042 872 3130 όρῶν
888 3044 944 3132 γάρ
961 3049 1003 3123 είς
1018 3045 1075 3113 όσα
1090 3046 1250 3129 ἠσέβησεν,
1271 3041 1381 3111 έαυτόν
1395 3040 1448 3110 εῦ-

283 3153 358 3232 σεβῆ
371 3151 494 3231 νομίζει,
527 3145 568 3225 ῶς
584 3151 616 3214 οί
627 3146 682 3232 τῆν
705 3152 910 3232 παραπληξίαν
932 3152 1104 3232 κεκτημένοι
1127 3153 1277 3230 νομίζουσι
1301 3147 1357 3230 μέν
1373 3147 1449 3212 ἐαυ-

284 3249 354 3328 τοδς
372 3253 404 3317 ἐν
422 3249 565 3337 φρονήσει
580 3247 669 3328 είναι,
699 3249 769 3327 τοῦς
789 3252 821 3316 δέ
836 3248 942 3327 ἀλλους
956 3258 1184 3335 φρενητιῶντας.
1226 3248 1377 3315 Ἐνταῦθα
1399 3248 1449 3329 δὲ,

282 3352 332 3421 Ἐν
351 3361 468 3443 Χριστῷ
481 3351 594 3436 Ἰησοῦ,
616 3350 696 3430 ούδέ,
723 3359 771 3442 Τῷ
786 3357 879 3441 κυρίῳ
894 3350 990 3436 ἡμῶν,
1013 3353 1169 3437 ἐτόλμησεν
1182 3350 1358 3432 ἀποδοῦναι,
1382 3348 1453 3417 ἀλλ’

284 3460 459 3544 εἰρωνικῶς,
487 3462 534 3545 Τῷ
549 3463 658 3539 σωτῆρι
675 3451 777 3537 ῆμῶν,
806 3457 930 3537 ίφησεν,
959 3460 1010 3521 καί
1028 3476 1118 3539 φησι,
1148 3453 1197 3520 Δι’
1216 3447 1254 3520 ού
1270 3461 1353 3519 παῖσα
1367 3451 1453 3532 δόξα

284 3567 326 3648 τῶ
340 3561 429 3644 πατρί
450 3560 501 3624 καί
516 3565 573 3623 νῦν
586 3560 638 3622 καί
657 3565 691 3604 ¹⁸
702 3555 748 3622 ἀεί
765 3559 817 3624 καί
835 3559 877 3632 είς
893 3555 965 3634 τούς
980 3561 1091 3634 αίῶνας
1105 3565 1166 3623 τῶν
1188 3556 1321 3635 αίῶνων,
1352 3554 1451 3640 ἀμῆν.

287 3665 349 3727 Καὶ
366 3659 439 3727 αάτό
456 3660 488 3724 δέ
506 3658 539 3725 τό
559 3662 668 3739 εἰπεῖν,
699 3667 788 3725 Πᾶσα
803 3659 892 3739 δόξα,
914 3659 999 3736 ὅπως
1019 3668 1052 3709 ¹⁴
1063 3669 1214 3746 περιαιροῖ
1225 3658 1278 3726 τόν
1296 3656 1363 3723 υίόν
1380 3657 1451 3724 ἀπό

284 3772 338 3848 τῆς
352 3771 439 3846 τιμῆς
455 3787 485 3826 τε
500 3762 552 3826 καί
578 3760 668 3845 δόξης
689 3755 727 3828 ού
746 3762 845 3838 οῦδείς
871 3761 1003 3840 ἀνέξοιτό
1021 3789 1092 3828 ποτε
1108 3771 1168 3827 τῶν
1190 3762 1321 3844 εὐσεβῶν
1338 3762 1395 3826 καί
1412 3763 1454 3829 ίιι

285 3864 454 3949 πνεύματος
476 3862 563 3952 ἀγίαυ
584 3862 639 3948 τῆν
658 3862 774 3950 δωρεῶν
794 3871 849 3949 τῆς
870 3862 1017 3949 ἀληθινῆς
1037 3870 1161 3941 πίστεως
1182 3862 1355 3948 εἰληφότων.

377 4061 476 4120 Ταῦτα
488 4054 520 4119 δέ
535 4051 632 4119 πόντα
646 4051 835 4135 διαλαβόντες
849 4051 886 4118 τά
902 4050 963 4119 ύπό
980 4051 1087 4120 τούτου
1102 4060 1156 4118 τοῦ
1170 4053 1286 4118 Ἀετίου
1303 4053 1455 4136 εἰρημένα

286 4160 319 4225 ἐν
333 4161 497 4246 διαλεκτικῇ
510 4183 570 4222 τινι
583 4157 668 4245 τέχνη
684 4157 736 4221 καί
750 4162 951 4245 συλλογιστικῆ
972 4152 1100 4244 ύπονοίγ
1116 4155 1311 4241 ἀνθρωπίνης
1328 4181 1454 4240 μαγγα-

286 4265 365 4337 νείας
374 4261 406 4325 ἐν
416 4261 588 4340 κεφαλαίοις
600 4256 645 4336 λξ.
678 4254 733 4334 Οίς
747 4265 893 4342 νουνεχῶς
902 4255 980 4339 ύμᾶς
993 4259 1121 4343 ἐντυχεῖν
1132 4262 1370 4343 παρακαλοῦμεν,
1394 4263 1455 4327 καί

251 4429 256 4441 ,
319 4379 344 4434 9.
364 4370 503 4447 ίπλιλλτςιῆ
523 4397 554 4433 συ
651 4385 676 4433 εἰ
690 4373 731 4433 ’ότι
746 4381 797 4433 κτλ.
918 4380 958 4430 λλ.
977 4377 1051 4446 μόνον
1064 4382 1132 4431 codd.
1145 4395 1200 4430 οισι.
1218 4376 1302 4444 μόνως
1312 4379 1371 4429 editi
1383 4383 1455 4435 λλοή,

325 4450 361 4499 10.
388 4452 463 4500 Verba
485 4447 530 4502 καλ
545 4465 592 4513 περ
625 4445 720 4513 πατρὸς
738 4476 771 4487 -
790 4445 848 4514 περὶ
919 4447 955 4498 12.
974 4443 1051 4502 αὐτοῦ
1068 4453 1151 4499 vitium
1169 4455 1202 4498 ιιι
1218 4448 1272 4497 αλιι.
1295 4450 1377 4498 Ριίαυ.
1400 4452 1455 4503 σο.

288 4514 317 4570 δέ
333 4517 386 4569 υίοῦ
405 4520 497 4569 Ριιαυιι·
512 4519 669 4578 {memmio
684 4519 792 4580 περίιειλ.
883 4519 928 4566 λιιι
944 4523 1015 4578 repet.
