3096 5070
429 323 649 387 rantnume.
666 320 1102 375 111.rou.11.nsnu.nxxx.
1282 305 1345 370 463

189 447 282 524 ecrit,
307 466 343 509 ne
360 445 390 510 iu
407 444 542 529 laqueum
559 441 686 522 incidat3
719 461 830 525 poenas
844 440 898 504 luit
915 439 951 502 ed
968 449 1100 523 tempus,
1134 438 1185 502 sed
1203 439 1232 501 in
1250 448 1346 502 eeter-

189 570 258 614 num
283 558 405 634 reguat3
439 547 469 610 in
492 563 643 608 carcerem
669 543 843 622 coniicitur,
874 543 926 606 scd
952 541 1042 604 multo
1070 541 1226 626 optabilius
1251 552 1297 604 cst
1315 541 1346 603 in

189 650 321 717 custodia
339 669 477 725 manere,
502 658 532 710 et
546 651 576 708 in
592 649 699 726 ungulo
713 648 767 707 sud
781 649 843 718 dab,
869 665 951 726 quaen
966 665 1028 704 cum
1042 647 1159 705 mulsere
1172 648 1345 705 contentiose
1357 657 1498 713 ennete.

188 767 218 818 et
242 758 364 836 loquaci.
422 748 517 833 Quam
547 748 637 812 multa
661 769 749 832 porro
771 748 915 810 aduersus
939 744 1018 808 illam
1046 745 1180 808 haeresin
1206 744 1347 831 disputari

189 857 335 944 possuntt
378 851 456 917 Nam
482 860 532 914 aut
548 847 675 914 Marium
701 850 792 934 ipsam
820 849 977 912 adorantes
995 848 1164 933 collyridcui
1190 847 1256 911 huic
1273 847 1348 911 otio·

188 979 243 1025 eee
260 956 400 1021 mulieres
419 954 565 1031 offerunt,
597 964 645 1016 aut
666 973 717 1038 pro
734 953 796 1036 ipsu
815 950 968 1014 absurdum
986 950 1063 1015 illum
1074 961 1110 1013 et
1128 949 1278 1015 ridiculam
1297 949 1348 1013 ob-

189 1059 328 1126 lationem
345 1058 512 1120 instituunt.
557 1052 720 1139 Utrumque
735 1075 808 1118 vero
825 1053 962 1116 stolidum
979 1063 1041 1130 est,
1066 1063 1096 1115 ct
1112 1074 1129 1116 a
1146 1053 1262 1116 ratione
1280 1073 1347 1139 pro-

191 1163 319 1238 iectum,
343 1158 472 1243 nihilque
494 1168 614 1243 praeter
633 1155 863 1221 ostentationem
886 1156 1074 1240 fraudemque
1096 1155 1239 1219 continet.

276 1258 325 1326 Ne
349 1261 403 1325 eiua
430 1259 563 1345 longior,
596 1280 673 1344 quae
693 1269 763 1323 sunt
784 1257 927 1321 hacteuus
950 1259 1028 1322 dictu
1049 1258 1205 1322 sufficient.
1249 1253 1347 1321 Maria

192 1364 424 1442 inhonorent,
459 1362 594 1426 dominus
615 1363 766 1425 adoretur.
812 1357 889 1423 Nam
910 1360 979 1424 iusti
1002 1359 1111 1424 nemini
1131 1360 1243 1423 errans
1264 1381 1348 1424 occe·

192 1467 305 1533 sionem
323 1465 473 1552 praebent.
518 1470 595 1528 Beue
615 1469 688 1527 enine
703 1485 791 1545 neque
815 1466 897 1525 ncb‘s
921 1475 1061 1538 nntutur,
1095 1484 1149 1526 nec
1167 1463 1253 1527 ullam
1271 1463 1345 1548 ipse,
1390 1463 1468 1563 ¹1⁰⁸&

193 1570 241 1635 ecl
263 1570 328 1634 cius
350 1568 429 1633 servi
454 1565 704 1632 circumveniendi
730 1586 835 1628 caussa
861 1575 985 1629 tentant.
1035 1569 1229 1647 Unusquisque
1246 1588 1347 1628 emon
1406 1550 1414 1575 ’

188 1678 309 1754 properie
323 1675 549 1751 concupiscentie
565 1681 693 1731 tentetur
704 1669 877 1742 abstructus,
902 1679 933 1729 et
948 1670 1078 1729 t'llectus:
1102 1671 1202 1729 deinde
1217 1673 1349 1749 concupi·

191 1778 300 1838 mentula
313 1784 459 1854 peccatum
473 1776 572 1854 parit:
591 1782 739 1853 precatuum
755 1791 837 1845 uero,
862 1791 923 1832 cum
939 1783 1158 1833 consummatum
1174 1773 1275 1851 fuerit,
1297 1792 1349 1851 gc·
1375 1793 1378 1801 ⁴

192 1889 278 1941 ncrut
296 1887 422 1938 mortem.

280 1977 480 2063 Quamobrem
505 1998 570 2040 cum
594 1975 742 2060 hucusque
767 1974 841 2038 satis
863 1975 899 2038 de
923 1974 960 2037 iis
983 1974 1117 2037 omnibns
1140 1975 1315 2060 disputatum
1334 1999 1350 2040 a

195 2080 280 2146 nobis
307 2079 499 2156 arbitremur,
530 2088 719 2163 posteaquam
743 2076 963 2155 cantharidem,
997 2085 1028 2139 ut
1054 2076 1093 2138 ita
1118 2076 1231 2157 dicam,
1264 2081 1350 2142 istam

195 2182 295 2248 colore
313 2183 410 2260 fulvo,
442 2181 496 2245 alis
519 2180 678 2265 praeditam
698 2201 732 2243 ac
750 2180 916 2256 volantem,
951 2179 1003 2241 sed
1025 2178 1200 2242 virulentam
1219 2181 1351 2265 inprimis

194 2307 230 2350 ac
244 2283 353 2350 letiferi
371 2282 479 2346 veneni
498 2282 634 2372 plenam,
656 2281 790 2346 veritatis
808 2282 941 2345 oratione
960 2280 1171 2366 protrivitnus,
1196 2282 1231 2344 ad
1250 2268 1349 2360 aliam,

192 2407 268 2474 quae
286 2407 343 2450 une
369 2395 574 2471 postremaque
591 2395 743 2469 superest,
776 2395 977 2460 transeamus,
1012 2383 1097 2446 deum
1117 2383 1250 2468 inprimis
1270 2384 1352 2448 obte·
1428 2462 1432 2477 Ι
1472 2396 1487 2441 .“

192 2499 306 2554 etautea
329 2498 361 2551 ut
382 2487 465 2550 etad
490 2486 626 2550 veritatis
649 2487 847 2549 consectanda
863 2484 987 2570 uestiffl'a
1010 2486 1093 2548 etad
1113 2486 1291 2550 contrariam
1310 2488 1351 2550 la·
1371 2534 1421 2589 1,..
1544 2523 1547 2533 ·

195 2592 321 2656 ctionem
346 2589 462 2674 penitus
485 2588 678 2653 amoliendum
701 2609 783 2653 auem
806 2587 891 2652 nobis
914 2608 997 2673 opem
1021 2587 1180 2674 impertiat.

437 2878 661 2966 cudunt
699 2878 1125 2972 nossentne&

197 2997 316 3094 quibus
341 3000 500 3074 accedunt
524 3000 724 3093 hlmtyriani
749 3024 767 3073 e
796 2999 979 3075 Gentilium
1004 3025 1163 3092 numero,
1199 3025 1260 3076 nee
1285 3025 1354 3076 non

286 3124 320 3192 et
343 3117 562 3217 Euphemitue
598 3127 633 3195 et
658 3120 842 3196 Saloniani
902 3121 1064 3197 flueretis
1089 3120 1264 3214 uxum„
1416 3138 1436 3177 θ

656 3240 729 3318 sire
753 3239 897 3317 Lxxx.

281 3385 349 3452 Nec
374 3388 553 3472 impudentia
577 3393 694 3472 satiari,
731 3413 785 3456 uec
811 3393 926 3476 expleri
952 3392 1074 3457 stultitia
1099 3404 1213 3477 potest,
1246 3393 1351 3459 sedin
1382 3407 1442 3477 cap.
1461 3410 1482 3460 1.

198 3491 296 3556 omnia
323 3491 531 3574 cogitationem
554 3502 584 3556 et
606 3495 734 3558 enimum
757 3496 882 3559 intendit
899 3516 1001 3575 suum,
1034 3517 1068 3559 ac
1089 3496 1170 3560 velut
1190 3496 1281 3560 hianti
1301 3517 1354 3561 ore

197 3593 229 3659 iu
246 3593 275 3657 id
292 3593 433 3658 incumbit
453 3605 485 3658 ut
502 3594 609 3658 Adami
628 3593 795 3679 Noemique
818 3596 940 3681 stirpem
963 3597 1139 3679 labefactetq
1171 3598 1238 3662 dum
1258 3609 1288 3664 et
1302 3621 1354 3685 pu·

198 3695 299 3761 dorem
316 3719 351 3761 uc
368 3695 534 3782 pudicitiam
555 3696 648 3760 variis
671 3698 763 3760 modis
783 3699 979 3778 exterminet,
1009 3711 1041 3765 et
1056 3700 1254 3765 meretriciam
1271 3703 1354 3765 indo-

198 3797 255 3863 lem
272 3799 353 3862 iniis
371 3820 444 3883 quos
459 3800 576 3862 laedere
593 3797 763 3883 aggreditur
778 3820 836 3862 non
851 3822 907 3864 uua
925 3804 1039 3866 ratione
1055 3801 1235 3867 disseminat.
1283 3802 1355 3869 Etc-

198 3902 258 3966 nim
276 3913 342 3987 post
357 3902 527 3987 superiores
549 3901 614 3964 illas
636 3899 776 3963 haereses
800 3901 905 3966 stolida
923 3906 1063 3986 quaedam
1081 3926 1116 3968 ac
1131 3906 1269 3970 vecordia
1294 3907 1354 3992 ple·

198 4005 319 4070 nissima
338 4004 393 4068 alia
414 4003 499 4067 uobis
516 4003 655 4081 emersit,
688 4002 811 4066 ridicula
828 4003 877 4066 illa
897 4005 1030 4088 quidam,
1055 4026 1110 4070 uec
1125 4006 1184 4071 ullo
1202 4008 1288 4073 modo
1306 4031 1355 4073 co·

200 4105 325 4171 haerens
340 4127 357 4170 e
373 4105 446 4170 viris
463 4107 573 4191 pariter
590 4117 619 4169 et
637 4103 801 4169 infelicibus
818 4107 996 4171 mulierculis
1019 4109 1154 4174 coulluta.
1200 4107 1355 4175 Massalia·

200 4228 254 4271 nos
274 4209 340 4273 illos
366 4219 492 4289 vocant,
524 4231 600 4293 quae
623 4231 683 4272 vos
701 4203 833 4272 Orantes
858 4207 1015 4293 significat.
1061 4210 1100 4276 lli
1118 4212 1228 4297 aliquot
1249 4213 1355 4280 abhinc

200 4311 284 4374 ennis
307 4312 425 4396 prodire
451 4323 627 4396 coeperunt,
661 4310 715 4375 snb
735 4308 906 4375 Constantii
931 4313 992 4375 lere
1018 4313 1204 4398 imperatoris
1227 4325 1351 4402 tempus.

236 4428 319 4480 Cant.
329 4458 361 4470 -
382 4435 402 4482 t.
415 4430 460 4483 atel
470 4434 593 4482 nonhabet
601 4432 756 4495 ccdtlhedtp.
792 4434 828 4482 hri
844 4433 943 4495 hobeut5
965 4436 1021 4495 puri
1035 4436 1086 4484 itere
1098 4437 1171 4496 possit
1185 4438 1256 4486 etiem
1271 4435 1355 4503 φύσα·

233 4497 257 4549 2.
276 4495 321 4549 seul
337 4513 385 4549 nen
399 4502 504 4562 upnoectt
520 4501 570 4551 ced,
589 4501 685 4563 uncum
795 4515 844 4560 σα,
862 4502 892 4564 cs.
910 4503 983 4563 diple·
1000 4503 1033 4552 etl
1047 4505 1116 4554 dcun
1132 4509 1154 4554 et
1167 4504 1230 4555 heer-
1246 4503 1295 4568 7³,
1311 4505 1354 4559 37.

234 4565 259 4620 3.
278 4563 378 4620 unctu
394 4570 478 4632 nrtpet
490 4582 536 4632 pre
551 4566 632 4637 quel,
657 4570 719 4632 qued
732 4571 761 4620 ts·
795 4571 908 4622 Petuntur
923 4565 1001 4637 uteo
1016 4560 1118 4624 mum
