3096 5070
425 298 561 352 seuseu
577 299 640 349 eru
651 299 696 350 ru,
713 298 826 351 romu.
843 296 941 351 essu.
951 295 1060 349 mxxv.
1248 282 1320 347 -189

166 440 281 498 remus,
315 419 457 483 iustorum
478 428 575 481 aulem
601 427 631 481 et
653 427 765 504 patrum
788 439 823 482 ao
847 414 1077 502 patriaruharum
1102 414 1318 500 prophetarum,

165 523 381 608 apostolorum,
411 521 678 605 evangelistarum,
711 528 889 605 martyrum,
921 518 1140 594 confessorum,
1170 518 1321 603 episeopo·

164 646 245 701 rum,
277 625 539 700 anochoretarum,
570 643 606 684 au
637 630 739 685 coetus
761 622 837 686 iliius
860 620 1010 697 universi,
1042 630 1073 681 ut
1100 617 1247 681 domiuum
1276 617 1321 682 le·

164 747 228 789 sum
247 722 395 791 Christum
415 723 555 808 singulari
579 724 701 807 quodam
726 723 836 787 horrore
860 733 1072 808 prosequentes
1097 719 1134 783 ab
1156 732 1321 785 ceterorum

163 827 312 892 homiuum
331 826 433 892 ordiue
452 846 662 910 segregemus,
686 825 871 909 debitumque
889 825 996 889 euirum
1014 821 1091 886 idios
1108 821 1252 886 maiesdadi
1272 821 1322 885 rri-

164 914 303 1007 brmmusq
335 930 402 991 dum
429 927 584 990 iiludeuru
608 927 705 991 auimo
729 939 830 990 uoslro
851 937 1038 1012 reprrromus,
1070 946 1129 989 nou
1147 944 1216 988 esse
1231 924 1322 987 domi-

166 1054 232 1094 num
249 1051 313 1093 curu
329 1030 394 1093 uilis
410 1029 578 1093 mortalibus
595 1030 833 1114 adaequandum,
858 1030 989 1114 quamvis
1005 1028 1111 1114 singuli
1125 1026 1236 1091 iufiuide
1251 1047 1322 1111 qoe-

165 1133 250 1209 dam,
285 1146 335 1194 uur
359 1133 445 1195 edium
471 1132 610 1216 ampliore
635 1131 745 1196 iosririo
769 1132 890 1217 praediti
913 1132 983 1194 sim.
1029 1128 1107 1195 Nem
1131 1151 1204 1216 quae
1226 1137 1324 1215 polest

164 1254 232 1297 esse
248 1234 446 1318 eourparalio,
470 1256 534 1298 uum
552 1235 600 1297 iiie
619 1234 710 1313 drus,
735 1235 781 1298 irio
800 1233 885 1298 dromo
903 1233 961 1313 sit,
992 1232 1041 1297 iile
1056 1233 1085 1296 in
1103 1232 1204 1311 ooeio,
1229 1228 1275 1295 irie
1293 1231 1321 1294 iu

165 1346 262 1414 derra,
286 1347 404 1422 proprer·
421 1336 538 1399 redieras
558 1336 663 1399 ibidem
682 1337 814 1421 eorporis
830 1336 988 1419 reliquias,
1012 1345 1163 1414 versorum
1187 1331 1322 1419 exerpris

164 1439 200 1501 iis
225 1439 272 1523 qui
296 1461 311 1500 a
336 1438 457 1503 mortuis
486 1438 605 1502 excitari
631 1436 660 1500 iu
686 1438 840 1501 diraiamum
864 1437 949 1501 simol
975 1437 1102 1522 ingressi
1124 1446 1212 1515 soor,
1244 1446 1276 1500 ud
1293 1436 1322 1500 iu

163 1541 317 1620 evaugelio
334 1551 487 1605 uuor-adura
518 1544 612 1604 Multo
629 1562 695 1602 uero
713 1562 833 1621 corporo
848 1553 1008 1603 ruariorum
1024 1551 1263 1617 resurreserurrt,
1293 1552 1323 1603 et
1334 1548 1429 1651 ”23⁰⁵st

163 1647 334 1706 introierunt
348 1648 378 1706 iu
394 1656 520 1707 sunctum
536 1647 688 1705 er'm’totem.
738 1639 781 1704 De
796 1664 918 1727 quanam
937 1663 1008 1706 sero
1025 1652 1128 1706 surreie
1144 1644 1263 1707 civitate
1278 1642 1320 1705 Ισ-
1376 1636 1384 1657 ⁸

146 1744 279 1830 ,quiruri
319 1742 396 1809 Nam
415 1747 448 1809 ad
465 1756 636 1830 rusumque.
671 1756 728 1807 daur
754 1755 938 1828 praesentem
965 1742 1101 1808 videlieet
1121 1765 1207 1828 quam
1226 1744 1323 1810 coele·

163 1857 236 1908 stem
260 1847 337 1908 idam
361 1848 442 1910 ioeus
465 1849 521 1911 isle
548 1848 695 1933 periinere
720 1857 827 1933 purast.
875 1843 913 1909 Er
939 1847 1053 1930 quidem
1077 1856 1223 1910 derreuum
1247 1847 1322 1911 haue

164 1943 323 2012 ierusalem
341 1948 461 2032 primum
479 1949 543 2014 idios
557 1950 709 2033 ingressos
724 1970 791 2013 esse
810 1947 917 2012 uemiui
933 1948 1050 2011 dubium
1067 1959 1123 2012 esd.
1169 1951 1210 2013 Ar
1228 1949 1323 2032 prius·

165 2072 250 2134 quam
277 2049 409 2112 saiuuror
432 2050 459 2112 iu
478 2053 589 2114 eoelum
614 2052 807 2130 asceuderet,
838 2050 1012 2113 ascenderat
1035 2072 1138 2130 neme,
1168 2052 1261 2115 dorree
1282 2052 1321 2116 ilii
1378 2054 1381 2061 '

163 2173 228 2216 eum
246 2173 282 2214 eo
299 2151 409 2236 pariier
424 2151 519 2215 ereeii
536 2164 615 2216 sord.
660 2156 749 2216 Nemo
766 2159 837 2215 euim
854 2156 1023 2214 ascenditis
1042 2155 1165 2228 eoelum,
1197 2158 1258 2216 ur'sr‘
1270 2158 1323 2237 pud
1331 2167 1474 2229 romum

162 2259 198 2316 de
220 2258 297 2316 coelo
319 2257 462 2315 desreudr‘t
473 2255 561 2335 filius
585 2258 713 2317 domr'm‘s.
763 2252 872 2318 Verum
898 2255 969 2318 duas
994 2274 1027 2318 er
1050 2255 1086 2317 de
1111 2275 1143 2317 re
1160 2256 1323 2320 sententias

161 2376 217 2420 suo
239 2356 306 2419 ioco
332 2355 548 2440 proposuimus.
594 2354 680 2441 Quod
698 2358 723 2420 si
743 2356 808 2442 quis
829 2354 989 2420 ierusalem
1016 2354 1167 2440 ingressos
1189 2378 1256 2422 esse
1280 2359 1322 2422 di·

163 2469 227 2536 eai,
261 2457 339 2521 seire
363 2458 449 2521 dubet
471 2457 520 2521 iiia
544 2458 590 2521 die
615 2458 722 2523 eleusis
745 2459 840 2523 iarruis
863 2459 922 2523 idio
944 2458 1093 2522 addidisse
1111 2460 1257 2525 domiuum
1273 2463 1325 2525 udi
1339 2475 1416 2524 run.

161 2572 247 2623 erent
266 2563 403 2641 dr'ser'pulr’
420 2566 604 2642 congregari,
631 2561 790 2646 iisdemque
812 2561 943 2640 dixisse,
966 2564 1029 2623 Por
1050 2562 1137 2623 vodis
1350 2531 1430 2586 m

247 2658 306 2726 Sed
322 2662 366 2724 his
383 2664 501 2726 omissis
519 2683 555 2726 eo
573 2663 649 2726 unde
665 2665 840 2728 diverterem
857 2665 964 2742 redeo,
988 2686 1022 2727 ao
1041 2663 1209 2728 necessario
1226 2665 1322 2729 iacere
1339 2676 1474 2747 crpvrn.

162 2761 230 2826 irruo
252 2764 406 2827 ecelesiam
425 2765 507 2842 dieo,
539 2787 612 2850 quae
638 2765 773 2829 rradilum
795 2765 851 2830 sibi
869 2767 954 2829 riuum
970 2765 1081 2829 iduma
1097 2765 1256 2830 maioribus
1272 2788 1322 2830 ae·

163 2862 285 2948 reperit.
330 2862 432 2929 Foresr
448 2885 519 2930 vero
534 2867 676 2952 quispiam
692 2880 852 2932 mareruam
872 2867 1073 2947 sanctionem,
1096 2877 1147 2931 aot
1161 2868 1254 2952 legem
1271 2890 1321 2952 pa·

164 2967 217 3028 tris
244 2970 402 3031 everrere?
430 2971 669 3054 quemadmodum
693 2991 709 3031 u
732 2964 892 3035 Salomone
917 2969 1057 3056 seriptum
1080 2981 1144 3047 esd,
1174 2973 1460 3054 Ardifio'ruvom

161 3089 303 3131 sermones
325 3075 418 3150 putrr's
435 3077 492 3148 tiri,
524 3085 601 3135 etue
615 3075 737 3155 repellas
753 3076 830 3153 leges
843 3077 942 3134 motrr's
959 3084 1040 3134 tour:
1073 3072 1175 3157 quibus
1195 3085 1319 3158 pedrem,

164 3169 220 3234 hoo
243 3181 290 3234 est
311 3173 490 3257 uuigeuirum
507 3175 608 3254 deum,
643 3196 709 3240 eum
736 3172 840 3260 spiriru
857 3185 960 3238 seuero
977 3175 1105 3239 deoiarar
1128 3175 1231 3262 parlim
1246 3176 1321 3242 sori·

164 3283 231 3359 pro,
265 3273 367 3359 parrim
386 3275 450 3339 siue
468 3276 577 3363 soripro
599 3278 752 3355 docuisse,
784 3287 905 3340 merrom
923 3297 996 3340 vero
1015 3287 1145 3340 nostram
1164 3278 1319 3343 eeclesiam

163 3376 281 3438 decreta
298 3378 438 3460 quaedum
459 3377 567 3442 babere
594 3400 684 3466 penes
703 3401 735 3443 se
753 3400 827 3463 quae
845 3378 965 3442 dissolvi
984 3380 1136 3465 eremique
1159 3391 1319 3466 uequeuud.

165 3472 251 3559 Quae
269 3476 383 3561 quidem
408 3501 472 3542 rum
499 3480 527 3544 iu
544 3480 669 3545 ecelesia
691 3482 848 3545 corruitura
872 3493 957 3559 sunl,
989 3484 1137 3565 praeeiara
1156 3484 1270 3567 quidem
1286 3504 1321 3546 ee

164 3579 279 3663 penitus
294 3580 475 3658 admiranda,
492 3603 531 3646 ex
548 3582 602 3645 iroo
618 3582 680 3667 ipso
693 3582 786 3666 eapite
802 3593 952 3647 vederetur
964 3583 1012 3647 iiie
1027 3585 1223 3650 eouviueirur.
1257 3583 1319 3650 Sed

164 3702 218 3745 nos
233 3702 269 3744 eo
286 3681 401 3760 rediero,
421 3683 501 3746 velut
509 3684 669 3747 scarabaeo
685 3685 822 3769 quodam,
842 3697 893 3749 aut
907 3686 1088 3764 cantharide,
1104 3687 1151 3750 rei
1168 3688 1317 3774 hupresie,

164 3783 240 3868 quod
260 3791 308 3846 esd
326 3782 429 3846 iuseodi
454 3784 595 3867 quoddam
614 3805 726 3867 genus,
759 3807 794 3850 ae
814 3787 908 3850 solido
930 3787 1075 3853 eeclesiae
1101 3789 1235 3873 dogmate
1258 3790 1320 3854 dei-

164 3906 220 3970 que
242 3885 351 3948 rirlute
374 3886 525 3948 eouirooro
547 3886 582 3948 ad
599 3886 786 3968 iusequeules
810 3888 948 3953 haereses
970 3911 1035 3954 oum
1055 3892 1156 3954 eodem
1174 3892 1219 3955 dei
1234 3912 1319 3978 prae-

164 3988 240 4053 sidio
263 4000 457 4052 transeamus.

165 4197 290 4249 semum
303 4210 377 4249 moure
389 4195 430 4248 red
443 4195 514 4248 rubro
528 4196 602 4249 eodem
616 4196 724 4262 mpero,
755 4197 803 4266 τῆς
817 4197 873 4264 γῆς
910 4195 936 4251 ἐν
951 4194 981 4252 ok
995 4198 1030 4268 τῇ
1048 4194 1175 4269 ἀναλήψει
1197 4201 1317 4271 συνανήλ-

166 4259 206 4318 i'rr
219 4261 406 4325 edisseruimus
421 4263 463 4318 ἐπὶ
474 4265 523 4330 τῆς
538 4264 650 4332 Χριστοῦ
664 4262 723 4320 dm·
758 4267 801 4320 θον
814 4265 853 4336 τῷ
873 4263 957 4333 dqeeri.

167 4331 283 4394 στάσεως
311 4334 342 4402 '11'
370 4328 470 4401 ἡμέρας
495 4330 661 4403 πεποιήκασιν
686 4332 728 4388 dui
