3096 5070
407 327 545 381 eamean
564 325 627 377 uro.
645 326 690 378 ur.
708 322 790 378 rom.
806 325 833 376 ι-
844 324 944 376 usus.
959 324 1045 378 uxx.
1264 309 1305 375 ιι

145 466 182 512 oo
206 447 298 510 modo
328 467 391 531 quo·
406 446 486 510 inest
507 445 537 508 in
560 465 598 508 ec
619 445 776 530 splendore
799 445 847 529 qui
871 443 1162 528 comprehensionem
1185 446 1307 510 excedit

146 569 273 614 omnem.
321 547 403 612 llaec
426 568 481 611 uos
506 568 561 632 pro
585 547 697 612 viribus
723 547 833 610 uostris
854 547 889 609 ad
906 546 952 608 dei
972 545 1113 609 honorem
1134 559 1164 610 et
1179 548 1304 632 gloriam

145 651 269 716 humana
287 651 388 736 lingua
403 649 628 735 disputavimus.
672 648 743 714 Nou
770 649 848 712 euirn
868 649 926 710 alta
942 667 1017 711 roee
1039 657 1090 709 aut
1111 668 1247 714 sermone
1264 649 1304 714 uti

145 775 312 838 possumus,
336 753 385 837 qui
404 751 443 815 sit
457 771 494 813 eo
515 750 713 834 praestantior
727 771 812 836 quem
830 749 916 813 nolis
932 751 1017 812 modo
1032 749 1156 833 quodam
1174 771 1208 814 ac
1224 773 1306 816 men-

145 877 213 920 sura
231 857 304 920 deus
321 853 469 931 attribuit3
495 852 609 914 tametsi
626 853 823 937 praestantius
839 852 947 936 aliquid
963 864 1062 914 mente
1081 851 1116 914 de
1133 851 1189 915 deo
1206 854 1305 917 conci·

145 960 271 1044 piamus.
317 954 430 1018 Verum
447 965 584 1037 quantum
604 965 704 1017 nostra
723 974 805 1017 meus
821 955 917 1039 eupit,
950 964 1060 1017 tantum
1079 974 1114 1017 os
1132 953 1228 1038 eloqui
1246 975 1304 1018 non

146 1072 261 1146 potest,
297 1057 373 1142 quod
398 1065 428 1117 et
449 1076 585 1118 mensura
610 1056 657 1119 illo
675 1068 845 1135 coercetur,
878 1067 908 1120 et
931 1056 1083 1141 corporeis
1103 1056 1305 1119 instrumentis
1356 1136 1362 1145 Ι

145 1164 263 1226 affixum
295 1169 423 1221 tenetur.
480 1154 627 1240 Quocirca
661 1158 850 1223 imbecillilati
885 1169 1005 1222 nostrae
1035 1159 1107 1220 deus
1136 1158 1304 1240 indulgens,

146 1284 232 1348 quam
252 1262 288 1324 de
302 1261 367 1346 ipsc
383 1260 511 1323 notitiam
532 1260 720 1344 adipiscimur
733 1282 768 1324 ac
783 1259 907 1345 gloriam
925 1259 1096 1338 delerimus,
1122 1260 1207 1344 aequi
1223 1260 1306 1322 lroui·

147 1385 204 1449 que
219 1364 354 1442 consulit,
379 1363 444 1425 dum
458 1363 536 1426 illum
551 1363 639 1425 etiarn
656 1383 745 1448 supra
760 1364 866 1426 virium
884 1373 1050 1425 nostrarum
1067 1373 1181 1447 raptum
1199 1372 1307 1425 esleu-

147 1468 258 1543 dimus3
294 1487 353 1528 non
369 1475 399 1528 ut
418 1464 474 1528 ulla
493 1466 521 1527 iu
540 1485 573 1527 re
592 1466 649 1527 deo
667 1466 883 1547 gratilicemor,
915 1466 968 1528 sed
984 1475 1017 1526 ut
1032 1464 1129 1542 illum,
1155 1465 1249 1550 quoad
1265 1464 1306 1528 si·

145 1579 205 1632 tum
231 1567 260 1630 in
284 1567 369 1630 uobis
393 1577 455 1644 est,
488 1567 574 1629 laude
593 1567 794 1646 celebremus3
825 1578 858 1630 ut
879 1568 958 1630 etde
975 1567 1024 1630 illo
1041 1566 1179 1650 religiose
1196 1566 1305 1630 sentia·

144 1690 225 1748 mus,
250 1670 328 1733 etalr
344 1668 409 1733 eius
428 1669 523 1752 gratia
542 1679 572 1729 ot
590 1669 714 1730 veritate
731 1689 790 1731 nou
807 1669 992 1733 excidamus.
1039 1669 1136 1752 Atque
1163 1669 1235 1732 haec
1254 1670 1305 1732 ad·-

144 1793 249 1835 versus
266 1773 393 1836 Andium
415 1771 627 1853 Audianosque
648 1768 832 1853 dispulautes
856 1769 971 1834 illorum
994 1773 1130 1854 dogmata
1152 1771 1306 1855 proposui·

142 1896 225 1953 mas3
240 1894 314 1959 quae
331 1871 501 1959 simpliciori
519 1873 641 1955 quadam
656 1872 771 1934 ratione
784 1892 819 1933 ao
836 1872 976 1956 pertinaci
993 1871 1191 1936 contentionis
1208 1875 1304 1936 studio

144 1979 271 2062 turpiter
292 1985 477 2039 asseverant.

230 2076 348 2140 liabent
377 2097 449 2140 vero
475 2088 506 2139 et
528 2077 583 2139 alia
612 2076 780 2161 complura,
816 2075 921 2159 quibus
945 2077 1126 2161 potissimum
1157 2078 1441 2168 nitantur,c,p,1x,

144 2201 235 2265 seque
262 2179 298 2240 ob
324 2179 469 2241 ecclesiae
492 2179 699 2240 corriuuotioue
720 2188 933 2260 segregarunt,
966 2180 1070 2261 quibus
1098 2191 1124 2242 et
1150 2181 1223 2242 aliua
1245 2179 1306 2263 ple·

143 2303 265 2366 rrrurque
290 2280 480 2343 conturbatos
506 2280 542 2343 ab
568 2282 669 2342 eudem
691 2281 816 2344 ecelesia
840 2280 999 2354 divellunt,
1034 2282 1184 2365 utriusque
1213 2301 1305 2343 sexus

147 2384 293 2447 lromiues.
337 2381 418 2446 Nuus
434 2404 499 2444 cum
524 2379 638 2445 ludaeis
654 2379 768 2446 Pasclru
792 2383 944 2445 celebrare
962 2382 1080 2458 uolunt,
1112 2383 1166 2445 lroc
1186 2395 1232 2446 est
1248 2406 1305 2467 quo

146 2497 278 2571 tempore
297 2483 396 2548 ludaei
418 2485 532 2569 Azyma
552 2506 605 2548 strar
626 2496 785 2568 peragunt,
820 2497 888 2547 tuuc
917 2483 957 2546 illi
976 2481 1131 2546 Puselratis
1151 2485 1305 2548 celebrita-

143 2599 201 2650 tem
224 2588 351 2664 obcuut,
383 2597 415 2651 ut
439 2588 476 2649 ab
501 2586 627 2648 eeclesia
655 2587 810 2649 dissentire
838 2587 1003 2650 videantur.
1059 2583 1144 2668 Quod
1170 2587 1307 2650 videlicet

144 2691 211 2752 olim
233 2691 304 2753 liaeo
321 2691 349 2752 iu
365 2689 489 2751 ecclesis
508 2690 690 2751 cousuetudo
709 2699 826 2773 recepta
847 2689 945 2752 luerit.
993 2687 1176 2771 Quamquam
1202 2689 1306 2750 rronui·

144 2792 183 2854 lril
201 2792 255 2854 hac
272 2792 301 2853 iu
321 2802 403 2876 parte
418 2791 650 2866 calumniantur,
675 2800 705 2852 et
718 2788 930 2855 ecciesiasticis
949 2791 1050 2853 lalsam
1068 2791 1211 2852 rationem
1233 2790 1306 2853 obii-

145 2891 235 2954 ciunt.
282 2891 533 2969 ACoustautiui,
559 2892 709 2975 inquiunt,
736 2902 884 2976 tempore,
910 2904 940 2955 ut
957 2893 1142 2976 imperatoris
1160 2892 1304 2955 rationem

146 2993 294 3056 haberetis
307 3007 456 3079 paternam
475 2995 504 3056 in
520 2994 697 3057 celebrando
714 2995 850 3077 paschate
869 2995 1111 3057 cousuetudinem
1130 2995 1302 3078 reliquistis,

145 3098 279 3180 diemque
295 3097 508 3171 consummetis,
534 3107 564 3158 ot
582 3116 635 3158 vos
652 3097 687 3157 ad
706 3096 893 3180 imperatoris
910 3107 1010 3158 uratum
1029 3099 1302 3161 accommodaretis.

145 3196 271 3282 Quidam
297 3199 389 3263 etiarn
412 3198 595 3283 pervicacius
622 3197 778 3274 deliciunt,
813 3208 861 3274 et,
896 3194 970 3261 Cum
1000 3199 1123 3274 notulis,
1157 3201 1302 3284 inquiunt,

144 3298 335 3365 Constantini
358 3301 578 3375 celebraretur,
613 3297 765 3362 Pasclrotis
789 3300 932 3362 rationem
958 3299 1145 3363 iruruutastis.
1193 3299 1304 3365 Verum

144 3404 168 3466 si
185 3405 289 3467 eudem
303 3404 462 3491 minueris
480 3404 526 3464 dic
545 3399 659 3464 Pasolru
677 3412 971 3486 repraesentaretur,
995 3404 1024 3465 in
1044 3423 1137 3487 eaque
1151 3403 1305 3465 celebran-

145 3505 211 3566 dum
234 3526 302 3567 essc
320 3505 478 3568 slatuisset
504 3504 553 3567 illa
570 3506 702 3587 synodus
724 3525 739 3564 a
759 3501 957 3567 Constantino
978 3505 1119 3579 collecta,
1145 3503 1304 3588 probabilis

146 3603 267 3667 istorum
283 3617 363 3668 esset
378 3605 486 3669 orntio.
533 3605 621 3669 Nunc
644 3626 710 3668 orum
728 3606 814 3669 auuis
834 3605 955 3687 siugulis
982 3628 1039 3669 uun
1068 3608 1170 3669 eadem
1193 3615 1305 3688 tempo-

146 3725 210 3766 rum
229 3707 322 3768 series
346 3710 515 3792 potatioque
532 3709 725 3790 respoudeat,
759 3707 855 3770 liranis
874 3719 919 3770 cst
937 3709 992 3770 ista
1007 3711 1093 3769 ratio.
1141 3704 1210 3768 Nou
1227 3707 1304 3769 cuim

146 3806 184 3868 olo
203 3806 328 3868 aralulem
349 3829 450 3885 suum,
475 3811 525 3871 sed
544 3810 577 3871 ud
597 3808 753 3871 ecclesiam
768 3810 980 3872 conciliandam
1000 3809 1027 3871 ei
1046 3809 1088 3870 rei
1107 3809 1232 3870 studium
1252 3811 1304 3871 im·

145 3922 266 3993 perator
283 3907 424 3971 adlribuit.
469 3909 550 3971 Saue
570 3909 638 3971 illud
655 3911 800 3972 latendum
819 3912 902 3973 nobis
920 3920 983 3986 est,
1008 3914 1064 3971 duo
1083 3911 1223 3992 quaedum
1243 3934 1304 3979 nra-

144 4010 224 4074 xima
254 4030 306 4094 per
331 4008 584 4092 religiosissimum
611 4029 645 4070 ac
676 4008 862 4074 beatissimae
893 4011 1053 4072 memoriae
1077 4008 1303 4077 Corrstuutiuum

144 4135 159 4175 a
181 4114 235 4175 deo
254 4132 322 4174 csse
348 4112 499 4195 praestita.
546 4107 679 4192 Quorum
698 4112 820 4194 primum
838 4116 889 4175 luit
908 4124 938 4173 ut
961 4115 1149 4176 oecumenica
1172 4119 1303 4199 synodus

145 4215 352 4299 colligeretur,
384 4234 418 4276 ac
449 4212 514 4276 lidei
544 4232 656 4276 summa
678 4210 812 4276 Nicacoc
841 4215 986 4298 explicata
1010 4229 1241 4299 proponeretur,
1273 4229 1305 4282 et

177 4485 202 4537 3.
220 4481 269 4540 alei
288 4489 379 4536 uolebat
397 4489 513 4537 Petootas.
736 4484 892 4554 ἐντιθεῖσαν)
910 4490 963 4539 edit
982 4491 1064 4543 Petam
1081 4488 1232 4546 duraturus
1248 4493 1303 4543 rrll·

178 4549 202 4605 4.
220 4551 425 4624 ἐκτεθεῖσανᾲἀ.
441 4557 520 4606 colon
533 4560 605 4621 repet.
620 4558 702 4610 viliore
736 4559 776 4621 qut
795 4557 856 4606 tr'brr'.
