3096 5070
464 261 604 319 rununn
622 261 741 314 urunt.
756 259 841 312 rou.
852 262 872 312 r.
889 258 989 311 naun.
1000 258 1120 310 cxxvi.
1312 243 1374 307 aad

220 396 268 450 tna
282 394 329 450 eat
343 383 530 450 affectionem
549 401 674 446 caussae
689 380 812 444 sortitur
826 380 925 456 nlius,
948 400 1003 442 nee
1018 377 1139 463 spiritua
1156 387 1287 456 naama,
1309 397 1374 440 eum

219 509 238 553 a
253 498 335 573 patre
350 487 498 573 procedat.
546 483 665 550 Etenim
683 493 766 568 pater
782 502 822 545 ex
840 502 876 546 eo
892 482 968 566 quod
983 481 1101 565 genuit,
1126 489 1176 543 aut
1194 478 1293 543 emisit
1307 498 1324 541 c
1340 496 1375 542 aa

217 589 300 676 ipro,
323 599 422 654 cetera
439 609 511 653 vero
529 597 595 673 post
613 585 704 650 lilium
726 605 761 648 aa
778 583 911 670 spiritum
926 594 1061 647 sanetum
1080 583 1205 660 creavit,
1229 580 1376 644 affectioni

218 691 269 756 ulli
283 711 408 756 caussae
426 689 578 753 aultieotua
596 698 659 767 eet;
683 709 855 773 quamquam
880 687 937 750 alia
963 686 1059 749 omnia
1083 687 1111 748 in
1138 683 1265 748 creando
1284 702 1374 766 geue·

216 795 349 859 raudove
366 793 516 878 patiantur
532 790 653 875 aliquid.
698 787 885 875 Quapropter
901 799 1002 875 pater,
1032 788 1110 852 lulius
1127 798 1155 849 et
1172 785 1291 871 spiritua
1307 805 1375 849 aau-

217 907 282 961 etus
297 916 431 960 caussam
448 894 557 957 habent
570 893 689 957 nullam.
735 889 872 957 Omnium
891 913 963 955 rero
980 912 1084 954 caussa
1098 900 1145 954 est
1164 889 1225 974 ipsa
1244 887 1373 964 trinitas,

217 1019 293 1084 quae
310 996 408 1061 omnia
424 996 481 1060 ista
497 995 582 1059 simul
600 1005 683 1059 creat
697 1016 733 1059 ac
747 994 876 1071 molitur,
901 995 1029 1079 nihilque
1046 994 1075 1056 in
1092 1001 1159 1057 aeae
1177 1001 1306 1054 creatum
1326 999 1377 1053 aut

218 1099 392 1167 lubricatum
415 1098 560 1182 agnoseit.

204 1257 210 1262 .
303 1199 387 1269 Aelii
411 1197 508 1286 Caput
526 1196 680 1264 XXVIII.
735 1195 769 1264 si
795 1199 929 1284 quiequid
955 1200 1125 1285 productum
1149 1208 1194 1262 eat
1221 1196 1256 1260 ab
1281 1195 1376 1259 altero

218 1303 390 1391 prodactam
406 1313 469 1379 est,
501 1301 631 1386 ingenita
648 1322 722 1367 vero
739 1301 907 1387 hypostasis
923 1321 1061 1365 necare
1080 1301 1162 1386 ipae,
1194 1297 1376 1362 necabalia

220 1406 361 1491 producta
376 1415 434 1483 eat,
456 1404 581 1488 ingeniti
598 1404 742 1468 vocabulo
762 1403 923 1467 substantia
941 1405 1004 1488 ipsa
1022 1403 1207 1487 significetur
1223 1411 1351 1493 oportet.

304 1501 428 1611 ῳ..
446 1502 600 1571 xxvlfl.
646 1505 777 1570 Rursum
801 1506 886 1569 uobis
910 1507 986 1570 iatud
1006 1504 1130 1583 Aetius,
1163 1517 1299 1589 tauquam
1323 1524 1376 1566 uo·

221 1630 287 1674 vum
306 1606 412 1695 aliquid
428 1620 458 1673 et
474 1609 635 1673 inauditum
650 1608 768 1686 obiicit,
800 1619 831 1672 ut
849 1609 1019 1672 dialecticae
1036 1609 1120 1672 iatiua
1137 1606 1307 1672 subtilitatis
1325 1627 1376 1670 an·

219 1723 284 1775 etur
298 1731 366 1783 caea
384 1712 530 1776 videatur.
576 1707 678 1794 Quare
695 1731 914 1797 supervacanee
934 1710 1002 1774 illud
1021 1733 1109 1776 unum
1129 1711 1275 1788 inculcat,
1299 1708 1375 1792 qood

218 1814 248 1877 in
265 1813 497 1878 controversiam
513 1813 632 1877 minime
648 1824 816 1891 revocatur,
842 1834 937 1897 neque
954 1814 1070 1876 veritati
1086 1823 1241 1898 repugnat,
1264 1822 1294 1874 et
1310 1831 1376 1896 per-

219 1927 307 2003 petuo
329 1915 473 1981 eeclesiae
499 1915 662 1979 catholicae
688 1917 873 2001 proleasione
896 1926 1023 1978 tenetur.
1069 1911 1213 1997 Quicquid
1237 1935 1309 1999 ergo
1334 1915 1377 1977 la·

219 2029 298 2083 ctum
314 2028 372 2098 eat,
395 2018 432 2082 ab
449 2015 543 2080 altero
562 2018 669 2081 laetum
685 2017 724 2081 ait
742 2028 876 2103 oportet,
907 2029 937 2081 at
954 2017 1084 2100 ingenita
1100 2017 1267 2102 hypostasis
1281 2037 1376 2101 nequa

218 2142 294 2186 ase
320 2121 401 2207 ipsa,
435 2138 531 2203 neque
556 2119 593 2182 ab
618 2119 693 2198 alia3
728 2121 861 2204 quamvis
886 2120 1009 2204 ingeniti
1037 2120 1155 2182 nomine
1184 2119 1375 2183 substantiam

217 2223 377 2307 significari
402 2242 527 2286 necesse
550 2220 601 2285 ait.
648 2217 726 2304 Quid
747 2222 824 2285 enim
845 2223 938 2307 magis
955 2222 1005 2285 illo
1022 2223 1220 2285 neceesarium
1240 2243 1308 2286 esse
1325 2243 1376 2307 po·

218 2327 297 2390 teatl
340 2323 418 2390 Nam
446 2324 501 2389 hoe
526 2323 709 2387 substantiae
735 2325 924 2403 vocabulum,
956 2325 1032 2408 quod
1053 2325 1198 2387 Anomoei
1221 2336 1251 2387 et
1269 2323 1376 2388 Ariani

216 2428 248 2493 in
265 2447 319 2492 orc
342 2447 461 2512 aernper
488 2427 611 2502 habeut,
645 2425 748 2489 callide
773 2446 807 2490 ae
824 2428 1004 2491 veteratorie
1027 2427 1180 2510 usurpavit
1197 2427 1322 2504 Ae'tiua,
1347 2437 1377 2490 et

217 2530 329 2616 abipsa
344 2540 466 2593 coactus
480 2530 607 2596 veritato
621 2529 776 2593 conleaaus
792 2541 849 2593 est.
883 2527 985 2613 ltaque
1001 2551 1066 2592 eum
1081 2528 1203 2613 ingeniti
1222 2529 1297 2592 ratio
1313 2530 1376 2614 ipaa

217 2631 457 2709 substantiam,
488 2633 649 2715 eademque
669 2651 735 2694 eae
751 2631 832 2717 ipsa,
863 2632 1082 2710 uoneuilrilo,
1113 2632 1178 2695 sine
1201 2631 1257 2694 olla
1283 2631 1377 2715 inqui-

219 2733 338 2796 natione
354 2753 390 2796 ae
404 2735 541 2819 paaaione
569 2733 750 2818 unigenitum
767 2735 921 2818 genuerit,
955 2735 1035 2799 nullo
1053 2755 1148 2820 neque
1172 2745 1301 2819 tempore
1321 2753 1377 2797 nee

218 2834 320 2911 initio,
353 2836 486 2919 spiritum
511 2858 583 2900 vero
607 2846 739 2899 ranetam
762 2837 893 2901 emiserit
910 2858 927 2900 e
944 2838 1059 2923 seipsa,
1091 2860 1150 2900 non
1171 2837 1292 2901 eniltilo
1310 2857 1377 2922 pro-

218 2937 354 3014 duxerit,
384 2936 570 3003 manifestum
591 2938 682 3024 estin
699 2949 803 3003 anneta
820 2961 855 3002 nc
873 2940 1017 3003 catholiea
1037 2940 1162 3004 ecclesia
1183 2940 1378 3004 consubstan-

219 3039 319 3107 tialem,
332 3038 491 3109 trinitatem
513 3044 570 3105 ritc
592 3040 766 3126 praedicari.
812 3040 880 3125 Quo
899 3041 1014 3127 quidem
1035 3043 1153 3106 nomine
1178 3054 1277 3107 ereata
1298 3042 1375 3106 nulla

218 3161 267 3206 rea
281 3143 486 3227 comprehendi
502 3154 615 3227 potest,
647 3145 777 3228 eoquod
796 3165 891 3229 neque
911 3156 1031 3223 natura,
1065 3167 1158 3229 neque
1177 3146 1255 3210 cultu
1273 3167 1308 3210 ao
1323 3166 1376 3209 ve·

218 3245 371 3308 naratioue
397 3256 494 3331 puteat
517 3246 625 3331 aliquid
653 3246 805 3331 unigenito
828 3258 880 3310 aut
904 3247 1020 3333 spiritui
1044 3259 1147 3311 saneto
1172 3269 1239 3312 esse
1265 3248 1373 3311 simila.

218 3343 329 3413 Cetera
346 3347 424 3410 anim
442 3369 459 3410 e
479 3349 568 3413 nihilo
587 3360 703 3426 creata,
729 3369 783 3412 neo
800 3350 972 3413 adoratione
991 3351 1192 3434 prosequenda
1213 3362 1299 3428 sunt,
1315 3340 1377 3412 'tri-

218 3449 293 3511 nitas
311 3451 595 3534 veruaempiterna3
627 3453 893 3536 paterperlectua.
924 3451 1088 3537 paterent,
1119 3453 1195 3515 lilius
1215 3454 1374 3538 perlectus,

217 3552 294 3616 lilius
309 3564 421 3635 epatre
436 3552 565 3635 genitus,
589 3551 710 3636 spiritua
723 3564 843 3616 sauctus
858 3555 1018 3636 perlectus,
1043 3555 1163 3639 spiritua
1178 3577 1196 3616 u
1210 3566 1296 3635 patre
1307 3576 1377 3635 pro-
1413 3561 1496 3662 Ilpa&

216 3658 333 3729 cedens,
366 3663 395 3714 et
412 3654 508 3732 ofilio
529 3658 679 3733 recopolim.
728 3652 772 3716 Ita
792 3655 937 3738 scriptura
959 3657 1053 3720 omnia
1076 3678 1159 3720 sacra
1183 3668 1212 3718 et
1231 3657 1375 3719 catholiea
1439 3647 1447 3673 ’

218 3756 290 3820 uteo
306 3755 470 3819 clarissima
489 3755 573 3817 nolia
591 3765 655 3832 eat,
680 3774 774 3837 neque
792 3755 946 3840 quicquam
962 3760 1039 3823 inest
1055 3760 1215 3842 obliquum,
1239 3768 1289 3823 aut
1305 3778 1376 3845 uoq·

218 3858 359 3935 tranium,
383 3867 435 3920 ant
457 3856 581 3941 deniqne
605 3865 780 3917 tortuosum.
1373 3914 1377 3921 ,

302 3957 382 4023 aerii
404 3954 501 4043 Gaput
518 3954 644 4022 XXIX.
692 3951 725 4020 Si
746 3954 869 4039 ingeniti
891 3961 1069 4040 substantia,
1104 3974 1238 4047 tanquam
1255 3984 1373 4044 conara,

215 4173 257 4214 tor
282 4180 336 4214 eane
362 4163 491 4214 videatur:
517 4162 568 4214 hoc
592 4162 674 4230 iprum
692 4160 780 4213 decla-
815 4165 881 4230 apud
896 4164 961 4230 ipsae
972 4168 1115 4216 Auomoeoa
1129 4176 1155 4217 et
1170 4167 1273 4221 Arianae
1287 4169 1374 4223 dolona

216 4247 273 4282 naua
290 4231 322 4280 da
335 4247 385 4298 quo
398 4248 478 4299 arque
492 4231 642 4300 ambigitur,
669 4243 694 4281 et
711 4231 780 4299 quod
814 4232 933 4299 accipitur
945 4233 1025 4299 ipsum
1039 4235 1160 4288 cosentiae
1172 4254 1269 4296 nomeu.
1289 4240 1374 4292 Aetiua

215 4295 248 4376 iu‘
267 4298 389 4351 catholica
413 4299 517 4351 eeclesia
541 4301 566 4351 in
587 4300 704 4352 conleaao
723 4300 779 4350 eai-
814 4299 879 4350 clare
895 4311 995 4351 coactua
1010 4320 1024 4351 a
1040 4302 1146 4353 veritate
1161 4307 1288 4359 aculeatae
1303 4319 1348 4362 eat.

215 4375 269 4414 atat.
846 4368 869 4420 4.
889 4368 925 4435 μή
944 4369 1009 4424 κατὰ
1027 4374 1078 4421 aad.
1095 4375 1192 4438 lldedr'p.

250 4431 275 4484 d
301 4436 404 4486 rotam
426 4433 546 4506 ἐξίλαβι,
571 4429 585 4491 ‘a'
609 4432 706 4496 Ἀἐτιος
727 4444 778 4488 cett.
848 4440 870 4489 t.
887 4440 968 4504 Supra
985 4440 1159 4511 συμφαῑνιται.

217 4503 344 4554 comoros
363 4510 474 4556 conuertit
496 4505 570 4567 Quod
592 4504 657 4556 enlm
678 4522 778 4575 aemper
