3096 5070
465 306 601 360 rsnsnu
618 307 682 359 nin.
695 309 739 358 nr.
756 307 838 361 rou.
853 309 873 360 t.
889 307 990 359 nasu.
1001 306 1122 367 cxxvi
1225 309 1231 327 ·
1308 292 1370 359 223

298 425 401 489 xtvt.
426 422 459 491 Si
484 427 633 511 ingenitus
658 438 689 491 et
704 428 777 491 deus
796 449 849 512 pro
867 448 925 490 uno
947 426 1108 509 eodemque
1125 436 1295 506 sumantur,
1326 426 1372 490 in-

216 526 331 616 psius
354 529 516 613 ingenitum
540 530 652 614 genuit.
699 528 753 594 Sin
779 531 927 594 diversum
953 529 1086 614 quiddam
1113 529 1235 613 ingeniti
1263 551 1297 593 ac
1324 529 1370 594 dei

214 631 357 697 vocabula
379 632 547 710 declnrant,
581 653 761 716 nequaqnam
778 632 935 696 absurdum
955 643 1000 694 est
1023 633 1108 695 deum
1127 652 1144 694 a
1161 633 1216 694 deo
1241 632 1371 715 genitum

214 753 294 814 osse,
318 754 383 798 cum
401 745 524 819 uterque
542 733 579 797 ab
596 734 726 818 ingenita
744 734 906 798 substantia
921 734 1064 817 originem
1088 734 1217 797 duxerit.

297 837 413 900 XLVll.
430 833 464 901 Si
483 846 551 900 ante
568 836 654 899 deum
674 834 880 900 nihilomnino
899 837 964 914 luit,
988 834 1030 900 uti
1048 856 1154 899 revera
1168 836 1237 900 nillil
1258 836 1368 914 extitit,

211 939 333 1004 denset
349 939 508 1022 ingenitum
533 939 608 1001 idem
623 938 706 1023 plane
731 937 913 1022 significant,
947 958 1011 1001 cum
1031 938 1130 1022 genita
1149 938 1268 1003 soboles
1289 940 1370 1025 inge-

212 1042 305 1106 nitum
318 1062 377 1104 uon
393 1040 537 1104 admittat.
564 1038 648 1105 Unde
665 1062 730 1103 curn
749 1041 805 1104 deo
820 1061 855 1104 ae
872 1051 954 1125 patre
970 1061 1025 1104 suo
1043 1041 1129 1105 simul
1144 1041 1284 1126 appellari
1302 1063 1370 1107 sese

211 1162 273 1208 scu
296 1141 415 1229 patitur.

235 1274 238 1279 ·
297 1241 381 1309 Deus
397 1245 461 1324 ille,
486 1245 567 1329 quia
587 1245 666 1308 nullo
685 1244 743 1309 olio
759 1245 877 1330 genitus
895 1253 952 1325 est,
976 1245 1083 1330 quique
1098 1243 1179 1310 solus
1195 1267 1283 1311 verus
1298 1248 1370 1311 dens

212 1344 335 1413 ablcsn
351 1343 491 1426 Cbristo,
525 1348 573 1432 qui
596 1348 633 1411 ab
655 1368 692 1410 eo
714 1347 821 1412 missus
839 1358 920 1427 cent,
953 1347 1113 1433 appellatus
1138 1359 1202 1426 est,
1236 1346 1368 1428 Christo,

214 1450 348 1535 inquam,
380 1451 428 1533 qui
456 1471 562 1513 revera
585 1461 654 1513 ante
678 1450 794 1513 saecula
810 1450 907 1513 omnia
923 1450 1039 1528 extitit,
1071 1461 1173 1535 estque
1196 1451 1260 1515 sinc
1282 1453 1370 1517 dubio

216 1552 312 1637 genitr
337 1551 519 1629 substantia,
554 1572 644 1615 sanos
668 1573 721 1616 vos
747 1572 894 1636 sonasque
921 1563 951 1615 et
977 1552 1139 1617 incolumes
1162 1552 1198 1616 ab
1221 1554 1370 1639 impietate

217 1655 359 1719 custotbat
375 1653 403 1716 in
416 1650 536 1718 Christo
552 1651 619 1718 lesu
636 1653 753 1717 domiuo
770 1665 885 1731 nostro,
909 1674 1061 1739 perquem
1078 1654 1173 1718 omnis
1186 1655 1279 1740 gloria
1295 1658 1369 1742 patri

216 1766 249 1820 ct
267 1777 344 1821 nnnc
366 1768 396 1820 et
417 1777 535 1842 semper
556 1767 587 1820 et
611 1757 639 1819 in
662 1757 781 1820 saecula
804 1756 1008 1835 saeculorum,
1035 1757 1143 1820 Amen.

531 1892 710 1944 HACTENUS
730 1893 820 1945 ΑΕΤΙΙ
836 1891 1052 1943 cruscusttut.

297 2060 364 2127 ttoo
386 2064 476 2147 igitur
494 2063 808 2148 perniciosissimarum
828 2063 909 2129 Astii
932 2066 1161 2145 sententiarum,
1192 2089 1314 2152 quarum
1332 2071 1368 2133 ad

210 2185 269 2231 stus
293 2164 453 2251 particulae
483 2167 623 2249 quaedam
654 2177 870 2252 pervenerunt,
905 2166 1077 2252 principium
1107 2178 1153 2232 est
1183 2180 1284 2237 nostra
1315 2171 1369 2237 huc

211 2267 407 2354 disputatione
430 2269 634 2332 refellendum.
663 2265 794 2342 ¹Ferunt
815 2268 893 2333 cuim
921 2279 1053 2333 trecenta
1075 2269 1179 2334 abillo
1202 2275 1369 2360 conscripta

211 2369 338 2454 capitula
358 2371 481 2434 istorum
500 2370 623 2449 similia,
655 2392 690 2434 ac
712 2371 897 2434 contumeliis
916 2371 1045 2435 divinum
1064 2371 1094 2434 in
1117 2393 1223 2436 numen
1245 2378 1365 2440 retento.

211 2468 272 2537 llic
287 2482 385 2536 antem
404 2473 523 2558 perinde
539 2492 574 2535 ac
589 2473 615 2536 si
635 2473 699 2557 quis
716 2473 839 2536 emortui
856 2473 1004 2537 cniusdam
1024 2495 1058 2536 ae
1076 2475 1231 2558 putrefacti
1247 2497 1369 2561 serpeu-

210 2572 252 2639 tis
267 2575 379 2660 peritus
393 2594 429 2638 ac
445 2574 595 2639 studiosus
610 2576 720 2639 artilex
738 2575 876 2659 reliquias
893 2586 980 2660 atque
997 2597 1065 2640 ossa
1083 2575 1200 2661 legerit,
1224 2578 1263 2641 ita
1280 2579 1368 2663 pesti·

212 2676 295 2741 larse
312 2676 390 2740 illius
413 2677 564 2741 doctrinae
584 2686 712 2762 partem,
745 2699 831 2760 quarn
846 2678 881 2740 ad
900 2677 1033 2742 bomines
1051 2678 1239 2764 decipiendos
1258 2679 1368 2765 scripto

211 2776 263 2843 ito
278 2798 335 2843 sno
353 2779 390 2841 sd
406 2780 545 2863 quosdam
571 2779 639 2841 dato
664 2779 826 2857 commisit,
856 2800 891 2842 ac
910 2780 946 2843 do
965 2800 1002 2843 eo
1021 2793 1156 2865 tunquam
1175 2782 1296 2866 egregio
1315 2783 1368 2847 ali·

212 2900 270 2964 ῃο
290 2901 382 2967 opere
405 2881 565 2965 gloriatur,
598 2879 703 2957 buius,
734 2880 870 2965 iuquam,
904 2892 1015 2967 partem
1042 2883 1292 2949 lucubratiuncula
1319 2885 1367 2949 illa

213 2982 360 3062 mtinet,
391 2983 475 3046 cuius
493 2982 607 3046 initium
625 2982 845 3067 descripsimus.
892 2980 1007 3067 Quibus
1025 2986 1061 3049 de
1078 2987 1191 3052 caussis
1207 2999 1237 3052 ct
1255 3009 1310 3054 nos
1327 3010 1367 3053 es

212 3081 365 3168 smiptnris
386 3084 480 3149 sacris
498 3085 597 3148 diuina
614 3086 755 3169 quaedum
772 3095 860 3169 atquo
875 3086 1073 3151 efficacissima
1090 3089 1218 3153 remedio
1232 3091 1269 3155 ab
1284 3090 1367 3155 initio

213 3183 252 3249 ad
270 3183 356 3250 bueus
376 3208 468 3272 usque
486 3186 676 3272 collegimus,
707 3206 746 3250 ex
769 3187 874 3272 quibos
891 3189 1052 3254 antidotum
1071 3191 1212 3273 quoddam
1239 3195 1367 3258 condeci-

211 3306 280 3351 rnus
294 3285 326 3351 in
341 3308 442 3353 corum
460 3290 583 3374 gratiam
600 3290 647 3373 qui
667 3289 703 3354 ub
720 3289 798 3354 illius
816 3311 931 3355 ueneno
945 3313 980 3355 ac
997 3304 1079 3377 peste
1093 3294 1191 3357 curari
1205 3294 1363 3359 volueriut.

212 3387 262 3453 Ae
279 3386 457 3472 singulorum
477 3393 684 3477 propemodum
708 3392 866 3457 verborum
883 3414 924 3458 ex
944 3394 1134 3479 syllogisticis
1154 3396 1211 3460 illis
1232 3397 1365 3483 capitulis

213 3490 441 3558 rauluutionem
464 3494 627 3559 istiusmodi
649 3494 839 3559 subiecimus.

548 3699 640 3750 nsttt
657 3697 809 3749 ΔΝΟΜΟΕΙ
826 3699 1019 3763 PRAEFATIO.

251 3810 259 3827 ·
295 3796 441 3883 Quoniam
461 3799 673 3884 persecutionis
692 3799 768 3863 illius
785 3811 934 3887 tempore,
958 3825 1042 3887 quam
1062 3816 1164 3870 contra
1181 3825 1235 3871 uos
1253 3816 1365 3894 tempo·

209 3900 280 3965 rarii
297 3902 413 3986 quidam
431 3902 563 3963 bomines
578 3900 757 3979 excitarunt,
784 3904 913 3967 nonnulli
938 3925 978 3968 ex
994 3907 1031 3969 iis
1047 3929 1120 3992 quos
1142 3908 1270 3972 diximus
1286 3910 1365 3975 inter

202 4001 266 4069 alit
283 4005 373 4069 multa
398 4004 568 4090 opusculum
595 4002 737 4086 quoddam
755 4001 889 4087 privatim
907 4027 925 4069 a
947 4007 1032 4072 nobis
1050 4009 1249 4073 elucubratum
1267 4012 1302 4075 de
1318 4013 1363 4075 in-

209 4105 311 4191 genito
326 4107 382 4170 deo
399 4128 433 4170 uc
448 4105 549 4190 genito
562 4104 774 4190 surripientes,
798 4105 943 4191 plerisque
958 4109 1062 4175 additis
1078 4121 1129 4174 aut
1144 4112 1294 4193 detractis,
1318 4115 1365 4179 iu-

243 4339 285 4396 99.
303 4337 410 4411 άληθῶς
423 4347 488 4396 obest
503 4343 575 4408 infre·
841 4346 862 4398 l.
886 4364 944 4414 „pp
969 4345 1105 4417 ἐπιβόλου“
1131 4353 1215 4416 terim
1235 4357 1263 4404 bt
1285 4370 1363 4422 morp.

245 4410 300 4463 100.
319 4413 417 4481 σωτῆρι
432 4413 504 4475 tetro.
802 4416 857 4467 edit
874 4417 956 4469 Prtuo.

245 4479 301 4530 101.
319 4482 356 4547 τῷ
372 4483 403 4532 br
413 4479 426 4495 ⁴
442 4479 487 4532 sect
502 4478 578 4546 πατρὶ
595 4480 665 4545 infre
835 4484 860 4534 2.
877 4481 904 4536 du
921 4485 1003 4555 καιρῷ
1016 4484 1061 4539 τοῦ
1077 4483 1253 4558 ἐπενεχθέντος
1270 4494 1362 4558 nauo-

245 4545 301 4599 tut.
320 4546 364 4602 καὶ
380 4498 425 4602 atil
439 4550 502 4600 obest
518 4551 590 4615 tetro
799 4557 838 4604 tur
854 4564 935 4616 supro.
