<?xml version="1.0" encoding="UTF-8"?>
<!DOCTYPE html PUBLIC "-//W3C//DTD XHTML 1.0 Transitional//EN"
    "http://www.w3.org/TR/xhtml1/DTD/xhtml1-transitional.dtd">
<html xmlns="http://www.w3.org/1999/xhtml" xml:lang="en" lang="en">
 <head>
  <title>
</title>
<meta http-equiv="Content-Type" content="text/html;charset=utf-8" />
  <meta name='ocr-system' content='tesseract 3.04.00' />
  <meta name='ocr-capabilities' content='ocr_page ocr_carea ocr_par ocr_line ocrx_word'/>
</head>
<body>
  <div class='ocr_page' id='page_1' title='image "./corporishaerese00unkngoog/corporishaerese00unkngoog_0490.png"; bbox 0 0 3096 5070; ppageno 0'>
   <div class='ocr_carea' id='block_1_1' title="bbox 358 280 1344 365">
    <p class='ocr_par' dir='ltr' id='par_1_1' title="bbox 358 280 1344 365">
     <span class='ocr_line' id='line_1_1' title="bbox 358 280 1344 365; baseline -0.012 -3"><span class='ocrx_word' id='word_1_1' title='bbox 358 307 494 362; x_wconf 85' lang='lat' dir='ltr'><strong>ranaan</strong></span> <span class='ocrx_word' id='word_1_2' title='bbox 513 308 576 359; x_wconf 87' lang='lat' dir='ltr'><strong>ms.</strong></span> <span class='ocrx_word' id='word_1_3' title='bbox 593 309 637 360; x_wconf 91' lang='lat' dir='ltr'><strong>ur.</strong></span> <span class='ocrx_word' id='word_1_4' title='bbox 659 309 740 362; x_wconf 84' lang='lat' dir='ltr'><strong>rou.</strong></span> <span class='ocrx_word' id='word_1_5' title='bbox 759 309 788 360; x_wconf 91' lang='lat' dir='ltr'><strong>u.</strong></span> <span class='ocrx_word' id='word_1_6' title='bbox 813 308 928 360; x_wconf 77' lang='lat' dir='ltr'><strong>saxeos.</strong></span> <span class='ocrx_word' id='word_1_7' title='bbox 947 308 1012 360; x_wconf 85' lang='lat' dir='ltr'><strong>rrn.</strong></span> <span class='ocrx_word' id='word_1_8' title='bbox 1030 308 1174 361; x_wconf 80' lang='lat' dir='ltr'><strong>carnos.</strong></span> <span class='ocrx_word' id='word_1_9' title='bbox 1257 280 1344 365; x_wconf 60' lang='lat' dir='ltr'><strong>‘fus</strong></span> 
     </span>
    </p>
   </div>
   <div class='ocr_carea' id='block_1_2' title="bbox 263 669 1259 889">
    <p class='ocr_par' dir='ltr' id='par_1_2' title="bbox 263 669 1259 889">
     <span class='ocr_line' id='line_1_2' title="bbox 263 669 1259 768; baseline -0.004 -20"><span class='ocrx_word' id='word_1_10' title='bbox 263 672 385 748; x_wconf 87' lang='lat' dir='ltr'><strong>Brevis</strong></span> <span class='ocrx_word' id='word_1_11' title='bbox 413 694 450 746; x_wconf 88' lang='lat' dir='ltr'><strong>ac</strong></span> <span class='ocrx_word' id='word_1_12' title='bbox 476 694 556 746; x_wconf 89' lang='lat' dir='ltr'><strong>vera</strong></span> <span class='ocrx_word' id='word_1_13' title='bbox 582 669 769 745; x_wconf 73' lang='lat' dir='ltr'><strong>Catholicae</strong></span> <span class='ocrx_word' id='word_1_14' title='bbox 796 677 830 744; x_wconf 89' lang='lat' dir='ltr'><strong>et</strong></span> <span class='ocrx_word' id='word_1_15' title='bbox 849 670 1063 768; x_wconf 82' lang='lat' dir='ltr'><strong>Apostolicae</strong></span> <span class='ocrx_word' id='word_1_16' title='bbox 1089 669 1259 749; x_wconf 78' lang='lat' dir='ltr'><strong>Ecclesiae</strong></span> 
     </span>
     <span class='ocr_line' id='line_1_3' title="bbox 604 789 917 889; baseline -0.01 -23"><span class='ocrx_word' id='word_1_17' title='bbox 604 789 704 866; x_wconf 79' lang='lat' dir='ltr'><strong>Fidei</strong></span> <span class='ocrx_word' id='word_1_18' title='bbox 728 789 917 889; x_wconf 84' lang='lat' dir='ltr'><strong>lepositio.</strong></span> 
     </span>
    </p>
   </div>
   <div class='ocr_carea' id='block_1_3' title="bbox 187 941 1490 4095">
    <p class='ocr_par' dir='ltr' id='par_1_3' title="bbox 187 941 1490 3568">
     <span class='ocr_line' id='line_1_4' title="bbox 273 941 1463 1028; baseline 0.002 -20"><span class='ocrx_word' id='word_1_19' title='bbox 273 943 467 1025; x_wconf 82' lang='lat' dir='ltr'><strong>Posteaquam</strong></span> <span class='ocrx_word' id='word_1_20' title='bbox 492 941 573 1004; x_wconf 88' lang='lat' dir='ltr'><strong>varia</strong></span> <span class='ocrx_word' id='word_1_21' title='bbox 598 963 633 1005; x_wconf 90' lang='lat' dir='ltr'><strong>ac</strong></span> <span class='ocrx_word' id='word_1_22' title='bbox 658 941 827 1025; x_wconf 80' lang='lat' dir='ltr'><strong>multiplicia</strong></span> <span class='ocrx_word' id='word_1_23' title='bbox 846 963 862 1006; x_wconf 90' lang='lat' dir='ltr'><strong>e</strong></span> <span class='ocrx_word' id='word_1_24' title='bbox 882 943 979 1028; x_wconf 89' lang='lat' dir='ltr'><strong>pravis</strong></span> <span class='ocrx_word' id='word_1_25' title='bbox 998 953 1105 1007; x_wconf 80' lang='lat' dir='ltr'><strong>exorta</strong></span> <span class='ocrx_word' id='word_1_26' title='bbox 1128 943 1276 1019; x_wconf 88' lang='lat' dir='ltr'><strong>consiliis,</strong></span> <span class='ocrx_word' id='word_1_27' title='bbox 1307 963 1342 1007; x_wconf 92' lang='lat' dir='ltr'><strong>ac</strong></span> <span class='ocrx_word' id='word_1_28' title='bbox 1376 941 1463 1010; x_wconf 74' lang='lat' dir='ltr'><strong>capt.</strong></span> 
     </span>
     <span class='ocr_line' id='line_1_5' title="bbox 187 1043 1345 1128; baseline -0.003 -17"><span class='ocrx_word' id='word_1_29' title='bbox 187 1047 345 1111; x_wconf 87' lang='lat' dir='ltr'><strong>temeraria</strong></span> <span class='ocrx_word' id='word_1_30' title='bbox 369 1043 552 1106; x_wconf 89' lang='lat' dir='ltr'><strong>inimieorum</strong></span> <span class='ocrx_word' id='word_1_31' title='bbox 577 1045 713 1127; x_wconf 85' lang='lat' dir='ltr'><strong>dogmata</strong></span> <span class='ocrx_word' id='word_1_32' title='bbox 737 1044 932 1128; x_wconf 91' lang='lat' dir='ltr'><strong>disputatione</strong></span> <span class='ocrx_word' id='word_1_33' title='bbox 949 1056 1050 1109; x_wconf 89' lang='lat' dir='ltr'><strong>nostra</strong></span> <span class='ocrx_word' id='word_1_34' title='bbox 1069 1043 1215 1128; x_wconf 82' lang='lat' dir='ltr'><strong>complexi</strong></span> <span class='ocrx_word' id='word_1_35' title='bbox 1232 1065 1345 1121; x_wconf 89' lang='lat' dir='ltr'><strong>sumus,</strong></span> 
     </span>
     <span class='ocr_line' id='line_1_6' title="bbox 188 1145 1346 1232; baseline -0.002 -21"><span class='ocrx_word' id='word_1_36' title='bbox 188 1158 218 1212; x_wconf 88' lang='lat' dir='ltr'><strong>et</strong></span> <span class='ocrx_word' id='word_1_37' title='bbox 233 1168 286 1232; x_wconf 91' lang='lat' dir='ltr'><strong>per</strong></span> <span class='ocrx_word' id='word_1_38' title='bbox 300 1148 409 1209; x_wconf 89' lang='lat' dir='ltr'><strong>formas</strong></span> <span class='ocrx_word' id='word_1_39' title='bbox 424 1147 593 1230; x_wconf 84' lang='lat' dir='ltr'><strong>generaque</strong></span> <span class='ocrx_word' id='word_1_40' title='bbox 606 1145 814 1211; x_wconf 89' lang='lat' dir='ltr'><strong>distribuentes</strong></span> <span class='ocrx_word' id='word_1_41' title='bbox 829 1168 914 1230; x_wconf 92' lang='lat' dir='ltr'><strong>quam</strong></span> <span class='ocrx_word' id='word_1_42' title='bbox 928 1167 1011 1210; x_wconf 88' lang='lat' dir='ltr'><strong>cassa</strong></span> <span class='ocrx_word' id='word_1_43' title='bbox 1030 1157 1060 1209; x_wconf 92' lang='lat' dir='ltr'><strong>et</strong></span> <span class='ocrx_word' id='word_1_44' title='bbox 1075 1146 1173 1210; x_wconf 90' lang='lat' dir='ltr'><strong>inania</strong></span> <span class='ocrx_word' id='word_1_45' title='bbox 1190 1147 1286 1209; x_wconf 89' lang='lat' dir='ltr'><strong>forent</strong></span> <span class='ocrx_word' id='word_1_46' title='bbox 1300 1146 1346 1209; x_wconf 92' lang='lat' dir='ltr'><strong>dei</strong></span> 
     </span>
     <span class='ocr_line' id='line_1_7' title="bbox 189 1248 1346 1332; baseline -0.002 -20"><span class='ocrx_word' id='word_1_47' title='bbox 189 1250 298 1313; x_wconf 87' lang='lat' dir='ltr'><strong>virtute</strong></span> <span class='ocrx_word' id='word_1_48' title='bbox 315 1248 518 1332; x_wconf 79' lang='lat' dir='ltr'><strong>patefecimus,</strong></span> <span class='ocrx_word' id='word_1_49' title='bbox 543 1258 602 1311; x_wconf 93' lang='lat' dir='ltr'><strong>tum</strong></span> <span class='ocrx_word' id='word_1_50' title='bbox 620 1269 692 1311; x_wconf 88' lang='lat' dir='ltr'><strong>vero</strong></span> <span class='ocrx_word' id='word_1_51' title='bbox 708 1269 748 1312; x_wconf 82' lang='lat' dir='ltr'><strong>ex</strong></span> <span class='ocrx_word' id='word_1_52' title='bbox 765 1248 915 1313; x_wconf 87' lang='lat' dir='ltr'><strong>immensis</strong></span> <span class='ocrx_word' id='word_1_53' title='bbox 931 1248 987 1313; x_wconf 89' lang='lat' dir='ltr'><strong>illis</strong></span> <span class='ocrx_word' id='word_1_54' title='bbox 1003 1248 1231 1332; x_wconf 89' lang='lat' dir='ltr'><strong>uniuscuiusque</strong></span> <span class='ocrx_word' id='word_1_55' title='bbox 1246 1258 1346 1311; x_wconf 86' lang='lat' dir='ltr'><strong>sectae</strong></span> 
     </span>
     <span class='ocr_line' id='line_1_8' title="bbox 188 1350 1347 1436; baseline 0 -22"><span class='ocrx_word' id='word_1_56' title='bbox 188 1350 431 1414; x_wconf 78' lang='lat' dir='ltr'><strong>contumeliarum</strong></span> <span class='ocrx_word' id='word_1_57' title='bbox 450 1350 479 1413; x_wconf 91' lang='lat' dir='ltr'><strong>in</strong></span> <span class='ocrx_word' id='word_1_58' title='bbox 498 1352 581 1413; x_wconf 90' lang='lat' dir='ltr'><strong>deum</strong></span> <span class='ocrx_word' id='word_1_59' title='bbox 599 1371 633 1413; x_wconf 89' lang='lat' dir='ltr'><strong>ao</strong></span> <span class='ocrx_word' id='word_1_60' title='bbox 651 1372 755 1414; x_wconf 89' lang='lat' dir='ltr'><strong>vocum</strong></span> <span class='ocrx_word' id='word_1_61' title='bbox 776 1350 1009 1436; x_wconf 89' lang='lat' dir='ltr'><strong>turpissimarum</strong></span> <span class='ocrx_word' id='word_1_62' title='bbox 1031 1350 1347 1434; x_wconf 87' lang='lat' dir='ltr'><strong>acerbissimornmque</strong></span> 
     </span>
     <span class='ocr_line' id='line_1_9' title="bbox 190 1452 1348 1539; baseline -0.002 -21"><span class='ocrx_word' id='word_1_63' title='bbox 190 1454 396 1539; x_wconf 80' lang='lat' dir='ltr'><strong>mysteriorum</strong></span> <span class='ocrx_word' id='word_1_64' title='bbox 413 1452 548 1516; x_wconf 90' lang='lat' dir='ltr'><strong>fluctibus</strong></span> <span class='ocrx_word' id='word_1_65' title='bbox 563 1454 759 1532; x_wconf 87' lang='lat' dir='ltr'><strong>enatavimus,</strong></span> <span class='ocrx_word' id='word_1_66' title='bbox 784 1473 906 1536; x_wconf 90' lang='lat' dir='ltr'><strong>cumque</strong></span> <span class='ocrx_word' id='word_1_67' title='bbox 923 1453 1058 1516; x_wconf 88' lang='lat' dir='ltr'><strong>omnibus</strong></span> <span class='ocrx_word' id='word_1_68' title='bbox 1073 1453 1278 1537; x_wconf 85' lang='lat' dir='ltr'><strong>quaestionum</strong></span> <span class='ocrx_word' id='word_1_69' title='bbox 1295 1473 1348 1516; x_wconf 93' lang='lat' dir='ltr'><strong>no-</strong></span> 
     </span>
     <span class='ocr_line' id='line_1_10' title="bbox 190 1554 1347 1640; baseline -0.002 -20"><span class='ocrx_word' id='word_1_70' title='bbox 190 1557 235 1620; x_wconf 93' lang='lat' dir='ltr'><strong>dis</strong></span> <span class='ocrx_word' id='word_1_71' title='bbox 252 1576 342 1640; x_wconf 86' lang='lat' dir='ltr'><strong>aegre</strong></span> <span class='ocrx_word' id='word_1_72' title='bbox 359 1555 527 1633; x_wconf 85' lang='lat' dir='ltr'><strong>dissolutis,</strong></span> <span class='ocrx_word' id='word_1_73' title='bbox 551 1567 581 1618; x_wconf 92' lang='lat' dir='ltr'><strong>et</strong></span> <span class='ocrx_word' id='word_1_74' title='bbox 596 1555 711 1619; x_wconf 91' lang='lat' dir='ltr'><strong>illorum</strong></span> <span class='ocrx_word' id='word_1_75' title='bbox 728 1556 912 1639; x_wconf 84' lang='lat' dir='ltr'><strong>improbitate</strong></span> <span class='ocrx_word' id='word_1_76' title='bbox 930 1566 1085 1640; x_wconf 88' lang='lat' dir='ltr'><strong>superata,</strong></span> <span class='ocrx_word' id='word_1_77' title='bbox 1109 1557 1145 1619; x_wconf 96' lang='lat' dir='ltr'><strong>ad</strong></span> <span class='ocrx_word' id='word_1_78' title='bbox 1163 1554 1347 1639; x_wconf 86' lang='lat' dir='ltr'><strong>tranquillam</strong></span> 
     </span>
     <span class='ocr_line' id='line_1_11' title="bbox 190 1656 1348 1743; baseline -0.002 -21"><span class='ocrx_word' id='word_1_79' title='bbox 190 1657 324 1722; x_wconf 88' lang='lat' dir='ltr'><strong>veritatis</strong></span> <span class='ocrx_word' id='word_1_80' title='bbox 346 1657 503 1721; x_wconf 86' lang='lat' dir='ltr'><strong>stationem</strong></span> <span class='ocrx_word' id='word_1_81' title='bbox 530 1656 744 1743; x_wconf 90' lang='lat' dir='ltr'><strong>appulerimus,</strong></span> <span class='ocrx_word' id='word_1_82' title='bbox 776 1657 881 1721; x_wconf 87' lang='lat' dir='ltr'><strong>difficili</strong></span> <span class='ocrx_word' id='word_1_83' title='bbox 904 1679 937 1720; x_wconf 91' lang='lat' dir='ltr'><strong>ac</strong></span> <span class='ocrx_word' id='word_1_84' title='bbox 962 1669 1161 1742; x_wconf 88' lang='lat' dir='ltr'><strong>tempestuoso</strong></span> <span class='ocrx_word' id='word_1_85' title='bbox 1183 1657 1263 1720; x_wconf 94' lang='lat' dir='ltr'><strong>omni</strong></span> <span class='ocrx_word' id='word_1_86' title='bbox 1281 1657 1348 1721; x_wconf 93' lang='lat' dir='ltr'><strong>loeo</strong></span> 
     </span>
     <span class='ocr_line' id='line_1_12' title="bbox 190 1757 1349 1844; baseline 0.001 -20"><span class='ocrx_word' id='word_1_87' title='bbox 190 1759 365 1824; x_wconf 89' lang='lat' dir='ltr'><strong>transmisso</strong></span> <span class='ocrx_word' id='word_1_88' title='bbox 380 1770 410 1821; x_wconf 91' lang='lat' dir='ltr'><strong>et</strong></span> <span class='ocrx_word' id='word_1_89' title='bbox 425 1758 561 1843; x_wconf 89' lang='lat' dir='ltr'><strong>procellis</strong></span> <span class='ocrx_word' id='word_1_90' title='bbox 580 1780 613 1821; x_wconf 90' lang='lat' dir='ltr'><strong>ac</strong></span> <span class='ocrx_word' id='word_1_91' title='bbox 632 1757 777 1844; x_wconf 87' lang='lat' dir='ltr'><strong>spumosis</strong></span> <span class='ocrx_word' id='word_1_92' title='bbox 794 1761 935 1822; x_wconf 88' lang='lat' dir='ltr'><strong>undarum</strong></span> <span class='ocrx_word' id='word_1_93' title='bbox 953 1758 1112 1823; x_wconf 84' lang='lat' dir='ltr'><strong>vorticibus</strong></span> <span class='ocrx_word' id='word_1_94' title='bbox 1126 1759 1275 1841; x_wconf 83' lang='lat' dir='ltr'><strong>defuncti,</strong></span> <span class='ocrx_word' id='word_1_95' title='bbox 1299 1760 1349 1825; x_wconf 91' lang='lat' dir='ltr'><strong>uhi</strong></span> 
     </span>
     <span class='ocr_line' id='line_1_13' title="bbox 190 1859 1350 1947; baseline 0 -20"><span class='ocrx_word' id='word_1_96' title='bbox 190 1863 377 1927; x_wconf 88' lang='lat' dir='ltr'><strong>iactationem</strong></span> <span class='ocrx_word' id='word_1_97' title='bbox 394 1882 429 1923; x_wconf 89' lang='lat' dir='ltr'><strong>ae</strong></span> <span class='ocrx_word' id='word_1_98' title='bbox 446 1859 621 1943; x_wconf 85' lang='lat' dir='ltr'><strong>vertiginem</strong></span> <span class='ocrx_word' id='word_1_99' title='bbox 634 1861 756 1947; x_wconf 15' lang='lat' dir='ltr'><strong>,experti</strong></span> <span class='ocrx_word' id='word_1_100' title='bbox 771 1860 907 1946; x_wconf 88' lang='lat' dir='ltr'><strong>saepius,</strong></span> <span class='ocrx_word' id='word_1_101' title='bbox 942 1872 1000 1923; x_wconf 91' lang='lat' dir='ltr'><strong>tum</strong></span> <span class='ocrx_word' id='word_1_102' title='bbox 1016 1862 1119 1925; x_wconf 86' lang='lat' dir='ltr'><strong>brevia</strong></span> <span class='ocrx_word' id='word_1_103' title='bbox 1136 1863 1303 1947; x_wconf 86' lang='lat' dir='ltr'><strong>vadosaque</strong></span> <span class='ocrx_word' id='word_1_104' title='bbox 1320 1874 1350 1927; x_wconf 94' lang='lat' dir='ltr'><strong>et</strong></span> 
     </span>
     <span class='ocr_line' id='line_1_14' title="bbox 191 1963 1348 2048; baseline 0 -19"><span class='ocrx_word' id='word_1_105' title='bbox 191 1966 299 2031; x_wconf 89' lang='lat' dir='ltr'><strong>infesta</strong></span> <span class='ocrx_word' id='word_1_106' title='bbox 323 1965 416 2028; x_wconf 89' lang='lat' dir='ltr'><strong>beluis</strong></span> <span class='ocrx_word' id='word_1_107' title='bbox 439 1963 503 2026; x_wconf 90' lang='lat' dir='ltr'><strong>loca</strong></span> <span class='ocrx_word' id='word_1_108' title='bbox 529 1963 737 2047; x_wconf 88' lang='lat' dir='ltr'><strong>quamplurima</strong></span> <span class='ocrx_word' id='word_1_109' title='bbox 763 1964 988 2048; x_wconf 85' lang='lat' dir='ltr'><strong>prospeximus,</strong></span> <span class='ocrx_word' id='word_1_110' title='bbox 1022 1985 1096 2047; x_wconf 91' lang='lat' dir='ltr'><strong>quae</strong></span> <span class='ocrx_word' id='word_1_111' title='bbox 1121 1963 1236 2048; x_wconf 90' lang='lat' dir='ltr'><strong>quidem</strong></span> <span class='ocrx_word' id='word_1_112' title='bbox 1259 1964 1297 2028; x_wconf 89' lang='lat' dir='ltr'><strong>iis</strong></span> <span class='ocrx_word' id='word_1_113' title='bbox 1319 1965 1348 2029; x_wconf 91' lang='lat' dir='ltr'><strong>in</strong></span> 
     </span>
     <span class='ocr_line' id='line_1_15' title="bbox 192 2064 1349 2153; baseline -0.001 -22"><span class='ocrx_word' id='word_1_114' title='bbox 192 2066 436 2153; x_wconf 85' lang='lat' dir='ltr'><strong>disputationibus</strong></span> <span class='ocrx_word' id='word_1_115' title='bbox 466 2064 741 2148; x_wconf 88' lang='lat' dir='ltr'><strong>commentariisque</strong></span> <span class='ocrx_word' id='word_1_116' title='bbox 770 2065 924 2150; x_wconf 88' lang='lat' dir='ltr'><strong>periclitati</strong></span> <span class='ocrx_word' id='word_1_117' title='bbox 955 2087 1073 2144; x_wconf 90' lang='lat' dir='ltr'><strong>sumus,</strong></span> <span class='ocrx_word' id='word_1_118' title='bbox 1106 2088 1170 2129; x_wconf 89' lang='lat' dir='ltr'><strong>eum</strong></span> <span class='ocrx_word' id='word_1_119' title='bbox 1201 2076 1349 2151; x_wconf 91' lang='lat' dir='ltr'><strong>postremo</strong></span> 
     </span>
     <span class='ocr_line' id='line_1_16' title="bbox 192 2165 1350 2254; baseline 0.001 -21"><span class='ocrx_word' id='word_1_120' title='bbox 192 2171 272 2254; x_wconf 88' lang='lat' dir='ltr'><strong>pacis</strong></span> <span class='ocrx_word' id='word_1_121' title='bbox 291 2179 404 2254; x_wconf 91' lang='lat' dir='ltr'><strong>portum</strong></span> <span class='ocrx_word' id='word_1_122' title='bbox 420 2165 535 2229; x_wconf 90' lang='lat' dir='ltr'><strong>eminus</strong></span> <span class='ocrx_word' id='word_1_123' title='bbox 552 2167 736 2245; x_wconf 88' lang='lat' dir='ltr'><strong>intueamur,</strong></span> <span class='ocrx_word' id='word_1_124' title='bbox 768 2168 802 2231; x_wconf 92' lang='lat' dir='ltr'><strong>ad</strong></span> <span class='ocrx_word' id='word_1_125' title='bbox 826 2189 892 2232; x_wconf 88' lang='lat' dir='ltr'><strong>enm</strong></span> <span class='ocrx_word' id='word_1_126' title='bbox 910 2189 1014 2231; x_wconf 89' lang='lat' dir='ltr'><strong>navem</strong></span> <span class='ocrx_word' id='word_1_127' title='bbox 1033 2168 1180 2252; x_wconf 88' lang='lat' dir='ltr'><strong>applicare</strong></span> <span class='ocrx_word' id='word_1_128' title='bbox 1198 2169 1350 2253; x_wconf 87' lang='lat' dir='ltr'><strong>cupientes</strong></span> 
     </span>
     <span class='ocr_line' id='line_1_17' title="bbox 191 2268 1349 2355; baseline 0 -21"><span class='ocrx_word' id='word_1_129' title='bbox 191 2271 281 2335; x_wconf 89' lang='lat' dir='ltr'><strong>divini</strong></span> <span class='ocrx_word' id='word_1_130' title='bbox 305 2270 431 2334; x_wconf 89' lang='lat' dir='ltr'><strong>numinis</strong></span> <span class='ocrx_word' id='word_1_131' title='bbox 455 2289 539 2354; x_wconf 90' lang='lat' dir='ltr'><strong>opem</strong></span> <span class='ocrx_word' id='word_1_132' title='bbox 565 2290 669 2332; x_wconf 89' lang='lat' dir='ltr'><strong>rursus</strong></span> <span class='ocrx_word' id='word_1_133' title='bbox 694 2268 924 2353; x_wconf 88' lang='lat' dir='ltr'><strong>implorabimus.</strong></span> <span class='ocrx_word' id='word_1_134' title='bbox 971 2271 1018 2334; x_wconf 75' lang='lat' dir='ltr'><strong>Ac</strong></span> <span class='ocrx_word' id='word_1_135' title='bbox 1039 2281 1118 2334; x_wconf 91' lang='lat' dir='ltr'><strong>metu</strong></span> <span class='ocrx_word' id='word_1_136' title='bbox 1137 2270 1252 2355; x_wconf 88' lang='lat' dir='ltr'><strong>quidem</strong></span> <span class='ocrx_word' id='word_1_137' title='bbox 1271 2270 1349 2334; x_wconf 92' lang='lat' dir='ltr'><strong>omni</strong></span> 
     </span>
     <span class='ocr_line' id='line_1_18' title="bbox 192 2364 1351 2458; baseline 0.001 -22"><span class='ocrx_word' id='word_1_138' title='bbox 192 2385 224 2436; x_wconf 88' lang='lat' dir='ltr'><strong>ot</strong></span> <span class='ocrx_word' id='word_1_139' title='bbox 241 2373 436 2458; x_wconf 88' lang='lat' dir='ltr'><strong>trepidatione</strong></span> <span class='ocrx_word' id='word_1_140' title='bbox 454 2390 622 2454; x_wconf 88' lang='lat' dir='ltr'><strong>nauseaqne</strong></span> <span class='ocrx_word' id='word_1_141' title='bbox 640 2382 795 2450; x_wconf 87' lang='lat' dir='ltr'><strong>cessante,</strong></span> <span class='ocrx_word' id='word_1_142' title='bbox 829 2372 938 2456; x_wconf 92' lang='lat' dir='ltr'><strong>optimo</strong></span> <span class='ocrx_word' id='word_1_143' title='bbox 954 2372 983 2435; x_wconf 94' lang='lat' dir='ltr'><strong>in</strong></span> <span class='ocrx_word' id='word_1_144' title='bbox 1005 2383 1082 2436; x_wconf 89' lang='lat' dir='ltr'><strong>statu</strong></span> <span class='ocrx_word' id='word_1_145' title='bbox 1111 2364 1226 2456; x_wconf 79' lang='lat' dir='ltr'><strong>positi,</strong></span> <span class='ocrx_word' id='word_1_146' title='bbox 1248 2373 1351 2437; x_wconf 88' lang='lat' dir='ltr'><strong>iucun-</strong></span> 
     </span>
     <span class='ocr_line' id='line_1_19' title="bbox 193 2473 1352 2560; baseline -0.001 -21"><span class='ocrx_word' id='word_1_147' title='bbox 193 2475 371 2560; x_wconf 90' lang='lat' dir='ltr'><strong>dissimoqne</strong></span> <span class='ocrx_word' id='word_1_148' title='bbox 397 2473 533 2538; x_wconf 87' lang='lat' dir='ltr'><strong>certioris</strong></span> <span class='ocrx_word' id='word_1_149' title='bbox 558 2493 648 2537; x_wconf 90' lang='lat' dir='ltr'><strong>aurae</strong></span> <span class='ocrx_word' id='word_1_150' title='bbox 672 2492 705 2535; x_wconf 90' lang='lat' dir='ltr'><strong>ac</strong></span> <span class='ocrx_word' id='word_1_151' title='bbox 732 2473 899 2538; x_wconf 88' lang='lat' dir='ltr'><strong>securitatis</strong></span> <span class='ocrx_word' id='word_1_152' title='bbox 921 2475 1017 2538; x_wconf 85' lang='lat' dir='ltr'><strong>afflatu</strong></span> <span class='ocrx_word' id='word_1_153' title='bbox 1034 2475 1238 2559; x_wconf 80' lang='lat' dir='ltr'><strong>perfruentes,</strong></span> <span class='ocrx_word' id='word_1_154' title='bbox 1271 2485 1352 2538; x_wconf 91' lang='lat' dir='ltr'><strong>trau-</strong></span> 
     </span>
     <span class='ocr_line' id='line_1_20' title="bbox 192 2575 1351 2660; baseline -0.001 -20"><span class='ocrx_word' id='word_1_155' title='bbox 192 2577 313 2660; x_wconf 91' lang='lat' dir='ltr'><strong>quillnm</strong></span> <span class='ocrx_word' id='word_1_156' title='bbox 332 2579 389 2641; x_wconf 90' lang='lat' dir='ltr'><strong>ianr</strong></span> <span class='ocrx_word' id='word_1_157' title='bbox 408 2579 437 2640; x_wconf 95' lang='lat' dir='ltr'><strong>in</strong></span> <span class='ocrx_word' id='word_1_158' title='bbox 456 2587 569 2660; x_wconf 91' lang='lat' dir='ltr'><strong>portum</strong></span> <span class='ocrx_word' id='word_1_159' title='bbox 587 2575 721 2638; x_wconf 91' lang='lat' dir='ltr'><strong>subducti</strong></span> <span class='ocrx_word' id='word_1_160' title='bbox 740 2575 842 2660; x_wconf 90' lang='lat' dir='ltr'><strong>spiritu</strong></span> <span class='ocrx_word' id='word_1_161' title='bbox 862 2577 1017 2660; x_wconf 84' lang='lat' dir='ltr'><strong>animoque</strong></span> <span class='ocrx_word' id='word_1_162' title='bbox 1033 2577 1187 2660; x_wconf 81' lang='lat' dir='ltr'><strong>gestimus.</strong></span> <span class='ocrx_word' id='word_1_163' title='bbox 1234 2575 1351 2640; x_wconf 83' lang='lat' dir='ltr'><strong>Etenim</strong></span> 
     </span>
     <span class='ocr_line' id='line_1_21' title="bbox 193 2677 1353 2764; baseline 0.001 -23"><span class='ocrx_word' id='word_1_164' title='bbox 193 2679 230 2741; x_wconf 88' lang='lat' dir='ltr'><strong>iis</strong></span> <span class='ocrx_word' id='word_1_165' title='bbox 245 2679 275 2742; x_wconf 90' lang='lat' dir='ltr'><strong>in</strong></span> <span class='ocrx_word' id='word_1_166' title='bbox 298 2680 450 2755; x_wconf 91' lang='lat' dir='ltr'><strong>omnibus,</strong></span> <span class='ocrx_word' id='word_1_167' title='bbox 481 2678 507 2741; x_wconf 89' lang='lat' dir='ltr'><strong>si</strong></span> <span class='ocrx_word' id='word_1_168' title='bbox 534 2699 634 2741; x_wconf 89' lang='lat' dir='ltr'><strong>verum</strong></span> <span class='ocrx_word' id='word_1_169' title='bbox 661 2677 745 2740; x_wconf 85' lang='lat' dir='ltr'><strong>lateri</strong></span> <span class='ocrx_word' id='word_1_170' title='bbox 768 2678 919 2756; x_wconf 88' lang='lat' dir='ltr'><strong>volumus,</strong></span> <span class='ocrx_word' id='word_1_171' title='bbox 954 2679 1084 2764; x_wconf 89' lang='lat' dir='ltr'><strong>pluribus</strong></span> <span class='ocrx_word' id='word_1_172' title='bbox 1106 2679 1298 2743; x_wconf 90' lang='lat' dir='ltr'><strong>incommodis</strong></span> <span class='ocrx_word' id='word_1_173' title='bbox 1322 2690 1353 2742; x_wconf 91' lang='lat' dir='ltr'><strong>et</strong></span> 
     </span>
     <span class='ocr_line' id='line_1_22' title="bbox 195 2779 1350 2866; baseline 0.003 -24"><span class='ocrx_word' id='word_1_174' title='bbox 195 2779 333 2843; x_wconf 82' lang='lat' dir='ltr'><strong>maximis</strong></span> <span class='ocrx_word' id='word_1_175' title='bbox 351 2779 466 2859; x_wconf 82' lang='lat' dir='ltr'><strong>injuriis</strong></span> <span class='ocrx_word' id='word_1_176' title='bbox 481 2780 638 2843; x_wconf 90' lang='lat' dir='ltr'><strong>conflictati</strong></span> <span class='ocrx_word' id='word_1_177' title='bbox 655 2801 690 2842; x_wconf 92' lang='lat' dir='ltr'><strong>ac</strong></span> <span class='ocrx_word' id='word_1_178' title='bbox 707 2781 841 2843; x_wconf 89' lang='lat' dir='ltr'><strong>terrestri</strong></span> <span class='ocrx_word' id='word_1_179' title='bbox 857 2782 1059 2866; x_wconf 89' lang='lat' dir='ltr'><strong>maritimoque</strong></span> <span class='ocrx_word' id='word_1_180' title='bbox 1078 2782 1184 2846; x_wconf 93' lang='lat' dir='ltr'><strong>itinere</strong></span> <span class='ocrx_word' id='word_1_181' title='bbox 1201 2783 1350 2862; x_wconf 87' lang='lat' dir='ltr'><strong>oonfecto,</strong></span> 
     </span>
     <span class='ocr_line' id='line_1_23' title="bbox 196 2881 1353 2969; baseline 0.003 -27"><span class='ocrx_word' id='word_1_182' title='bbox 196 2902 318 2964; x_wconf 91' lang='lat' dir='ltr'><strong>qnorum</strong></span> <span class='ocrx_word' id='word_1_183' title='bbox 342 2881 371 2944; x_wconf 91' lang='lat' dir='ltr'><strong>in</strong></span> <span class='ocrx_word' id='word_1_184' title='bbox 388 2881 438 2945; x_wconf 91' lang='lat' dir='ltr'><strong>illo</strong></span> <span class='ocrx_word' id='word_1_185' title='bbox 460 2882 614 2967; x_wconf 88' lang='lat' dir='ltr'><strong>impeditas</strong></span> <span class='ocrx_word' id='word_1_186' title='bbox 632 2903 667 2945; x_wconf 91' lang='lat' dir='ltr'><strong>ac</strong></span> <span class='ocrx_word' id='word_1_187' title='bbox 689 2881 819 2945; x_wconf 88' lang='lat' dir='ltr'><strong>difficiles</strong></span> <span class='ocrx_word' id='word_1_188' title='bbox 834 2882 965 2946; x_wconf 91' lang='lat' dir='ltr'><strong>salebras</strong></span> <span class='ocrx_word' id='word_1_189' title='bbox 985 2895 1013 2946; x_wconf 88' lang='lat' dir='ltr'><strong>et</strong></span> <span class='ocrx_word' id='word_1_190' title='bbox 1028 2884 1194 2948; x_wconf 87' lang='lat' dir='ltr'><strong>solitudinis</strong></span> <span class='ocrx_word' id='word_1_191' title='bbox 1212 2885 1353 2969; x_wconf 86' lang='lat' dir='ltr'><strong>asperita-</strong></span> 
     </span>
     <span class='ocr_line' id='line_1_24' title="bbox 197 2983 1353 3071; baseline 0.003 -25"><span class='ocrx_word' id='word_1_192' title='bbox 197 2993 259 3066; x_wconf 82' lang='lat' dir='ltr'><strong>tes,</strong></span> <span class='ocrx_word' id='word_1_193' title='bbox 292 2983 322 3046; x_wconf 91' lang='lat' dir='ltr'><strong>in</strong></span> <span class='ocrx_word' id='word_1_194' title='bbox 345 2983 400 3047; x_wconf 88' lang='lat' dir='ltr'><strong>hoe</strong></span> <span class='ocrx_word' id='word_1_195' title='bbox 423 2986 505 3049; x_wconf 90' lang='lat' dir='ltr'><strong>varia</strong></span> <span class='ocrx_word' id='word_1_196' title='bbox 524 2984 653 3069; x_wconf 88' lang='lat' dir='ltr'><strong>pericula</strong></span> <span class='ocrx_word' id='word_1_197' title='bbox 672 2984 778 3047; x_wconf 89' lang='lat' dir='ltr'><strong>fuimns</strong></span> <span class='ocrx_word' id='word_1_198' title='bbox 801 2986 933 3064; x_wconf 86' lang='lat' dir='ltr'><strong>emensi,</strong></span> <span class='ocrx_word' id='word_1_199' title='bbox 964 3007 1028 3049; x_wconf 85' lang='lat' dir='ltr'><strong>cunr</strong></span> <span class='ocrx_word' id='word_1_200' title='bbox 1047 2986 1102 3050; x_wconf 87' lang='lat' dir='ltr'><strong>inm</strong></span> <span class='ocrx_word' id='word_1_201' title='bbox 1121 2986 1268 3050; x_wconf 89' lang='lat' dir='ltr'><strong>civitatem</strong></span> <span class='ocrx_word' id='word_1_202' title='bbox 1285 3008 1353 3071; x_wconf 94' lang='lat' dir='ltr'><strong>pro·</strong></span> 
     </span>
     <span class='ocr_line' id='line_1_25' title="bbox 196 3072 1354 3173; baseline 0.002 -23"><span class='ocrx_word' id='word_1_203' title='bbox 196 3085 370 3170; x_wconf 86' lang='lat' dir='ltr'><strong>spiciamus,</strong></span> <span class='ocrx_word' id='word_1_204' title='bbox 402 3090 436 3152; x_wconf 93' lang='lat' dir='ltr'><strong>ad</strong></span> <span class='ocrx_word' id='word_1_205' title='bbox 455 3072 547 3173; x_wconf 85' lang='lat' dir='ltr'><strong>ipsam</strong></span> <span class='ocrx_word' id='word_1_206' title='bbox 570 3107 761 3172; x_wconf 89' lang='lat' dir='ltr'><strong>properemus</strong></span> <span class='ocrx_word' id='word_1_207' title='bbox 780 3099 912 3151; x_wconf 90' lang='lat' dir='ltr'><strong>sanctam</strong></span> <span class='ocrx_word' id='word_1_208' title='bbox 930 3086 1134 3168; x_wconf 85' lang='lat' dir='ltr'><strong>Hierusalem,</strong></span> <span class='ocrx_word' id='word_1_209' title='bbox 1165 3087 1276 3154; x_wconf 82' lang='lat' dir='ltr'><strong>Christi</strong></span> <span class='ocrx_word' id='word_1_210' title='bbox 1293 3090 1354 3153; x_wconf 91' lang='lat' dir='ltr'><strong>vir·</strong></span> 
     </span>
     <span class='ocr_line' id='line_1_26' title="bbox 196 3188 1353 3275; baseline 0.003 -24"><span class='ocrx_word' id='word_1_211' title='bbox 196 3190 293 3274; x_wconf 85' lang='lat' dir='ltr'><strong>ginem</strong></span> <span class='ocrx_word' id='word_1_212' title='bbox 312 3210 347 3252; x_wconf 88' lang='lat' dir='ltr'><strong>ae</strong></span> <span class='ocrx_word' id='word_1_213' title='bbox 363 3209 518 3273; x_wconf 89' lang='lat' dir='ltr'><strong>sponsam,</strong></span> <span class='ocrx_word' id='word_1_214' title='bbox 551 3188 634 3253; x_wconf 89' lang='lat' dir='ltr'><strong>basin</strong></span> <span class='ocrx_word' id='word_1_215' title='bbox 653 3199 681 3253; x_wconf 90' lang='lat' dir='ltr'><strong>et</strong></span> <span class='ocrx_word' id='word_1_216' title='bbox 705 3201 818 3274; x_wconf 89' lang='lat' dir='ltr'><strong>petram</strong></span> <span class='ocrx_word' id='word_1_217' title='bbox 842 3190 1064 3269; x_wconf 89' lang='lat' dir='ltr'><strong>solidissimam,</strong></span> <span class='ocrx_word' id='word_1_218' title='bbox 1097 3193 1353 3275; x_wconf 88' lang='lat' dir='ltr'><strong>venerandamque</strong></span> 
     </span>
     <span class='ocr_line' id='line_1_27' title="bbox 197 3288 1354 3379; baseline 0.002 -25"><span class='ocrx_word' id='word_1_219' title='bbox 197 3302 319 3355; x_wconf 85' lang='lat' dir='ltr'><strong>matrem</strong></span> <span class='ocrx_word' id='word_1_220' title='bbox 345 3303 474 3355; x_wconf 90' lang='lat' dir='ltr'><strong>nostram</strong></span> <span class='ocrx_word' id='word_1_221' title='bbox 500 3302 529 3356; x_wconf 89' lang='lat' dir='ltr'><strong>et</strong></span> <span class='ocrx_word' id='word_1_222' title='bbox 552 3293 672 3355; x_wconf 89' lang='lat' dir='ltr'><strong>eandem</strong></span> <span class='ocrx_word' id='word_1_223' title='bbox 704 3288 817 3357; x_wconf 85' lang='lat' dir='ltr'><strong>Christi</strong></span> <span class='ocrx_word' id='word_1_224' title='bbox 842 3312 991 3376; x_wconf 90' lang='lat' dir='ltr'><strong>sponsam.</strong></span> <span class='ocrx_word' id='word_1_225' title='bbox 1039 3291 1071 3357; x_wconf 93' lang='lat' dir='ltr'><strong>ln</strong></span> <span class='ocrx_word' id='word_1_226' title='bbox 1102 3316 1159 3378; x_wconf 93' lang='lat' dir='ltr'><strong>qno</strong></span> <span class='ocrx_word' id='word_1_227' title='bbox 1191 3304 1354 3379; x_wconf 90' lang='lat' dir='ltr'><strong>opportune</strong></span> 
     </span>
     <span class='ocr_line' id='line_1_28' title="bbox 198 3395 1490 3479; baseline 0.001 -21"><span class='ocrx_word' id='word_1_228' title='bbox 198 3395 273 3458; x_wconf 86' lang='lat' dir='ltr'><strong>istud</strong></span> <span class='ocrx_word' id='word_1_229' title='bbox 291 3413 433 3479; x_wconf 86' lang='lat' dir='ltr'><strong>usurpare</strong></span> <span class='ocrx_word' id='word_1_230' title='bbox 449 3414 621 3478; x_wconf 87' lang='lat' dir='ltr'><strong>possumus,</strong></span> <span class='ocrx_word' id='word_1_231' title='bbox 647 3398 757 3469; x_wconf 64' lang='lat' dir='ltr'><strong>tonate,</strong></span> <span class='ocrx_word' id='word_1_232' title='bbox 782 3399 964 3456; x_wconf 81' lang='lat' dir='ltr'><strong>ascendamus</strong></span> <span class='ocrx_word' id='word_1_233' title='bbox 981 3401 1020 3457; x_wconf 88' lang='lat' dir='ltr'><strong>nd</strong></span> <span class='ocrx_word' id='word_1_234' title='bbox 1036 3409 1153 3458; x_wconf 84' lang='lat' dir='ltr'><strong>montem</strong></span> <span class='ocrx_word' id='word_1_235' title='bbox 1172 3401 1294 3468; x_wconf 75' lang='lat' dir='ltr'><strong>domeni,</strong></span> <span class='ocrx_word' id='word_1_236' title='bbox 1327 3408 1357 3457; x_wconf 86' lang='lat' dir='ltr'><strong>et</strong></span> <span class='ocrx_word' id='word_1_237' title='bbox 1370 3415 1490 3473; x_wconf 65' lang='lat' dir='ltr'><strong>uastas.</strong></span> 
     </span>
     <span class='ocr_line' id='line_1_29' title="bbox 197 3497 1183 3568; baseline 0.004 -9"><span class='ocrx_word' id='word_1_238' title='bbox 197 3502 236 3559; x_wconf 87' lang='lat' dir='ltr'><strong>od</strong></span> <span class='ocrx_word' id='word_1_239' title='bbox 256 3501 365 3558; x_wconf 86' lang='lat' dir='ltr'><strong>domurn</strong></span> <span class='ocrx_word' id='word_1_240' title='bbox 387 3499 435 3556; x_wconf 83' lang='lat' dir='ltr'><strong>dei</strong></span> <span class='ocrx_word' id='word_1_241' title='bbox 453 3497 553 3568; x_wconf 83' lang='lat' dir='ltr'><strong>Iacob,</strong></span> <span class='ocrx_word' id='word_1_242' title='bbox 578 3506 607 3556; x_wconf 88' lang='lat' dir='ltr'><strong>et</strong></span> <span class='ocrx_word' id='word_1_243' title='bbox 628 3497 809 3557; x_wconf 70' lang='lat' dir='ltr'><strong>annuntiabit</strong></span> <span class='ocrx_word' id='word_1_244' title='bbox 828 3499 907 3558; x_wconf 80' lang='lat' dir='ltr'><strong>nodis</strong></span> <span class='ocrx_word' id='word_1_245' title='bbox 930 3503 1001 3559; x_wconf 78' lang='lat' dir='ltr'><strong>ornan</strong></span> <span class='ocrx_word' id='word_1_246' title='bbox 1022 3521 1102 3561; x_wconf 81' lang='lat' dir='ltr'><strong>suern</strong></span> <span class='ocrx_word' id='word_1_247' title='bbox 1125 3509 1183 3563; x_wconf 81' lang='lat' dir='ltr'><strong>etc.</strong></span> 
     </span>
    </p>

    <p class='ocr_par' dir='ltr' id='par_1_4' title="bbox 199 3594 1480 4095">
     <span class='ocr_line' id='line_1_30' title="bbox 284 3594 1480 3684; baseline -0.002 -21"><span class='ocrx_word' id='word_1_248' title='bbox 284 3599 371 3683; x_wconf 78' lang='lat' dir='ltr'><strong>Agite</strong></span> <span class='ocrx_word' id='word_1_249' title='bbox 389 3598 486 3681; x_wconf 87' lang='lat' dir='ltr'><strong>itaque</strong></span> <span class='ocrx_word' id='word_1_250' title='bbox 504 3594 615 3661; x_wconf 87' lang='lat' dir='ltr'><strong>Christi</strong></span> <span class='ocrx_word' id='word_1_251' title='bbox 632 3595 681 3659; x_wconf 90' lang='lat' dir='ltr'><strong>lilii</strong></span> <span class='ocrx_word' id='word_1_252' title='bbox 696 3618 730 3659; x_wconf 92' lang='lat' dir='ltr'><strong>ao</strong></span> <span class='ocrx_word' id='word_1_253' title='bbox 748 3608 868 3660; x_wconf 91' lang='lat' dir='ltr'><strong>sanctae</strong></span> <span class='ocrx_word' id='word_1_254' title='bbox 885 3599 930 3662; x_wconf 89' lang='lat' dir='ltr'><strong>dei</strong></span> <span class='ocrx_word' id='word_1_255' title='bbox 949 3601 1092 3665; x_wconf 87' lang='lat' dir='ltr'><strong>ecelesiae</strong></span> <span class='ocrx_word' id='word_1_256' title='bbox 1109 3601 1212 3679; x_wconf 91' lang='lat' dir='ltr'><strong>liberi,</strong></span> <span class='ocrx_word' id='word_1_257' title='bbox 1236 3599 1283 3684; x_wconf 90' lang='lat' dir='ltr'><strong>qui</strong></span> <span class='ocrx_word' id='word_1_258' title='bbox 1300 3599 1356 3663; x_wconf 89' lang='lat' dir='ltr'><strong>boc</strong></span> <span class='ocrx_word' id='word_1_259' title='bbox 1375 3600 1434 3669; x_wconf 70' lang='lat' dir='ltr'><strong>cip.</strong></span> <span class='ocrx_word' id='word_1_260' title='bbox 1448 3601 1480 3651; x_wconf 71' lang='grc' dir='ltr'><strong>ΙΙ·</strong></span> 
     </span>
     <span class='ocr_line' id='line_1_31' title="bbox 200 3696 1355 3788; baseline 0 -23"><span class='ocrx_word' id='word_1_261' title='bbox 200 3712 331 3766; x_wconf 90' lang='lat' dir='ltr'><strong>nostrum</strong></span> <span class='ocrx_word' id='word_1_262' title='bbox 355 3702 390 3764; x_wconf 93' lang='lat' dir='ltr'><strong>de</strong></span> <span class='ocrx_word' id='word_1_263' title='bbox 414 3696 541 3762; x_wconf 82' lang='lat' dir='ltr'>LXXX</span> <span class='ocrx_word' id='word_1_264' title='bbox 565 3698 736 3762; x_wconf 89' lang='lat' dir='ltr'><strong>haeresibus</strong></span> <span class='ocrx_word' id='word_1_265' title='bbox 760 3720 832 3783; x_wconf 90' lang='lat' dir='ltr'><strong>opus</strong></span> <span class='ocrx_word' id='word_1_266' title='bbox 856 3700 983 3784; x_wconf 83' lang='lat' dir='ltr'><strong>benigne</strong></span> <span class='ocrx_word' id='word_1_267' title='bbox 1010 3703 1216 3788; x_wconf 89' lang='lat' dir='ltr'><strong>percurristis,</strong></span> <span class='ocrx_word' id='word_1_268' title='bbox 1249 3701 1355 3787; x_wconf 88' lang='lat' dir='ltr'><strong>quique</strong></span> 
     </span>
     <span class='ocr_line' id='line_1_32' title="bbox 201 3801 1355 3890; baseline -0.001 -21"><span class='ocrx_word' id='word_1_269' title='bbox 201 3825 313 3869; x_wconf 90' lang='lat' dir='ltr'><strong>meeum</strong></span> <span class='ocrx_word' id='word_1_270' title='bbox 339 3803 510 3867; x_wconf 90' lang='lat' dir='ltr'><strong>altissimum</strong></span> <span class='ocrx_word' id='word_1_271' title='bbox 535 3801 613 3864; x_wconf 89' lang='lat' dir='ltr'><strong>illum</strong></span> <span class='ocrx_word' id='word_1_272' title='bbox 639 3821 796 3885; x_wconf 92' lang='lat' dir='ltr'><strong>pravorum</strong></span> <span class='ocrx_word' id='word_1_273' title='bbox 815 3802 999 3885; x_wconf 82' lang='lat' dir='ltr'><strong>dogmatum,</strong></span> <span class='ocrx_word' id='word_1_274' title='bbox 1031 3827 1105 3890; x_wconf 90' lang='lat' dir='ltr'><strong>quae</strong></span> <span class='ocrx_word' id='word_1_275' title='bbox 1123 3805 1272 3888; x_wconf 88' lang='lat' dir='ltr'><strong>hueusque</strong></span> <span class='ocrx_word' id='word_1_276' title='bbox 1288 3825 1355 3889; x_wconf 92' lang='lat' dir='ltr'><strong>per-</strong></span> 
     </span>
     <span class='ocr_line' id='line_1_33' title="bbox 199 3904 1356 3989; baseline -0.002 -17"><span class='ocrx_word' id='word_1_277' title='bbox 199 3907 385 3984; x_wconf 86' lang='lat' dir='ltr'><strong>censuimus,</strong></span> <span class='ocrx_word' id='word_1_278' title='bbox 415 3905 561 3989; x_wconf 81' lang='lat' dir='ltr'><strong>gurgitem</strong></span> <span class='ocrx_word' id='word_1_279' title='bbox 580 3904 737 3980; x_wconf 89' lang='lat' dir='ltr'><strong>tranastis,</strong></span> <span class='ocrx_word' id='word_1_280' title='bbox 771 3925 806 3965; x_wconf 90' lang='lat' dir='ltr'><strong>ao</strong></span> <span class='ocrx_word' id='word_1_281' title='bbox 825 3914 936 3966; x_wconf 89' lang='lat' dir='ltr'><strong>vastam</strong></span> <span class='ocrx_word' id='word_1_282' title='bbox 955 3917 984 3967; x_wconf 89' lang='lat' dir='ltr'><strong>et</strong></span> <span class='ocrx_word' id='word_1_283' title='bbox 998 3906 1208 3970; x_wconf 90' lang='lat' dir='ltr'><strong>formidabilem</strong></span> <span class='ocrx_word' id='word_1_284' title='bbox 1226 3905 1356 3970; x_wconf 91' lang='lat' dir='ltr'><strong>siticulo-</strong></span> 
     </span>
     <span class='ocr_line' id='line_1_34' title="bbox 200 4006 1357 4095; baseline -0.001 -21"><span class='ocrx_word' id='word_1_285' title='bbox 200 4030 320 4095; x_wconf 88' lang='lat' dir='ltr'><strong>samque</strong></span> <span class='ocrx_word' id='word_1_286' title='bbox 344 4008 531 4074; x_wconf 89' lang='lat' dir='ltr'><strong>solitudinem</strong></span> <span class='ocrx_word' id='word_1_287' title='bbox 555 4006 752 4091; x_wconf 89' lang='lat' dir='ltr'><strong>peragrastis,</strong></span> <span class='ocrx_word' id='word_1_288' title='bbox 783 4026 880 4068; x_wconf 88' lang='lat' dir='ltr'><strong>rernm</strong></span> <span class='ocrx_word' id='word_1_289' title='bbox 906 4007 1035 4071; x_wconf 90' lang='lat' dir='ltr'><strong>omnium</strong></span> <span class='ocrx_word' id='word_1_290' title='bbox 1053 4008 1200 4073; x_wconf 92' lang='lat' dir='ltr'><strong>dominum</strong></span> <span class='ocrx_word' id='word_1_291' title='bbox 1220 4009 1357 4095; x_wconf 89' lang='lat' dir='ltr'><strong>implore·</strong></span> 
     </span>
    </p>
   </div>
   <div class='ocr_carea' id='block_1_4' title="bbox 202 4276 1360 4622">
    <p class='ocr_par' dir='ltr' id='par_1_5' title="bbox 236 4276 1062 4350">
     <span class='ocr_line' id='line_1_35' title="bbox 236 4276 1062 4350; baseline -0.002 -16"><span class='ocrx_word' id='word_1_292' title='bbox 236 4277 260 4334; x_wconf 78' lang='lat'><strong>4.</strong></span> <span class='ocrx_word' id='word_1_293' title='bbox 278 4276 463 4350; x_wconf 73' lang='lat' dir='ltr'><strong>derlnpaivrcc</strong></span> <span class='ocrx_word' id='word_1_294' title='bbox 479 4283 529 4333; x_wconf 79' lang='lat' dir='ltr'><strong>cod</strong></span> <span class='ocrx_word' id='word_1_295' title='bbox 546 4282 645 4344; x_wconf 81' lang='lat' dir='ltr'><strong>ftbedtp.</strong></span> <span class='ocrx_word' id='word_1_296' title='bbox 798 4283 879 4332; x_wconf 87' lang='lat' dir='ltr'><strong>Pctoo.</strong></span> <span class='ocrx_word' id='word_1_297' title='bbox 897 4283 976 4332; x_wconf 79' lang='lat' dir='ltr'><strong>Coton.</strong></span> <span class='ocrx_word' id='word_1_298' title='bbox 992 4287 1062 4345; x_wconf 84' lang='lat' dir='ltr'><strong>repet</strong></span> 
     </span>
    </p>

    <p class='ocr_par' dir='ltr' id='par_1_6' title="bbox 202 4344 1360 4539">
     <span class='ocr_line' id='line_1_36' title="bbox 235 4344 1360 4419; baseline 0.002 -19"><span class='ocrx_word' id='word_1_299' title='bbox 235 4350 260 4400; x_wconf 84' lang='lat' dir='ltr'><strong>b.</strong></span> <span class='ocrx_word' id='word_1_300' title='bbox 278 4353 370 4412; x_wconf 80' lang='lat' dir='ltr'><strong>lncptta&#39;t</strong></span> <span class='ocrx_word' id='word_1_301' title='bbox 384 4355 495 4402; x_wconf 82' lang='lat' dir='ltr'><strong>Petooa&#39;na</strong></span> <span class='ocrx_word' id='word_1_302' title='bbox 515 4353 624 4401; x_wconf 83' lang='lat' dir='ltr'><strong>oocutoor</strong></span> <span class='ocrx_word' id='word_1_303' title='bbox 638 4346 685 4411; x_wconf 74' lang='grc' dir='ltr'><strong>τὰς</strong></span> <span class='ocrx_word' id='word_1_304' title='bbox 698 4353 764 4401; x_wconf 59' lang='lat' dir='ltr'><strong>uam</strong></span> <span class='ocrx_word' id='word_1_305' title='bbox 831 4349 855 4402; x_wconf 84' lang='lat'><strong>7.</strong></span> <span class='ocrx_word' id='word_1_306' title='bbox 884 4351 957 4413; x_wconf 80' lang='lat' dir='ltr'><strong>Vntpo</strong></span> <span class='ocrx_word' id='word_1_307' title='bbox 979 4353 1032 4400; x_wconf 82' lang='lat' dir='ltr'><strong>tibra&#39;</strong></span> <span class='ocrx_word' id='word_1_308' title='bbox 1054 4344 1141 4419; x_wconf 76' lang='grc' dir='ltr'><strong>ἅβρας.</strong></span> <span class='ocrx_word' id='word_1_309' title='bbox 1184 4352 1261 4412; x_wconf 82' lang='lat' dir='ltr'><strong>Quom</strong></span> <span class='ocrx_word' id='word_1_310' title='bbox 1283 4356 1360 4414; x_wconf 81' lang='lat' dir='ltr'><strong>recept</strong></span> 
     </span>
     <span class='ocr_line' id='line_1_37' title="bbox 202 4411 1357 4484; baseline 0.003 -16"><span class='ocrx_word' id='word_1_311' title='bbox 202 4419 239 4468; x_wconf 85' lang='lat' dir='ltr'><strong>nia</strong></span> <span class='ocrx_word' id='word_1_312' title='bbox 255 4420 385 4482; x_wconf 87' lang='lat' dir='ltr'><strong>r&#39;nctndcns,</strong></span> <span class='ocrx_word' id='word_1_313' title='bbox 401 4425 513 4482; x_wconf 83' lang='lat' dir='ltr'><strong>tanquam</strong></span> <span class='ocrx_word' id='word_1_314' title='bbox 531 4420 656 4470; x_wconf 79' lang='lat' dir='ltr'><strong>detendunt</strong></span> <span class='ocrx_word' id='word_1_315' title='bbox 671 4420 764 4470; x_wconf 82' lang='lat' dir='ltr'><strong>iudico·</strong></span> <span class='ocrx_word' id='word_1_316' title='bbox 797 4421 938 4479; x_wconf 73' lang='lat' dir='ltr'><strong>scripturum</strong></span> <span class='ocrx_word' id='word_1_317' title='bbox 959 4411 1055 4484; x_wconf 77' lang='grc' dir='ltr'>αὔρας,</span> <span class='ocrx_word' id='word_1_318' title='bbox 1089 4433 1117 4468; x_wconf 85' lang='lat' dir='ltr'><strong>eo</strong></span> <span class='ocrx_word' id='word_1_319' title='bbox 1138 4422 1236 4470; x_wconf 83' lang='lat' dir='ltr'><strong>Pctooto</strong></span> <span class='ocrx_word' id='word_1_320' title='bbox 1257 4422 1357 4471; x_wconf 79' lang='lat' dir='ltr'><strong>debetur.</strong></span> 
     </span>
     <span class='ocr_line' id='line_1_38' title="bbox 202 4486 1358 4539; baseline 0.001 -3"><span class='ocrx_word' id='word_1_321' title='bbox 202 4490 244 4536; x_wconf 77' lang='lat' dir='ltr'><strong>rat.</strong></span> <span class='ocrx_word' id='word_1_322' title='bbox 800 4489 864 4536; x_wconf 76' lang='lat' dir='ltr'><strong>Verte</strong></span> <span class='ocrx_word' id='word_1_323' title='bbox 877 4487 1015 4537; x_wconf 85' lang='lat' dir='ltr'><strong>securitatis</strong></span> <span class='ocrx_word' id='word_1_324' title='bbox 1031 4504 1061 4537; x_wconf 86' lang='lat' dir='ltr'><strong>ex</strong></span> <span class='ocrx_word' id='word_1_325' title='bbox 1080 4495 1147 4538; x_wconf 85' lang='lat' dir='ltr'><strong>terre</strong></span> <span class='ocrx_word' id='word_1_326' title='bbox 1160 4486 1229 4538; x_wconf 83' lang='lat' dir='ltr'><strong>firma</strong></span> <span class='ocrx_word' id='word_1_327' title='bbox 1239 4488 1305 4539; x_wconf 86' lang='lat' dir='ltr'><strong>auris</strong></span> <span class='ocrx_word' id='word_1_328' title='bbox 1319 4487 1358 4537; x_wconf 86' lang='lat' dir='ltr'><strong>af-</strong></span> 
     </span>
    </p>

    <p class='ocr_par' dir='ltr' id='par_1_7' title="bbox 236 4550 859 4622">
     <span class='ocr_line' id='line_1_39' title="bbox 236 4550 859 4622; baseline -0.008 -15"><span class='ocrx_word' id='word_1_329' title='bbox 236 4551 261 4607; x_wconf 82' lang='lat'><strong>6.</strong></span> <span class='ocrx_word' id='word_1_330' title='bbox 274 4551 321 4622; x_wconf 75' lang='lat' dir='ltr'><strong>spi</strong></span> <span class='ocrx_word' id='word_1_331' title='bbox 336 4570 380 4618; x_wconf 83' lang='lat' dir='ltr'><strong>pro</strong></span> <span class='ocrx_word' id='word_1_332' title='bbox 394 4550 443 4609; x_wconf 79' lang='lat' dir='ltr'><strong>sind</strong></span> <span class='ocrx_word' id='word_1_333' title='bbox 458 4557 566 4608; x_wconf 83' lang='lat' dir='ltr'><strong>mendose</strong></span> <span class='ocrx_word' id='word_1_334' title='bbox 578 4558 662 4619; x_wconf 77' lang='lat' dir='ltr'><strong>tepttor</strong></span> <span class='ocrx_word' id='word_1_335' title='bbox 672 4558 697 4606; x_wconf 86' lang='lat' dir='ltr'><strong>in</strong></span> <span class='ocrx_word' id='word_1_336' title='bbox 710 4557 763 4606; x_wconf 87' lang='lat' dir='ltr'><strong>cdtt.</strong></span> <span class='ocrx_word' id='word_1_337' title='bbox 797 4553 859 4604; x_wconf 82' lang='lat' dir='ltr'><strong>fleti.</strong></span> 
     </span>
    </p>
   </div>
   <div class='ocr_carea' id='block_1_5' title="bbox 1080 4642 1156 4708">
    <p class='ocr_par' dir='ltr' id='par_1_8' title="bbox 1080 4642 1156 4708">
     <span class='ocr_line' id='line_1_40' title="bbox 1080 4642 1156 4708; baseline -0.013 0"><span class='ocrx_word' id='word_1_338' title='bbox 1080 4642 1156 4708; x_wconf 82' lang='lat'><strong>31*</strong></span> 
     </span>
    </p>
   </div>
   <div class='ocr_carea' id='block_1_6' title="bbox 0 0 1572 5070">
    <p class='ocr_par' dir='ltr' id='par_1_9' title="bbox 0 0 1572 5070">
     <span class='ocr_line' id='line_1_41' title="bbox 0 0 1572 5070; baseline 0 0"><span class='ocrx_word' id='word_1_339' title='bbox 0 0 1572 5070; x_wconf 95' lang='lat' dir='ltr'><strong> </strong></span> 
     </span>
    </p>
   </div>
  </div>
 </body>
</html>
