3096 5070
303 267 441 322 ranmu
457 267 578 335 arnan.
601 267 683 320 ron.
696 268 729 320 n.
755 265 1115 318 exros.r1n.crrnov.
1226 251 1289 317 489

134 390 317 459 maiestatem
333 387 534 465 obtinuerunt,
559 386 675 465 horum,
699 388 828 471 inquam,
853 386 1003 470 ealelogns
1021 386 1056 449 ad
1071 405 1162 468 nsque
1178 380 1288 450 Christi

134 492 243 557 domini
262 490 388 555 natalem
406 491 581 576 pertexitnr.
626 487 704 553 Nam
723 491 760 553 ah
776 489 893 553 Adamo
909 490 946 551 ad
962 477 1110 554 Noenum
1129 506 1221 571 usque
1239 509 1291 571 ge-

135 595 304 665 nerationes
332 593 512 679 praeteriere
536 593 651 656 decem.
696 590 833 655 Totidem
858 588 1011 655 aNoe'mo
1036 592 1072 655 ad
1094 590 1288 654 Abraamum.

134 697 183 763 Ab
198 697 255 762 hoc
270 697 307 760 ad
323 695 467 759 Davidem
484 691 575 758 XIV.
619 694 649 757 A
668 691 783 757 [levido
805 695 840 757 ad
863 694 1062 778 captivitatem
1078 689 1167 756 XIV.
1213 689 1291 755 Hinc

133 801 170 865 ad
189 797 340 866 Christum
356 797 492 861 similiter
504 794 594 860 XIV.
641 792 829 880 Colliguntur
843 796 880 859 ab
897 796 1013 859 Adamo
1035 817 1129 880 usqne
1150 795 1185 858 ad
1204 790 1291 859 Chri·

133 913 209 968 stum
228 900 436 984 generationes
452 895 563 977 LXII,
588 920 661 983 quae
681 898 834 962 brevitatIs
851 898 944 982 gratia
960 895 1020 960 LX
1037 898 1219 961 solummodo
1236 918 1289 960 aa·

134 1013 297 1068 merantur.
341 1000 419 1065 Nam
445 1010 474 1064 et
499 1000 530 1064 in
553 1001 711 1065 solitudine
734 1023 799 1065 cum
819 998 945 1064 LXXII
972 992 1130 1086 palmarum
1153 1000 1443 1078 caudicesnaama.

136 1108 251 1182 forent,
281 1100 375 1167 LXX
398 1114 508 1166 tanturn
529 1104 675 1189 scriptura
702 1104 887 1168 memoravit.
941 1100 985 1166 Ita
1010 1124 1075 1166 cum
1100 1103 1136 1166 ad
1162 1074 1444 1165 montemNm‘¹¹‘¹''

134 1205 229 1272 LXX
246 1207 344 1270 vocati
360 1206 500 1285 luissent,
530 1205 738 1270 accedentibus
755 1204 829 1270 Iliad
846 1217 876 1269 et
893 1204 1003 1270 Modad
1019 1201 1144 1268 LXXII
1159 1214 1228 1268 sunt
1244 1225 1291 1268 rc·

135 1310 222 1395 perti.
267 1306 428 1372 Praeterea
446 1330 510 1372 cum
527 1305 654 1373 LXXII
671 1305 844 1372 Ptolemaeo
863 1320 1005 1394 regnante
1020 1328 1124 1371 sacros
1140 1307 1231 1372 libros
1247 1306 1292 1369 in·

136 1411 288 1497 terpretati
303 1413 374 1490 sint,
398 1432 453 1475 nos
470 1421 568 1474 tamen
583 1411 747 1496 compendii
763 1411 857 1496 gratia
873 1409 965 1475 LXX
984 1411 1114 1474 virorum
1133 1409 1291 1474 editionem

135 1514 287 1577 nominare
310 1513 528 1578 consuevimus.
582 1510 634 1576 Sic
657 1523 687 1577 et
709 1510 803 1576 LXX
826 1515 913 1577 modo
937 1515 1059 1598 reginae
1083 1534 1149 1577 mea
1176 1512 1291 1598 quidem

135 1607 281 1682 sententia
294 1625 539 1679 commemoratae
555 1626 636 1695 sunt,
661 1626 693 1679 ut
710 1617 854 1680 extremis
871 1616 1015 1701 utrimque
1037 1615 1160 1681 sublatis
1177 1616 1291 1680 medius

135 1718 184 1782 ille
200 1717 414 1802 sexagenarius
429 1718 464 1780 ad
482 1717 602 1802 figuram
621 1729 652 1781 et
666 1717 823 1802 imaginem
841 1740 875 1782 ac
892 1721 1051 1804 perlectam
1071 1718 1292 1802 contemplatio·

135 1841 202 1885 nem
228 1820 407 1884 evellendam
432 1831 614 1905 superesset.
670 1816 759 1883 Senis
779 1821 885 1904 quippe
910 1821 1067 1884 decadibus
1092 1841 1148 1884 sex
1180 1821 1290 1884 dierum

135 1921 275 1987 circuitus
291 1921 471 2001 absolvitur,
501 1932 534 1985 ut
547 1931 715 1986 sanctarum
729 1921 910 1998 animarum,
942 1945 1017 2007 quaa
1041 1945 1081 1988 ex
1108 1924 1163 1987 lide
1186 1925 1214 1986 ia
1236 1924 1291 1986 deo

135 2036 277 2111 regnant,
302 2026 352 2088 hat
366 2045 407 2088 ex
423 2023 550 2109 qnalibet
567 2023 759 2108 generatione
774 2024 953 2088 coniunctio.
999 2023 1083 2090 Unde
1106 2036 1136 2088 et
1159 2046 1215 2089 sex
1237 2026 1290 2112 hp·
1309 2047 1386 2093 rmus.
1398 2047 1420 2092 a

135 2127 218 2191 driae
233 2123 336 2192 Canae
361 2127 391 2190 in
410 2123 542 2190 Galilaea
561 2126 692 2212 lapideae
717 2127 808 2191 luisse
834 2127 986 2207 dicuntur,
1011 2149 1085 2212 qnae
1108 2150 1172 2192 cnm
1191 2141 1293 2194 essent

135 2230 317 2307 exhaustae,
341 2248 445 2292 rursus
466 2227 641 2312 implentur,
665 2230 798 2314 singulae
816 2240 956 2293 metretas
972 2230 1044 2293 duas
1062 2239 1161 2294 tresve
1176 2232 1292 2316 capien-

135 2343 192 2413 les,
217 2332 265 2416 qui
282 2333 385 2396 modus
400 2333 435 2395 ad
455 2340 540 2394 vetus
557 2352 722 2417 novumque
739 2343 944 2396 testamentum
961 2343 991 2396 et
1009 2331 1148 2396 trinitatis
1166 2333 1292 2418 comple·

134 2447 263 2501 mentum
283 2436 423 2498 refertur.
471 2431 600 2497 Eaedem
620 2456 708 2519 porro
728 2434 849 2520 hydriae
865 2455 905 2498 ex
921 2456 995 2520 aqua
1012 2436 1042 2499 in
1062 2457 1172 2501 merum
1192 2437 1291 2499 vinum

135 2558 298 2603 conversae
316 2547 401 2614 suut,
433 2558 497 2599 curn
516 2537 552 2599 ad
573 2537 737 2621 nuptiarum
758 2536 933 2600 hilaritatem
952 2549 982 2601 et
1003 2538 1127 2602 tiliorum
1145 2538 1291 2602 hominnm

135 2639 358 2703 oblectationem
375 2639 511 2723 impletae
529 2638 665 2702 luissent.
713 2637 789 2702 Ilinc
812 2639 899 2703 etiam
917 2640 1112 2725 sexangulae
1134 2640 1293 2704 mathema·

136 2741 203 2804 tieis
220 2741 313 2824 ligura
330 2741 508 2820 nominatur,
533 2762 608 2826 qnae
626 2762 678 2827 per
696 2740 854 2806 ternariam
875 2743 1129 2827 septenariumque
1145 2744 1181 2806 ad
1198 2740 1290 2809 XXI.

136 2843 314 2926 geometrica
337 2842 533 2907 modulatione
552 2843 730 2929 perducilur.
779 2841 844 2926 Qua
869 2845 985 2928 quidem
1012 2845 1184 2929 hexagonus
1203 2847 1293 2910 totius

137 2943 339 3008 universitatis
369 2944 515 3029 impletam
546 2947 711 3011 vastitatem
742 2945 897 3029 significat.
943 2945 1021 3010 Nam
1051 2948 1099 3031 qni
1127 2948 1157 3010 in
1187 2969 1225 3012 eo
1247 2960 1294 3013 cst

137 3046 352 3131 quadrangulus
370 3048 590 3132 quaternarium
614 3070 786 3126 numerum,
820 3048 899 3113 hasis
916 3070 989 3112 vero
1004 3070 1039 3112 ac
1057 3051 1193 3137 superior
1211 3072 1291 3139 pars,

136 3149 200 3215 sive
224 3148 390 3233 fastigium,
414 3151 564 3215 senarium
587 3153 752 3236 perficiunt.

222 3248 281 3315 Sed
299 3272 336 3314 ne
353 3253 468 3336 longior
485 3254 559 3332 sim,
589 3254 663 3318 satis
682 3254 825 3319 hactenus
845 3255 881 3316 de
904 3254 1014 3338 reginis
1037 3254 1094 3318 illis
1108 3252 1168 3318 LX
1187 3254 1294 3319 dictum
1321 3264 1383 3334 Cep.
1399 3265 1431 3317 v.

136 3353 282 3431 arbitror,
312 3354 367 3417 hoc
390 3366 436 3417 est
449 3356 689 3440 generationibus
703 3378 779 3441 quae
802 3357 836 3420 ad
858 3353 1007 3420 Christum
1029 3377 1121 3441 usque
1137 3379 1294 3421 numeran-

138 3467 196 3520 tur.
240 3453 315 3519 Post
332 3452 481 3519 Christum
498 3478 571 3521 vero
586 3460 621 3521 ad
637 3459 693 3522 hoc
711 3469 826 3545 tempus
844 3470 916 3542 quot
930 3458 1139 3542 generationes
1156 3460 1294 3544 deinceps

135 3559 335 3623 successerint
360 3558 441 3621 solus
466 3559 548 3622 novit
575 3560 720 3624 dominus.
766 3560 836 3624 Non
860 3561 936 3623 enim
960 3561 1083 3646 amplius
1100 3583 1153 3646 per
1168 3583 1294 3645 genera·

135 3661 232 3726 tiones
247 3671 409 3747 temporum
429 3672 474 3722 est
493 3661 529 3722 ah
548 3660 607 3722 allo
625 3662 748 3724 deducta
768 3662 938 3746 digestaque
955 3664 1066 3741 series,
1093 3684 1145 3747 pro
1162 3684 1198 3727 eo
1215 3665 1292 3748 quod

136 3785 276 3830 numerus
302 3766 359 3827 iste
384 3784 437 3849 per
459 3762 538 3825 illam
553 3762 645 3846 ipsam
667 3763 835 3847 reginarum
859 3768 1127 3843 enumerationem,
1163 3787 1238 3850 quae
1257 3767 1293 3830 ad

136 3861 287 3933 Christum
305 3865 453 3929 dominum
471 3874 684 3941 recensentur,
716 3865 796 3928 velut
813 3864 984 3949 obsignatus
1006 3889 1042 3930 ac
1061 3868 1218 3933 conclusus
1235 3879 1291 3932 est.

134 3967 212 4034 Nam
233 3971 280 4055 qui
297 3970 479 4054 postmodum
503 3967 631 4030 extitere
650 3966 810 4052 scriptores
828 3990 863 4030 ac
880 3980 1126 4034 commentatores
1144 3982 1193 4035 aut
1209 3971 1294 4035 chro-

136 4073 235 4156 nologi
252 4072 298 4134 rel
316 4071 446 4134 historici
462 4070 555 4133 nullas
572 4071 696 4156 amplius
710 4071 919 4154 generationes
933 4083 1099 4151 numerant,
1123 4074 1175 4138 sed
1192 4095 1294 4158 regum

134 4174 342 4238 successiones
359 4195 394 4236 ae
410 4184 560 4259 tempora,
585 4194 707 4257 quorum
722 4172 891 4257 singillatim
908 4195 1002 4237 annos
1018 4175 1197 4239 describunt.
1244 4174 1293 4241 Ex

136 4323 237 4370 σαντας,
253 4315 361 4373 quomam
377 4314 644 4373 Interposttnporttcuta
659 4309 699 4371 δὲ,
769 4310 828 4361 cnr.
841 4311 872 4361 V.
894 4338 925 4348 -
962 4312 983 4362 1.
1003 4309 1127 4378 ἔγνωσται
1147 4310 1217 4380 μόνῳ
1240 4316 1292 4366 cod.

135 4379 169 4427 cd
185 4376 264 4444 λέγειν
280 4382 376 4429 antam
391 4394 441 4429 ano
456 4394 504 4429 esse
520 4381 696 4430 admondum.
733 4381 829 4443 ttbedr'p.

168 4446 192 4494 5.
210 4445 298 4504 „Ilaec
314 4447 404 4497 leviter
420 4446 573 4514 depravata“
594 4450 620 4499 In
633 4463 698 4498 mur·
766 4451 789 4501 ‘d-
807 4446 1157 4520 resonatresonat.
1194 4489 1200 4499 .

134 4517 187 4577 plac
204 4515 330 4577 adscripsit
346 4518 465 4568 Petuntur.
