3096 5070
184 271 226 335 70
611 277 734 332 ειειοτι
752 279 921 331 nummu

183 390 270 464 οῦτοι
284 399 316 465 οί
327 393 388 464 άπό
400 403 454 480 τῆς
467 394 598 464 συνόδου
617 398 815 482 διαιρεθέντες
830 393 922 478 αὐτῆς
937 403 990 479 τῆς
1004 393 1250 482 ’νίρειομανίτιδος
1262 396 1346 482 οίρέ-

184 523 274 579 σεως,
303 496 428 576 όαότός
447 504 597 575 Βασίλειος
612 498 789 585 Ἀγκυρῖνος
804 497 917 564 τούτων
935 496 1076 584 άργηγβς,
1105 500 1156 564 καί
1176 497 1346 584 Γιοίργινος

187 601 399 677 όΛαοδικείας
420 607 498 684 ’τῆς
521 600 597 687 πρός
611 598 789 686 Ἀντιόχειαν
804 599 949 684 Δάφνης,
978 600 1072 687 ἤγουν
1092 606 1201 684 Κοίλης
1219 605 1346 685 Συρίας.

189 709 232 771 Οί
252 706 284 770 δί
301 701 386 770 αῦτοί
401 704 453 769 καί
468 706 537 789 περί
553 711 607 770 τοῦ
623 701 711 790 άγίου
727 702 896 786 πνεύματος
909 707 982 779 ίσως
996 711 1059 778 τοῖς
1077 701 1347 787 Πνευματομάηοις

187 809 260 873 είσλν
273 809 394 889 ἔχοντες.
425 803 534 871 Οῦκέτι
549 803 605 891 γάρ
619 803 661 884 τός
673 805 745 889 μετά
759 804 968 889 δυςωπησιως,
984 803 1005 888 οἲ
1017 803 1089 887 μετά
1105 831 1184 882 τινος
1198 809 1347 875 διστακει·

185 916 242 975 κοῦ
255 907 357 995 λόγου,
380 905 421 984 οἷς
434 911 502 992 περί
516 914 569 973 τοῦ
583 913 651 975 υίοῦ
667 908 871 992 αίσχυνόμενοι
887 910 997 973 τέλειον
1010 913 1117 988 κτίσμα
1132 905 1224 972 αῦιόν
1240 910 1346 986 εἰπεῖν,

185 1010 259 1096 όπερ
276 1014 326 1075 καί
344 1009 440 1086 οῦτως
455 1013 565 1093 έχουσι,
586 1011 637 1076 διά
655 1012 687 1076 δέ
702 1009 754 1076 τόν
768 1009 844 1093 πρός
860 1008 1040 1096 άνθράπους
1055 1010 1154 1092 φόβον
1168 1010 1349 1093 ἐπιφέρουσι

185 1113 219 1180 τό
237 1108 426 1194 όμοιοῦσιον,
448 1114 499 1178 καί
515 1111 548 1178 τό
565 1117 669 1194 κτίσμα
689 1111 768 1195 ὀὐχ
785 1110 826 1188 ὥς
837 1116 873 1178 ἳν
887 1120 947 1177 τῶν
963 1109 1146 1194 κτισμάτων,
1164 1149 1207 1161 -
1229 1113 1294 1195 περί
1312 1111 1349 1177 δδ

65 1243 174 1300 mm.
187 1223 241 1281 τοῦ
257 1210 345 1300 άγίου
361 1215 544 1295 πνεύματος,
567 1212 608 1290 άς
625 1216 718 1296 ίφην,
740 1212 777 1279 οῦ
798 1218 990 1290 διστακτικῦς
1015 1211 1180 1299 όρμῦνται,
1210 1210 1284 1292 άλέ,
1304 1209 1350 1291 τός

186 1324 366 1400 λυσσητηρες
381 1315 486 1393 κῦνες,
516 1315 649 1397 αἰφειδοῦς
665 1321 771 1399 κτίσμα
790 1315 886 1383 θαότό
906 1316 1092 1383 παντάπασιν
1109 1313 1270 1399 όρίζονται,
1293 1317 1350 1383 καί

187 1419 284 1495 οῦτως
304 1421 545 1501 διαβεβαιοῦνται
568 1418 619 1483 καί
642 1416 795 1503 άλλότριον
810 1417 924 1503 πατρός
938 1422 993 1485 καί4
1012 1423 1081 1486 υίοῦ
1097 1416 1239 1503 ῦπάρχον.
1284 1421 1350 1487 Καί

187 1526 238 1589 ίνα
252 1519 294 1602 μή
313 1546 357 1596 τις
372 1523 451 1586 είποι
466 1516 542 1586 κατά
558 1520 780 1604 συκοφάντησιν
791 1521 867 1587 καιά
881 1549 971 1588 τινων
989 1520 1069 1605 ἡμᾶς
1083 1523 1192 1607 λέγειν,
1214 1524 1351 1589 δνταῦθι

189 1621 422 1707 παραθήσομαι,
443 1618 484 1698 νίς
502 1624 633 1707 ἔγραφεν
648 1625 770 1701 ἕκαστος
784 1623 901 1703 αῦτῦν,
924 1623 1096 1707 ἐπιστολὴν,
1127 1627 1278 1701 Βασίλειος
1292 1623 1349 1705 μέν

188 1731 277 1810 μίαν,
306 1731 337 1789 Γ
333 1722 474 1809 εάργινος
497 1726 529 1790 δί
549 1722 568 1792 ό
592 1729 774 1803 Λαοδικείας
798 1724 860 1808 άμα
884 1731 1027 1817 Βασιλείηο
1049 1729 1099 1791 καί
1117 1735 1180 1802 τοῖς
1195 1725 1250 1791 σῦν
1264 1723 1349 1815 ανίᾔ

188 1826 287 1910 άλλην.
332 1831 393 1891 Καί
414 1828 487 1892 είσιν
508 1830 580 1893 αίδε.

61 1961 129 2032 [ῳ.
140 1960 173 2034 βι,
273 1926 311 1994 Ἡ
325 1925 394 2014 άγία
411 1927 538 2006 σύνοδος
553 1927 574 2014 ἦ
589 1931 621 1996 έν
632 1929 766 2018 Ἀγκῦρςι
783 1934 1021 2015 προςεγγίζοντος
1037 1937 1092 1997 τοῦ
1110 1929 1216 2014 Πάσχα
1234 1932 1266 1997 έιι
1281 1931 1347 1996 δικ·

188 2031 294 2116 φόρων
315 2033 464 2114 έπαρχιοῐν
487 2042 742 2117 συγκροτηθεῖσα,
772 2038 887 2117 κυρίοις
903 2032 1089 2115 τιμιωτάτοις
1110 2036 1159 2098 καί
1181 2030 1352 2115 όμουόχοις

189 2141 420 2219 συλλειτουργοῖς
440 2141 503 2209 τοῖς
527 2135 560 2200 έν
578 2139 721 2225 Φοινίκη,
748 2135 800 2200 καί
816 2143 879 2212 τοῖς
899 2142 1031 2214 λοιποῖς,
1054 2144 1117 2213 τοῖς
1129 2135 1165 2201 τά
1182 2133 1258 2201 αῦτά
1277 2131 1353 2218 ἡμῖν

189 2243 372 2324 φρονοῦσιν,
394 2237 427 2302 έν
448 2240 542 2324 κυρίην
563 2241 683 2320 χαίρειν.

276 2334 442 2422 Εῦγόμεθα
464 2339 517 2420 μέν
535 2337 607 2421 μετά
629 2336 683 2420 την
701 2336 743 2414 άς
762 2341 795 2405 έν
817 2341 891 2423 πυρί
913 2347 977 2416 τοῖς
999 2342 1030 2405 έν
1051 2341 1128 2428 μέσμ
1144 2341 1352 2425 γεγενημένοις

189 2438 265 2526 ῦπίρ
290 2447 343 2522 τῆς
367 2445 491 2516 πίστεως
516 2451 690 2527 πειρασμοῖς
717 2439 851 2525 βάσανον
872 2450 925 2524 τῆς
953 2444 1192 2523 έκκλησιαστικής
1213 2449 1352 2523 πίστεως,

189 2549 242 2612 ιιαί
258 2541 294 2608 τά
312 2544 361 2610 έπί
379 2550 433 2626 τῆς
450 2549 678 2609 Κωνσταντίνου
693 2543 807 2619 πόλεως
820 2543 869 2611 διά
890 2544 1067 2628 Μάρκελλον
1079 2546 1274 2630 γεγενημένα,
1295 2546 1354 2611 καί

188 2644 260 2731 μετά
283 2643 338 2729 τόν
359 2647 479 2711 ἔκθεσιν
500 2652 554 2728 τῆς
573 2651 699 2723 πίστεως
715 2648 748 2712 έν
763 2654 799 2736 τῇ
816 2647 931 2736 συνόδῳ
947 2653 1200 2732 συγκροτηθείσης
1215 2648 1264 2712 ίιιί
1286 2654 1354 2725 τοῖς
1407 2644 1410 2649 ’

188 2751 347 2834 έγιιαινίοις
370 2754 424 2829 τῆς
445 2749 477 2813 έν
490 2744 650 2835 Ἀντιοχείᾳ
668 2750 838 2831 έκκλησίας,
866 2751 917 2814 καί
939 2746 1011 2832 μετά
1033 2757 1127 2814 ταῦτα
1148 2746 1223 2815 κατά
1239 2751 1352 2833 Σαρδι·

188 2848 261 2933 κήν,
284 2851 336 2915 καί
349 2848 404 2930 τὴν
419 2851 481 2915 έκεῑ
492 2841 583 2926 αὖθις
598 2846 776 2931 άνθήσασαν
791 2857 896 2929 πίστιν,
918 2854 970 2917 καί
984 2854 1025 2917 δτι
1044 2849 1115 2934 μετά
1130 2851 1166 2916 τά
1183 2853 1215 2917 έν
1233 2856 1353 2941 Σιρμίφ

191 2954 241 3018 ίπί
259 2957 400 3039 Φωτεινρῖ
417 2954 609 3037 γεγενημένα,
639 2954 689 3017 1εί
703 2953 756 3033 μέν
771 2955 822 3018 καί
836 2961 995 3040 λογισμοῖς,
1018 2952 1072 3029 οῦς
1090 2951 1136 3034 ἐφ’
1151 2952 1264 3040 έκάστρι
1280 2955 1354 3037 ιτιρλ

191 3060 245 3136 τῆς
269 3058 394 3128 πίστεως
408 3059 558 3143 κεφαλαίῳ
576 3056 813 3137 έπερωτηθέντες
836 3057 980 3140 περὶτῶν
1001 3057 1033 3120 έν
1051 3060 1186 3144 Σαρδικῇ
1203 3052 1279 3136 πρός
1294 3052 1353 3138 τιίν

191 3152 338 3236 ιἰνατολὴν
357 3154 519 3221 διεστώτων
539 3158 720 3239 έξεθέμεθα,
750 3155 895 3241 ἠρεμῆσαι
912 3156 1033 3234 λοιπόν,
1064 3160 1115 3222 ιιαλ
1137 3160 1299 3237 ε’νωθείσης
1317 3159 1353 3225 έν

190 3263 228 3346 τῇ
252 3255 369 3340 εῦσεβεῖ
380 3259 512 3347 βασιλείᾳ
534 3246 588 3324 τοῦ
610 3257 755 3325 δεσπότου
775 3257 860 3342 ἡμῶν
878 3264 1113 3325 ’ίΚωνσταντίου
1130 3266 1183 3341 τῆς
1198 3258 1259 3325 άπό
1275 3259 1353 3325 τίνων·

189 3366 277 3441 τολης
292 3361 348 3434 ἕως
362 3362 484 3442 δυσμῶν
499 3362 661 3444 ἐκκλησίας,
680 3364 901 3444 έκβεβλημένων
915 3369 974 3427 τῶν
988 3362 1168 3440 σκανδάλων,
1190 3360 1352 3445 είρηνεῦειν

189 3488 220 3529 τε
240 3463 371 3537 καλιαῖς
394 3468 539 3546 λατρείαις
564 3471 617 3529 τοῦ
635 3471 712 3530 θεοῦ
727 3466 921 3547 προςανέγειν.
965 3462 1091 3546 Ἐπειδὴ
1109 3464 1156 3542 δέ,
1186 3460 1227 3540 οἷς
1241 3467 1351 3546 έοικεν,

190 3562 228 3631 οῦ
243 3562 367 3631 παῦεται
390 3560 408 3630 ό
425 3564 565 3647 διάβολος
583 3564 633 3631 διά
652 3573 711 3631 ταῖν
727 3569 845 3632 οίκείων
866 3573 981 3632 σκευῶν
998 3565 1175 3646 σπουδάζων
1191 3562 1261 3631 καθ’
1281 3566 1351 3632 ίαν-

189 3666 259 3747 τόν,
287 3670 338 3732 ἵνα
355 3663 394 3748 δη
410 3665 526 3743 πάντως
541 3666 577 3731 τά
591 3692 621 3732 τε
640 3670 732 3753 8περί
748 3676 801 3734 τοῦ
815 3675 924 3755 κυρίου
940 3672 1148 3754 προρρηθέντα
1163 3672 1213 3735 καί
1228 3667 1278 3735 διά
1295 3676 1351 3736 τοῦ

191 3766 278 3854 άγίου
293 3767 460 3836 ιίποστόλου
475 3769 641 3852 σύμφωνα,
664 3766 705 3846 τίς
723 3772 771 3836 έπί
790 3779 969 3862 προφυλακῇ
990 3780 1074 3837 *τῶν
1096 3779 1227 3851 πιστοῦν,
1258 3799 1352 3854 κηρυ·

190 3875 299 3957 χθέντα
313 3875 355 3949 είς
372 3871 554 3938 άποσεασίαν
569 3870 735 3956 έργάσηται,
759 3874 885 3940 έπινοῦν
903 3875 1077 3957 ιιαινισμοῦς
1091 3872 1165 3940 κατά
1180 3881 1233 3956 τῆς
1249 3876 1351 3957 έκκλη-

192 3981 343 4056 σιαστικῆς
358 3980 492 4053 πίστεως,
516 3976 565 4040 καί
583 3983 637 4040 νῦν
651 3978 683 4040 έν
697 3976 852 4059 μορφοόσει
864 3977 945 4055 τινάς
959 3977 1107 4060 εῦσεβείας
1123 3976 1349 4056 οἰκειώσασθαι,

191 4078 243 4143 καί
269 4076 413 4159 βεβήλους
435 4082 638 4157 καινυφωνίας
658 4075 697 4143 δι’
721 4075 819 4145 αὐτῶν
847 4082 1002 4162 ἐπινοῆσαι
1024 4080 1099 4146 κατά
1125 4087 1179 4162 τῆς
1206 4077 1349 4160 εῦοεβυῦς

190 4177 383 4266 γνησιότητος
403 4186 456 4245 τοῦ
478 4187 658 4266 μονογενοῦς
675 4185 746 4246 υίοῦ
763 4188 817 4248 τοῦ
832 4189 926 4259 θεοῦ,
955 4181 1099 4265 πρότερον
1114 4183 1166 4263 μίν
1185 4179 1348 4259 άκοῦοντες

190 4393 198 4437 Ι
225 4317 248 4369 7.
269 4318 326 4378 „Do
340 4317 389 4368 hoc
404 4317 460 4369 ίοεο
482 4319 582 4370 consule
597 4329 690 4370 ποίου(
706 4323 750 4371 Pe·
785 4335 858 4438 ow
881 4321 1066 4436 εγὺρτεοιιιιίι)
1092 4327 1113 4372 εί
1139 4321 1238 4370 Ριίσυίί.
1275 4321 1350 4384 Valeo

199 4401 268 4438 αι’έδίθ
784 4402 799 4437 (Ι
826 4404 838 4438 S
864 4403 879 4437 ss
906 4404 962 4439 lm

224 4463 248 4503 ε.
267 4448 313 4522 οῦχ
328 4457 422 4516 reposui
437 4469 467 4505 ιτ
482 4459 641 4506 emendatione
660 4459 749 4507 Corna-
816 4457 839 4505 9.
858 4450 927 4509 υιίτώ
946 4460 996 4508 cod.
1017 4459 1112 4518 ίίλιδίη.

189 4525 394 4591 περινοστοίη
418 4527 482 4574 ίιεε
497 4535 635 4574 creaturum
653 4541 704 4574 nou
721 4532 748 4573 ut
817 4522 876 4574 (λιν.
891 4526 921 4574 ΙΙ.
939 4554 970 4564 -
1007 4526 1028 4575 ί.
1047 4522 1085 4578 δτι
1107 4520 1158 4591 μὴν
1181 4526 1350 4591 corrigendum
