3096 5070
440 305 578 361 raanan
594 306 660 363 cre.
673 310 717 363 ιιι.
734 305 817 364 rou.
828 311 848 361 ι.
866 310 967 363 naen.
978 307 1098 365 cxxvi.
1284 298 1344 364 tal

187 425 234 493 eie
256 426 389 512 inprimis
407 427 534 513 optabile
559 439 606 492 est
621 440 653 494 ut
672 429 736 495 eius
752 452 810 515 quo
829 431 941 514 indiget
955 431 1068 514 copiam
1087 431 1122 493 ad
1142 429 1277 495 solatium
1298 432 1349 495 ba·

188 530 274 608 teet,
304 539 355 593 eut
371 531 396 593 si
415 531 511 596 minue
536 532 653 616 assequi
676 532 787 617 possit,
820 534 925 597 saltem
945 533 1052 598 crebro
1074 532 1103 596 iu
1123 554 1261 598 sermone
1279 534 1349 598 illud

188 644 321 718 usurpet.
366 629 452 697 Unde
465 645 495 697 et
510 645 553 712 tu,
578 655 643 698 cum
658 635 763 720 impius
780 656 815 698 ac
833 636 881 700 dei
898 635 940 699 sis
956 656 1077 721 expers,
1101 636 1176 722 qnod
1196 657 1283 700 rrrrum
1303 657 1350 700 re·

187 746 258 815 aaut,
282 754 356 800 voco
373 746 459 799 tenus
474 737 651 822 proterendo
665 735 743 801 illius
760 737 878 802 nomine
891 748 950 802 tete
966 739 1113 817 venditas,
1137 738 1272 823 quoniam
1289 738 1351 823 qui·

187 839 268 917 dem,
292 838 368 921 quod
384 839 418 902 ad
437 830 670 920 eiuslimorern,
696 841 801 918 ladem,
832 861 932 925 spem,
964 851 993 905 et
1009 861 1079 924 erga
1099 840 1178 904 illurn
1197 841 1349 905 caritatem

188 940 312 1018 attinet,
337 962 484 1024 nunquam
499 941 579 1005 illum
601 963 671 1006 rere
687 942 717 1005 in
729 943 946 1027 possessiouem
962 942 1100 1006 habuisti.
1142 943 1261 1028 Alioqui
1277 943 1350 1007 satis

189 1062 259 1109 esse
276 1044 415 1107 crederes
432 1045 524 1108 semel
549 1045 625 1108 istud
638 1043 758 1128 eloqui,
792 1065 885 1128 nrqnc
911 1044 1122 1130 praescriptum
1147 1046 1280 1109 ordinem
1303 1065 1351 1109 se·

188 1147 323 1230 riemque
347 1146 559 1230 praetergredi.
605 1144 766 1210 Manifesta
793 1146 908 1231 quidem
933 1158 979 1211 est
994 1169 1010 1210 a
1027 1148 1176 1212 salvatore
1200 1157 1303 1211 contra
1322 1156 1351 1210 tc

189 1246 378 1337 pronuntiata
393 1249 558 1328 sententia,
588 1254 621 1311 A
632 1250 776 1331 fructibus
793 1271 889 1311 eorum
906 1255 1082 1330 cognoscens
1099 1256 1193 1332 r‘paosa
1218 1270 1255 1314 eo
1273 1250 1348 1334 quod
1358 1256 1505 1315 Metti-mt-

191 1372 257 1417 oum
276 1349 340 1414 ovis
364 1351 439 1434 pelle
456 1350 498 1414 sis
514 1350 689 1431 obvolutus,
722 1352 801 1415 intus
826 1373 919 1437 rapax
936 1373 987 1433 es,
1019 1364 1048 1416 et
1068 1375 1134 1417 cunr
1151 1353 1218 1438 lupo
1235 1373 1353 1435 compa·

191 1464 286 1520 ratus.
334 1451 451 1517 Etenim
473 1454 499 1517 si
525 1475 541 1515 a
564 1454 668 1540 spiritu
693 1465 796 1517 sancto
823 1454 941 1536 genitus
965 1476 1068 1534 esses,
1104 1457 1203 1520 lacero
1228 1464 1257 1518 te
1282 1454 1352 1518 illud

195 1554 365 1643 mdabat,
400 1566 432 1618 ut
460 1556 555 1620 sacris
584 1556 719 1620 omuibus
743 1555 892 1620 codicibus
918 1557 1097 1642 persolutis,
1135 1578 1152 1622 a
1175 1556 1288 1621 Genesi
1315 1557 1353 1620 ad

195 1654 330 1723 noteris
348 1668 492 1742 tempora,
516 1659 563 1743 qui
582 1671 651 1722 sunt
665 1668 777 1743 septem
794 1668 825 1721 et
840 1658 944 1741 viginti
963 1658 1029 1722 iibri
1045 1659 1211 1723 testamenti
1228 1658 1351 1737 veteris,

197 1755 336 1824 etxxtt
360 1772 567 1840 numerantur,
599 1772 659 1824 tum
676 1761 873 1824 sacrosanctis
896 1758 937 1825 tv
956 1762 1138 1845 evangeliis,
1169 1772 1199 1825 et
1216 1758 1251 1824 S.
1270 1758 1354 1824 Pauli

198 1857 274 1927 xtv
293 1863 442 1948 epistolis,
477 1884 532 1927 nec
550 1884 607 1926 non
625 1875 655 1926 et
670 1863 878 1948 apostolorum
896 1862 999 1940 Actis,
1032 1885 1106 1948 quae
1130 1864 1177 1928 vel
1199 1863 1353 1948 superiora

192 1964 254 2030 itis
272 1974 421 2049 tempora,
446 1967 493 2030 vel
512 1966 677 2050 posteriora
694 1966 863 2044 continent,
896 1965 1047 2030 catholicis
1070 1967 1138 2029 itcrn
1156 1965 1287 2050 epistolis
1309 1963 1354 2028 la·

196 2067 279 2147 cubi,
311 2065 412 2146 Petri,
448 2065 585 2147 loannis,
619 2079 647 2130 et
674 2065 780 2147 ludae,
811 2067 988 2152 Apocalypsi
1013 2065 1150 2146 loannis,
1182 2065 1354 2153 Sapientiae

196 2190 314 2256 qnoque
339 2168 439 2248 libris,
472 2170 527 2233 bec
548 2179 596 2233 est
618 2168 806 2249 Salomonis,
841 2170 893 2234 lilii
912 2168 1038 2248 sirach,
1072 2170 1206 2234 omnibus
1230 2170 1355 2253 deniquo

196 2272 361 2358 scripturae
385 2273 467 2337 libris
492 2272 657 2358 percursis,
693 2272 878 2357 temetipsum
904 2273 1078 2351 damnares,
1093 2285 1096 2289 “
1111 2273 1186 2356 qnod
1213 2272 1356 2337 eiusmodi

195 2395 323 2453 nomen,
353 2376 462 2459 dequo
480 2375 557 2438 nulla
574 2375 749 2458 situsquam
768 2376 894 2454 merrtio,
927 2375 1011 2438 nobis
1029 2374 1137 2438 afferre
1164 2396 1222 2439 non
1242 2375 1355 2437 dubita·

195 2478 290 2543 veris.
336 2473 392 2540 Est
408 2478 485 2541 enim
503 2477 625 2560 ingeniti
642 2497 749 2540 nomen
766 2476 883 2540 minime
899 2476 968 2540 illud
984 2477 1100 2562 quidem
1117 2477 1268 2561 indignum
1286 2478 1354 2553 deo,

196 2591 229 2646 ut
244 2579 333 2644 etiam
350 2580 485 2664 pietatem
503 2579 652 2658 redoleat,
675 2599 776 2644 verum
794 2599 934 2663 nusquam
953 2580 982 2643 in
998 2579 1151 2665 scripturis
1167 2598 1354 2664 expressum.

196 2679 306 2768 Neque
323 2702 396 2746 rero
412 2683 485 2745 edeo
505 2681 570 2766 quis
592 2702 716 2766 uuquam
734 2680 856 2745 insanus
874 2682 991 2761 extitit,
1025 2682 1154 2766 genitum
1173 2691 1205 2745 ut
1222 2701 1288 2745 esse
1307 2701 1358 2742 co·

198 2785 307 2871 §taam
322 2783 425 2862 deum,
459 2804 553 2868 neque
577 2785 613 2847 ob
629 2784 758 2869 genitum
786 2784 877 2848 filium
902 2805 1026 2848 necesse
1052 2784 1106 2849 luit
1125 2785 1218 2848 solum
1244 2794 1357 2869 patrem

200 2886 362 2974 ingenitum
378 2887 463 2950 deum
481 2886 644 2972 appellare,
679 2907 716 2950 ue
737 2885 802 2971 quis
824 2886 853 2949 in
871 2897 953 2972 patre
977 2886 1042 2950 solo
1067 2908 1169 2951 verum
1190 2885 1265 2950 istud
1289 2904 1357 2948 esse

202 2989 256 3052 tibi
278 2989 468 3075 persuadeat,
504 2990 555 3052 sed
579 3000 609 3052 et
631 2988 692 3052 lulio
714 3010 748 3052 ac
773 2989 886 3074 spiritui
911 2999 1013 3052 sancto
1036 2990 1209 3054 conr'cnire.
1263 2986 1358 3052 Recta

175 3163 184 3172 ι
204 3091 305 3177 qnippe
321 3090 397 3156 ratio
413 3101 443 3154 et
457 3091 578 3177 spiritus
599 3102 719 3155 sauctus
738 3091 871 3155 veritatis
895 3091 973 3154 lilios
992 3092 1098 3154 doceat
1123 3113 1181 3155 nou
1206 3102 1358 3176 tantopere

202 3192 274 3258 illud
287 3194 486 3258 admirandum
505 3214 592 3273 esse,
615 3195 666 3259 sed
683 3216 736 3280 pro
751 3215 788 3257 eo
803 3204 891 3278 atque
906 3215 922 3258 a
940 3193 1025 3257 uobis
1045 3195 1193 3278 exigitur,
1225 3194 1359 3279 quodque

201 3295 234 3360 in
251 3295 334 3361 uobis
350 3297 415 3383 piae
429 3296 553 3361 rationis
570 3297 666 3377 inest,
690 3298 727 3360 de
743 3296 841 3361 diuina
862 3295 1015 3360 maiestate
1032 3296 1229 3361 sentiendum.
1278 3294 1360 3379 Quo·

203 3397 282 3463 uiam
298 3397 387 3484 igitur
402 3399 551 3483 ingenitus
570 3401 641 3463 deus
663 3410 725 3479 est,
757 3399 842 3483 idque
864 3399 941 3462 ultro
963 3399 1140 3463 confutemur
1162 3418 1283 3477 omncs,
1318 3401 1360 3460 ta'-

204 3501 289 3567 metsi
306 3502 385 3566 nullo
403 3522 419 3565 e
435 3501 599 3588 scripturae
616 3502 681 3565 loco
700 3502 882 3588 comprobari
907 3502 962 3565 boc
978 3501 1180 3587 appellationis
1197 3521 1291 3584 genus
1309 3521 1362 3584 po·

203 3610 280 3683 lest,
315 3604 367 3667 sed
390 3625 406 3666 a
431 3604 515 3667 uobis
543 3604 615 3690 ipsis
637 3614 724 3688 atque
747 3624 786 3667 ex
808 3605 855 3690 pia
877 3605 926 3668 illa
950 3604 1175 3668 ratiocinatione
1198 3604 1360 3688 proiectum

203 3714 266 3787 est,
301 3706 337 3769 ad
367 3726 434 3769 eum
463 3705 580 3769 modum
611 3706 764 3769 seirenes
787 3716 818 3768 et
840 3706 1011 3770 existimare
1040 3717 1272 3770 consentaneum
1301 3714 1358 3766 est.

199 3803 270 3874 Cur
290 3809 367 3872 enim
393 3809 423 3872 iu
446 3829 501 3884 eo,
537 3807 612 3892 quod
635 3807 766 3889 genitum
789 3818 853 3886 est,
888 3807 1037 3872 essentiae
1065 3805 1222 3870 divortium
1245 3805 1361 3890 aliquod

204 3909 280 3990 erit,
304 3911 329 3975 si
346 3910 437 3996 geniti
460 3929 565 3972 nomeu
589 3908 616 3972 ei
631 3909 735 3973 merito
757 3920 919 3991 congruat,
943 3931 978 3973 ac
997 3910 1121 3974 naturali
1145 3909 1286 3993 quadam,
1310 3908 1363 3971 sed
1467 3944 1475 3953 ·

204 4010 404 4099 lttcxplicebili
422 4031 456 4076 ao
472 4021 531 4074 tam
553 4011 609 4075 deo
632 4011 705 4097 patri
727 4031 812 4095 quam
836 4011 862 4074 ei
879 4010 927 4096 qui
950 4011 1052 4075 abillo
1075 4012 1148 4076 citra
1173 4021 1286 4096 tempus
1308 4009 1363 4073 ini·

138 4196 159 4205 Ι,
204 4114 335 4202 lineaque
362 4114 479 4199 genitus
502 4125 549 4178 est
570 4113 757 4179 convenienti
785 4113 917 4192 ratione,
953 4113 1120 4198 etquidem
1143 4134 1216 4177 vere
1239 4135 1274 4178 ac
1296 4133 1364 4198 pro·

205 4218 284 4306 prio,
309 4239 368 4283 uon
386 4217 448 4282 sola
467 4217 549 4281 vocis
567 4217 709 4283 abusione
731 4215 895 4282 tribuatur?
938 4213 1097 4281 Undenas
1119 4236 1213 4302 neque
1237 4223 1364 4281 croatam

205 4438 251 4476 aee
269 4423 337 4476 bene
354 4422 474 4492 pietatem
488 4437 579 4483 nosce,
608 4421 676 4490 quod
690 4421 726 4474 sic
739 4440 768 4474 aa
835 4421 858 4476 7.
885 4421 1053 4488 γεγεννῆσθαι
1078 4423 1147 4475 codd.
1172 4436 1227 4474 mec
1257 4419 1366 4488 γεγενῆ-

204 4491 295 4559 babet)
319 4498 342 4543 et
357 4493 475 4544 Petoutue.
509 4492 575 4541 tram
596 4493 681 4543 tabent
697 4489 720 4545 cl
736 4489 767 4546 at
800 4491 863 4545 ebur
878 4491 935 4542 edita·
952 4492 1013 4542 trbrt

240 4558 266 4613 6.
282 4562 390 4612 aalma
407 4558 444 4621 cle
460 4555 489 4614 ad
507 4558 633 4626 pomata.

259 4639 579 4699 carpocra-amaus.
1124 4651 1162 4715 16
