<?xml version="1.0" encoding="UTF-8"?>
<!DOCTYPE html PUBLIC "-//W3C//DTD XHTML 1.0 Transitional//EN"
    "http://www.w3.org/TR/xhtml1/DTD/xhtml1-transitional.dtd">
<html xmlns="http://www.w3.org/1999/xhtml" xml:lang="en" lang="en">
 <head>
  <title>
</title>
<meta http-equiv="Content-Type" content="text/html;charset=utf-8" />
  <meta name='ocr-system' content='tesseract 3.04.00' />
  <meta name='ocr-capabilities' content='ocr_page ocr_carea ocr_par ocr_line ocrx_word'/>
</head>
<body>
  <div class='ocr_page' id='page_1' title='image "./corporishaerese00unkngoog/corporishaerese00unkngoog_0640.png"; bbox 0 0 3096 5070; ppageno 0'>
   <div class='ocr_carea' id='block_1_1' title="bbox 497 280 1345 356">
    <p class='ocr_par' dir='ltr' id='par_1_1' title="bbox 497 280 1345 356">
     <span class='ocr_line' id='line_1_1' title="bbox 497 280 1345 356; baseline -0.012 -1"><span class='ocrx_word' id='word_1_1' title='bbox 497 303 583 356; x_wconf 81' lang='grc' dir='ltr'><strong>τοτα</strong></span> <span class='ocrx_word' id='word_1_2' title='bbox 600 303 727 355; x_wconf 71' lang='lat' dir='ltr'>motus</span> <span class='ocrx_word' id='word_1_3' title='bbox 744 302 826 355; x_wconf 78' lang='grc' dir='ltr'><strong>τιτι</strong></span> <span class='ocrx_word' id='word_1_4' title='bbox 844 298 1036 354; x_wconf 77' lang='grc' dir='ltr'><strong>οουτιτιοιι.</strong></span> <span class='ocrx_word' id='word_1_5' title='bbox 1283 280 1345 346; x_wconf 79' lang='grc'><strong>633</strong></span> 
     </span>
    </p>
   </div>
   <div class='ocr_carea' id='block_1_2' title="bbox 190 410 1350 3045">
    <p class='ocr_par' dir='ltr' id='par_1_2' title="bbox 190 410 1350 3045">
     <span class='ocr_line' id='line_1_2' title="bbox 192 410 1349 493; baseline -0.011 -10"><span class='ocrx_word' id='word_1_6' title='bbox 192 445 272 483; x_wconf 84' lang='grc' dir='ltr'><strong>νονται</strong></span> <span class='ocrx_word' id='word_1_7' title='bbox 288 426 332 481; x_wconf 86' lang='grc' dir='ltr'><strong>καλ</strong></span> <span class='ocrx_word' id='word_1_8' title='bbox 349 427 461 493; x_wconf 87' lang='grc' dir='ltr'><strong>λέγουσιν</strong></span> <span class='ocrx_word' id='word_1_9' title='bbox 475 419 531 489; x_wconf 85' lang='grc' dir='ltr'><strong>ότι,</strong></span> <span class='ocrx_word' id='word_1_10' title='bbox 557 419 649 491; x_wconf 84' lang='grc' dir='ltr'><strong>Ταῦτη</strong></span> <span class='ocrx_word' id='word_1_11' title='bbox 665 425 699 492; x_wconf 84' lang='grc' dir='ltr'><strong>τῆ</strong></span> <span class='ocrx_word' id='word_1_12' title='bbox 716 417 772 492; x_wconf 81' lang='grc' dir='ltr'><strong>ῦρᾳ</strong></span> <span class='ocrx_word' id='word_1_13' title='bbox 790 421 901 489; x_wconf 79' lang='grc' dir='ltr'><strong>οῆμερον</strong></span> <span class='ocrx_word' id='word_1_14' title='bbox 916 416 937 488; x_wconf 85' lang='grc' dir='ltr'><strong>ῆ</strong></span> <span class='ocrx_word' id='word_1_15' title='bbox 950 415 1046 486; x_wconf 81' lang='grc' dir='ltr'><strong>Κόρη,</strong></span> <span class='ocrx_word' id='word_1_16' title='bbox 1064 416 1191 472; x_wconf 70' lang='grc' dir='ltr'><strong>τουτέστιν</strong></span> <span class='ocrx_word' id='word_1_17' title='bbox 1207 410 1226 483; x_wconf 68' lang='grc' dir='ltr'><strong>η’</strong></span> <span class='ocrx_word' id='word_1_18' title='bbox 1244 414 1349 480; x_wconf 89' lang='grc' dir='ltr'><strong>Παρθέ-</strong></span> 
     </span>
     <span class='ocr_line' id='line_1_3' title="bbox 193 498 1349 581; baseline -0.013 -12"><span class='ocrx_word' id='word_1_19' title='bbox 193 530 236 575; x_wconf 87' lang='grc' dir='ltr'><strong>νσς</strong></span> <span class='ocrx_word' id='word_1_20' title='bbox 248 511 367 581; x_wconf 83' lang='grc' dir='ltr'><strong>έγίννησι</strong></span> <span class='ocrx_word' id='word_1_21' title='bbox 382 508 426 564; x_wconf 82' lang='grc' dir='ltr'><strong>τόν</strong></span> <span class='ocrx_word' id='word_1_22' title='bbox 442 509 537 564; x_wconf 74' lang='grc' dir='ltr'><strong>έίῶνα.</strong></span> <span class='ocrx_word' id='word_1_23' title='bbox 570 507 655 562; x_wconf 85' lang='grc' dir='ltr'><strong>Τοῦτο</strong></span> <span class='ocrx_word' id='word_1_24' title='bbox 669 506 699 562; x_wconf 77' lang='grc' dir='ltr'><strong>δέ</strong></span> <span class='ocrx_word' id='word_1_25' title='bbox 714 507 759 561; x_wconf 81' lang='grc' dir='ltr'><strong>καί</strong></span> <span class='ocrx_word' id='word_1_26' title='bbox 775 505 801 561; x_wconf 88' lang='grc' dir='ltr'><strong>έν</strong></span> <span class='ocrx_word' id='word_1_27' title='bbox 815 505 906 576; x_wconf 81' lang='grc' dir='ltr'><strong>Πέτρᾳ</strong></span> <span class='ocrx_word' id='word_1_28' title='bbox 927 505 961 575; x_wconf 75' lang='grc' dir='ltr'><strong>τῇ</strong></span> <span class='ocrx_word' id='word_1_29' title='bbox 976 502 1048 560; x_wconf 89' lang='grc' dir='ltr'><strong>πόλει</strong></span> <span class='ocrx_word' id='word_1_30' title='bbox 1065 498 1235 570; x_wconf 88' lang='grc' dir='ltr'><strong>(μητρόπολις</strong></span> <span class='ocrx_word' id='word_1_31' title='bbox 1247 500 1277 556; x_wconf 84' lang='grc' dir='ltr'><strong>δέ</strong></span> <span class='ocrx_word' id='word_1_32' title='bbox 1293 499 1349 555; x_wconf 81' lang='grc' dir='ltr'><strong>ἐστι</strong></span> 
     </span>
     <span class='ocr_line' id='line_1_4' title="bbox 191 582 1350 666; baseline -0.012 -14"><span class='ocrx_word' id='word_1_33' title='bbox 191 599 240 664; x_wconf 88' lang='grc' dir='ltr'><strong>τῆς</strong></span> <span class='ocrx_word' id='word_1_34' title='bbox 254 592 389 666; x_wconf 84' lang='grc' dir='ltr'><strong>’Δραβίας,</strong></span> <span class='ocrx_word' id='word_1_35' title='bbox 415 589 475 662; x_wconf 72' lang='grc' dir='ltr'><strong>ἥτις</strong></span> <span class='ocrx_word' id='word_1_36' title='bbox 491 594 558 648; x_wconf 84' lang='grc' dir='ltr'><strong>ἐστίν</strong></span> <span class='ocrx_word' id='word_1_37' title='bbox 570 587 658 660; x_wconf 82' lang='grc' dir='ltr'><strong>Ἐδόμ</strong></span> <span class='ocrx_word' id='word_1_38' title='bbox 672 589 691 660; x_wconf 80' lang='grc' dir='ltr'><strong>η’</strong></span> <span class='ocrx_word' id='word_1_39' title='bbox 706 591 733 646; x_wconf 87' lang='grc' dir='ltr'><strong>ἐν</strong></span> <span class='ocrx_word' id='word_1_40' title='bbox 745 598 802 652; x_wconf 82' lang='grc' dir='ltr'><strong>ταῖς</strong></span> <span class='ocrx_word' id='word_1_41' title='bbox 818 592 842 643; x_wconf 93' lang='grc' dir='ltr'><strong>Γ</strong></span> <span class='ocrx_word' id='word_1_42' title='bbox 844 597 937 660; x_wconf 83' lang='grc' dir='ltr'><strong>ραφαίς</strong></span> <span class='ocrx_word' id='word_1_43' title='bbox 952 587 1146 657; x_wconf 73' lang='grc' dir='ltr'><strong>γεγραμμένη),</strong></span> <span class='ocrx_word' id='word_1_44' title='bbox 1170 585 1197 640; x_wconf 88' lang='grc' dir='ltr'><strong>ἐν</strong></span> <span class='ocrx_word' id='word_1_45' title='bbox 1211 586 1248 654; x_wconf 77' lang='grc' dir='ltr'><strong>τῷ</strong></span> <span class='ocrx_word' id='word_1_46' title='bbox 1264 582 1350 640; x_wconf 88' lang='grc' dir='ltr'><strong>ἐκείσε</strong></span> 
     </span>
     <span class='ocr_line' id='line_1_5' title="bbox 192 671 1348 753; baseline -0.012 -15"><span class='ocrx_word' id='word_1_47' title='bbox 192 682 301 753; x_wconf 86' lang='grc' dir='ltr'><strong>είδωλίῳ</strong></span> <span class='ocrx_word' id='word_1_48' title='bbox 317 676 399 742; x_wconf 86' lang='grc' dir='ltr'><strong>οῦτως</strong></span> <span class='ocrx_word' id='word_1_49' title='bbox 412 681 519 748; x_wconf 88' lang='grc' dir='ltr'><strong>γίνεται,</strong></span> <span class='ocrx_word' id='word_1_50' title='bbox 538 679 582 732; x_wconf 82' lang='grc' dir='ltr'><strong>καί</strong></span> <span class='ocrx_word' id='word_1_51' title='bbox 597 673 722 748; x_wconf 79' lang='grc' dir='ltr'><strong>’Δραβικῆ</strong></span> <span class='ocrx_word' id='word_1_52' title='bbox 739 676 865 746; x_wconf 89' lang='grc' dir='ltr'><strong>διαλέκτῳ</strong></span> <span class='ocrx_word' id='word_1_53' title='bbox 881 673 1015 743; x_wconf 73' lang='grc' dir='ltr'><strong>ἐξυμνοῦσι</strong></span> <span class='ocrx_word' id='word_1_54' title='bbox 1027 671 1074 739; x_wconf 81' lang='grc' dir='ltr'><strong>τῆν</strong></span> <span class='ocrx_word' id='word_1_55' title='bbox 1087 671 1224 740; x_wconf 81' lang='grc' dir='ltr'><strong>παρθένον,</strong></span> <span class='ocrx_word' id='word_1_56' title='bbox 1242 671 1348 726; x_wconf 85' lang='grc' dir='ltr'><strong>καλοῦν·</strong></span> 
     </span>
     <span class='ocr_line' id='line_1_6' title="bbox 191 752 1350 836; baseline -0.011 -13"><span class='ocrx_word' id='word_1_57' title='bbox 191 784 234 829; x_wconf 90' lang='grc' dir='ltr'><strong>τες</strong></span> <span class='ocrx_word' id='word_1_58' title='bbox 251 763 333 835; x_wconf 84' lang='grc' dir='ltr'><strong>αῦτῆν</strong></span> <span class='ocrx_word' id='word_1_59' title='bbox 354 763 488 836; x_wconf 82' lang='grc' dir='ltr'><strong>’λραβιστλ</strong></span> <span class='ocrx_word' id='word_1_60' title='bbox 509 764 634 834; x_wconf 82' lang='grc' dir='ltr'><strong>Χααβοῦ,</strong></span> <span class='ocrx_word' id='word_1_61' title='bbox 656 761 784 817; x_wconf 73' lang='grc' dir='ltr'><strong>τουτέστιν</strong></span> <span class='ocrx_word' id='word_1_62' title='bbox 803 758 906 828; x_wconf 81' lang='grc' dir='ltr'><strong>Κόρην,</strong></span> <span class='ocrx_word' id='word_1_63' title='bbox 930 756 1008 827; x_wconf 80' lang='grc' dir='ltr'><strong>ἤγουν</strong></span> <span class='ocrx_word' id='word_1_64' title='bbox 1031 757 1176 825; x_wconf 76' lang='grc' dir='ltr'><strong>Παρθένον,</strong></span> <span class='ocrx_word' id='word_1_65' title='bbox 1202 756 1247 810; x_wconf 87' lang='grc' dir='ltr'><strong>καί</strong></span> <span class='ocrx_word' id='word_1_66' title='bbox 1263 752 1306 811; x_wconf 87' lang='grc' dir='ltr'><strong>τόν</strong></span> <span class='ocrx_word' id='word_1_67' title='bbox 1320 753 1350 819; x_wconf 76' lang='grc' dir='ltr'><strong>ἐξ</strong></span> 
     </span>
     <span class='ocr_line' id='line_1_7' title="bbox 192 837 1350 920; baseline -0.012 -12"><span class='ocrx_word' id='word_1_68' title='bbox 192 849 274 920; x_wconf 87' lang='grc' dir='ltr'><strong>αῦιῆς</strong></span> <span class='ocrx_word' id='word_1_69' title='bbox 289 850 466 920; x_wconf 68' lang='grc' dir='ltr'><strong>γεγεννημένῳ</strong></span> <span class='ocrx_word' id='word_1_70' title='bbox 480 849 625 917; x_wconf 85' lang='grc' dir='ltr'><strong>Δουσάρην,</strong></span> <span class='ocrx_word' id='word_1_71' title='bbox 641 847 770 902; x_wconf 90' lang='grc' dir='ltr'><strong>τουτέστιν</strong></span> <span class='ocrx_word' id='word_1_72' title='bbox 784 845 914 914; x_wconf 84' lang='grc' dir='ltr'><strong>Μονογινῆ</strong></span> <span class='ocrx_word' id='word_1_73' title='bbox 931 845 975 898; x_wconf 91' lang='grc' dir='ltr'><strong>τοῦ</strong></span> <span class='ocrx_word' id='word_1_74' title='bbox 993 841 1127 900; x_wconf 85' lang='grc' dir='ltr'><strong>δεσπότου.</strong></span> <span class='ocrx_word' id='word_1_75' title='bbox 1162 842 1246 896; x_wconf 87' lang='grc' dir='ltr'><strong>Τοῦτο</strong></span> <span class='ocrx_word' id='word_1_76' title='bbox 1261 837 1291 896; x_wconf 80' lang='grc' dir='ltr'><strong>δέ</strong></span> <span class='ocrx_word' id='word_1_77' title='bbox 1304 840 1350 895; x_wconf 87' lang='grc' dir='ltr'><strong>καί</strong></span> 
     </span>
     <span class='ocr_line' id='line_1_8' title="bbox 192 921 1349 1009; baseline -0.011 -17"><span class='ocrx_word' id='word_1_78' title='bbox 192 936 218 992; x_wconf 88' lang='grc' dir='ltr'><strong>έν</strong></span> <span class='ocrx_word' id='word_1_79' title='bbox 233 933 349 1005; x_wconf 81' lang='grc' dir='ltr'><strong>Ἐλοῦση</strong></span> <span class='ocrx_word' id='word_1_80' title='bbox 373 936 467 1003; x_wconf 88' lang='grc' dir='ltr'><strong>γίνεται</strong></span> <span class='ocrx_word' id='word_1_81' title='bbox 482 936 516 1005; x_wconf 83' lang='grc' dir='ltr'><strong>τῆ</strong></span> <span class='ocrx_word' id='word_1_82' title='bbox 530 931 604 989; x_wconf 86' lang='grc' dir='ltr'><strong>πόλει</strong></span> <span class='ocrx_word' id='word_1_83' title='bbox 625 928 681 989; x_wconf 85' lang='grc' dir='ltr'><strong>κατ’</strong></span> <span class='ocrx_word' id='word_1_84' title='bbox 697 932 795 1000; x_wconf 85' lang='grc' dir='ltr'><strong>ἐκείνην</strong></span> <span class='ocrx_word' id='word_1_85' title='bbox 809 930 856 999; x_wconf 82' lang='grc' dir='ltr'><strong>τῆν</strong></span> <span class='ocrx_word' id='word_1_86' title='bbox 871 930 964 1009; x_wconf 87' lang='grc' dir='ltr'><strong>νῦκτα,</strong></span> <span class='ocrx_word' id='word_1_87' title='bbox 989 925 1026 990; x_wconf 84' lang='grc' dir='ltr'><strong>ῶς</strong></span> <span class='ocrx_word' id='word_1_88' title='bbox 1041 927 1099 982; x_wconf 79' lang='grc' dir='ltr'><strong>ἐκεῖ</strong></span> <span class='ocrx_word' id='word_1_89' title='bbox 1112 926 1137 981; x_wconf 93' lang='grc' dir='ltr'><strong>έν</strong></span> <span class='ocrx_word' id='word_1_90' title='bbox 1151 928 1184 996; x_wconf 82' lang='grc' dir='ltr'><strong>τῆ</strong></span> <span class='ocrx_word' id='word_1_91' title='bbox 1201 921 1290 993; x_wconf 79' lang='grc' dir='ltr'><strong>Πέτρᾳ</strong></span> <span class='ocrx_word' id='word_1_92' title='bbox 1305 924 1349 979; x_wconf 88' lang='grc' dir='ltr'><strong>καί</strong></span> 
     </span>
     <span class='ocr_line' id='line_1_9' title="bbox 191 1007 1350 1090; baseline -0.011 -13"><span class='ocrx_word' id='word_1_93' title='bbox 191 1022 218 1077; x_wconf 83' lang='grc' dir='ltr'><strong>ἐν</strong></span> <span class='ocrx_word' id='word_1_94' title='bbox 231 1017 416 1090; x_wconf 63' lang='grc' dir='ltr'><strong>Ἀλεξανδρείᾳ.</strong></span> <span class='ocrx_word' id='word_1_95' title='bbox 449 1017 500 1074; x_wconf 82' lang='grc' dir='ltr'><strong>Ἐκ</strong></span> <span class='ocrx_word' id='word_1_96' title='bbox 513 1020 610 1074; x_wconf 87' lang='grc' dir='ltr'><strong>πολλῶν</strong></span> <span class='ocrx_word' id='word_1_97' title='bbox 624 1017 654 1074; x_wconf 83' lang='grc' dir='ltr'><strong>δλ</strong></span> <span class='ocrx_word' id='word_1_98' title='bbox 668 1014 869 1086; x_wconf 74' lang='grc' dir='ltr'><strong>ἠναγκάσθημεν</strong></span> <span class='ocrx_word' id='word_1_99' title='bbox 880 1017 1046 1084; x_wconf 78' lang='grc' dir='ltr'><strong>παραστῆσαι</strong></span> <span class='ocrx_word' id='word_1_100' title='bbox 1057 1010 1101 1068; x_wconf 82' lang='grc' dir='ltr'><strong>διὰ</strong></span> <span class='ocrx_word' id='word_1_101' title='bbox 1112 1009 1172 1072; x_wconf 84' lang='grc' dir='ltr'><strong>τοῦς</strong></span> <span class='ocrx_word' id='word_1_102' title='bbox 1184 1007 1350 1071; x_wconf 78' lang='grc' dir='ltr'><strong>ἀπειθοῦντας</strong></span> 
     </span>
     <span class='ocr_line' id='line_1_10' title="bbox 192 1095 1350 1174; baseline -0.011 -13"><span class='ocrx_word' id='word_1_103' title='bbox 192 1102 233 1163; x_wconf 84' lang='grc' dir='ltr'><strong>ότι</strong></span> <span class='ocrx_word' id='word_1_104' title='bbox 244 1105 277 1161; x_wconf 87' lang='grc' dir='ltr'><strong>τοὶ</strong></span> <span class='ocrx_word' id='word_1_105' title='bbox 292 1101 446 1174; x_wconf 74' lang='grc' dir='ltr'><strong>Ἐπιφάνεια</strong></span> <span class='ocrx_word' id='word_1_106' title='bbox 459 1106 546 1165; x_wconf 83' lang='grc' dir='ltr'><strong>καλῶς</strong></span> <span class='ocrx_word' id='word_1_107' title='bbox 560 1106 658 1172; x_wconf 78' lang='grc' dir='ltr'><strong>εἴρηται</strong></span> <span class='ocrx_word' id='word_1_108' title='bbox 672 1099 691 1171; x_wconf 71' lang='grc' dir='ltr'><strong>τί</strong></span> <span class='ocrx_word' id='word_1_109' title='bbox 707 1102 827 1169; x_wconf 89' lang='grc' dir='ltr'><strong>ίνσαρκος</strong></span> <span class='ocrx_word' id='word_1_110' title='bbox 843 1100 957 1170; x_wconf 88' lang='grc' dir='ltr'><strong>γέννησις</strong></span> <span class='ocrx_word' id='word_1_111' title='bbox 972 1101 1016 1153; x_wconf 86' lang='grc' dir='ltr'><strong>τοῦ</strong></span> <span class='ocrx_word' id='word_1_112' title='bbox 1034 1098 1165 1166; x_wconf 84' lang='grc' dir='ltr'><strong>σωτῆρος,</strong></span> <span class='ocrx_word' id='word_1_113' title='bbox 1188 1095 1350 1164; x_wconf 88' lang='grc' dir='ltr'><strong>γεννηθέντος</strong></span> 
     </span>
     <span class='ocr_line' id='line_1_11' title="bbox 191 1179 1349 1259; baseline -0.009 -14"><span class='ocrx_word' id='word_1_114' title='bbox 191 1188 270 1247; x_wconf 86' lang='grc' dir='ltr'><strong>αῦτοῦ</strong></span> <span class='ocrx_word' id='word_1_115' title='bbox 289 1190 332 1244; x_wconf 86' lang='grc' dir='ltr'><strong>καί</strong></span> <span class='ocrx_word' id='word_1_116' title='bbox 347 1190 507 1258; x_wconf 68' lang='grc' dir='ltr'><strong>ἐμφανέντας</strong></span> <span class='ocrx_word' id='word_1_117' title='bbox 526 1195 579 1250; x_wconf 90' lang='grc' dir='ltr'><strong>τοίς</strong></span> <span class='ocrx_word' id='word_1_118' title='bbox 591 1189 694 1256; x_wconf 79' lang='grc' dir='ltr'><strong>ποιμέσι</strong></span> <span class='ocrx_word' id='word_1_119' title='bbox 711 1188 805 1259; x_wconf 77' lang='grc' dir='ltr'><strong>καὶτῷ</strong></span> <span class='ocrx_word' id='word_1_120' title='bbox 820 1185 913 1256; x_wconf 88' lang='grc' dir='ltr'><strong>κόσμῳ</strong></span> <span class='ocrx_word' id='word_1_121' title='bbox 928 1183 972 1241; x_wconf 82' lang='grc' dir='ltr'><strong>διά</strong></span> <span class='ocrx_word' id='word_1_122' title='bbox 986 1185 1035 1253; x_wconf 86' lang='grc' dir='ltr'><strong>τῆς</strong></span> <span class='ocrx_word' id='word_1_123' title='bbox 1055 1185 1105 1238; x_wconf 85' lang='grc' dir='ltr'><strong>τῶν</strong></span> <span class='ocrx_word' id='word_1_124' title='bbox 1123 1179 1238 1250; x_wconf 87' lang='grc' dir='ltr'><strong>άγγέλων</strong></span> <span class='ocrx_word' id='word_1_125' title='bbox 1251 1199 1349 1249; x_wconf 81' lang='grc' dir='ltr'><strong>μαρτυ-</strong></span> 
     </span>
     <span class='ocr_line' id='line_1_12' title="bbox 194 1260 1349 1344; baseline -0.01 -13"><span class='ocrx_word' id='word_1_126' title='bbox 194 1276 257 1344; x_wconf 84' lang='grc' dir='ltr'><strong>φίας.</strong></span> <span class='ocrx_word' id='word_1_127' title='bbox 291 1271 424 1342; x_wconf 78' lang='grc' dir='ltr'><strong>Ἐπεφάνη</strong></span> <span class='ocrx_word' id='word_1_128' title='bbox 449 1273 480 1329; x_wconf 83' lang='grc' dir='ltr'><strong>δλ</strong></span> <span class='ocrx_word' id='word_1_129' title='bbox 502 1274 546 1330; x_wconf 90' lang='grc' dir='ltr'><strong>καλ</strong></span> <span class='ocrx_word' id='word_1_130' title='bbox 560 1275 594 1344; x_wconf 86' lang='grc' dir='ltr'><strong>τῆ</strong></span> <span class='ocrx_word' id='word_1_131' title='bbox 610 1274 697 1344; x_wconf 83' lang='grc' dir='ltr'><strong>Μαρίᾳ</strong></span> <span class='ocrx_word' id='word_1_132' title='bbox 718 1273 762 1328; x_wconf 83' lang='grc' dir='ltr'><strong>καί</strong></span> <span class='ocrx_word' id='word_1_133' title='bbox 779 1274 817 1341; x_wconf 85' lang='grc' dir='ltr'><strong>τῶ</strong></span> <span class='ocrx_word' id='word_1_134' title='bbox 832 1267 942 1339; x_wconf 86' lang='grc' dir='ltr'><strong>Ίωσῆφ.</strong></span> <span class='ocrx_word' id='word_1_135' title='bbox 976 1267 1023 1324; x_wconf 87' lang='grc' dir='ltr'><strong>Ἐν</strong></span> <span class='ocrx_word' id='word_1_136' title='bbox 1041 1268 1126 1337; x_wconf 84' lang='grc' dir='ltr'><strong>ἐκείνη</strong></span> <span class='ocrx_word' id='word_1_137' title='bbox 1140 1267 1216 1337; x_wconf 75' lang='grc' dir='ltr'><strong>δλτῄ</strong></span> <span class='ocrx_word' id='word_1_138' title='bbox 1233 1260 1290 1336; x_wconf 79' lang='grc' dir='ltr'><strong>ῶρρ</strong></span> <span class='ocrx_word' id='word_1_139' title='bbox 1305 1264 1349 1320; x_wconf 88' lang='grc' dir='ltr'><strong>καί</strong></span> 
     </span>
     <span class='ocr_line' id='line_1_13' title="bbox 193 1348 1349 1430; baseline -0.01 -13"><span class='ocrx_word' id='word_1_140' title='bbox 193 1357 307 1428; x_wconf 82' lang='grc' dir='ltr'><strong>όάστῆρ</strong></span> <span class='ocrx_word' id='word_1_141' title='bbox 322 1357 403 1428; x_wconf 82' lang='grc' dir='ltr'><strong>ἐφάνη</strong></span> <span class='ocrx_word' id='word_1_142' title='bbox 418 1359 444 1413; x_wconf 88' lang='grc' dir='ltr'><strong>ἐν</strong></span> <span class='ocrx_word' id='word_1_143' title='bbox 458 1361 492 1430; x_wconf 88' lang='grc' dir='ltr'><strong>τῆ</strong></span> <span class='ocrx_word' id='word_1_144' title='bbox 507 1356 615 1428; x_wconf 87' lang='grc' dir='ltr'><strong>άνατολῆ</strong></span> <span class='ocrx_word' id='word_1_145' title='bbox 630 1365 684 1420; x_wconf 82' lang='grc' dir='ltr'><strong>τοῖς</strong></span> <span class='ocrx_word' id='word_1_146' title='bbox 696 1356 797 1427; x_wconf 78' lang='grc' dir='ltr'><strong>Μάγοις</strong></span> <span class='ocrx_word' id='word_1_147' title='bbox 808 1355 858 1423; x_wconf 83' lang='grc' dir='ltr'><strong>πρό</strong></span> <span class='ocrx_word' id='word_1_148' title='bbox 872 1355 919 1412; x_wconf 89' lang='grc' dir='ltr'><strong>δῦο</strong></span> <span class='ocrx_word' id='word_1_149' title='bbox 934 1354 996 1410; x_wconf 81' lang='grc' dir='ltr'><strong>ἐτῶν</strong></span> <span class='ocrx_word' id='word_1_150' title='bbox 1009 1357 1059 1423; x_wconf 87' lang='grc' dir='ltr'><strong>τῆς</strong></span> <span class='ocrx_word' id='word_1_151' title='bbox 1073 1348 1156 1407; x_wconf 85' lang='grc' dir='ltr'><strong>αότῶν</strong></span> <span class='ocrx_word' id='word_1_152' title='bbox 1171 1351 1208 1414; x_wconf 84' lang='grc' dir='ltr'><strong>είς</strong></span> <span class='ocrx_word' id='word_1_153' title='bbox 1221 1349 1349 1418; x_wconf 88' lang='grc' dir='ltr'><strong>Ἱιρουοα-</strong></span> 
     </span>
     <span class='ocr_line' id='line_1_14' title="bbox 193 1433 1349 1514; baseline -0.009 -14"><span class='ocrx_word' id='word_1_154' title='bbox 193 1444 248 1513; x_wconf 81' lang='grc' dir='ltr'><strong>λῆμ</strong></span> <span class='ocrx_word' id='word_1_155' title='bbox 262 1445 306 1499; x_wconf 87' lang='grc' dir='ltr'><strong>καί</strong></span> <span class='ocrx_word' id='word_1_156' title='bbox 321 1443 443 1512; x_wconf 73' lang='grc' dir='ltr'><strong>Βηθλεέμ</strong></span> <span class='ocrx_word' id='word_1_157' title='bbox 456 1442 583 1514; x_wconf 78' lang='grc' dir='ltr'><strong>α’φίΕεως,</strong></span> <span class='ocrx_word' id='word_1_158' title='bbox 609 1438 653 1498; x_wconf 82' lang='grc' dir='ltr'><strong>ότι</strong></span> <span class='ocrx_word' id='word_1_159' title='bbox 668 1443 711 1498; x_wconf 81' lang='grc' dir='ltr'><strong>καί</strong></span> <span class='ocrx_word' id='word_1_160' title='bbox 727 1437 842 1514; x_wconf 76' lang='grc' dir='ltr'><strong>ἀκριβῶς</strong></span> <span class='ocrx_word' id='word_1_161' title='bbox 856 1439 870 1498; x_wconf 88' lang='grc' dir='ltr'><strong>ό</strong></span> <span class='ocrx_word' id='word_1_162' title='bbox 886 1437 1010 1508; x_wconf 86' lang='grc' dir='ltr'><strong>Ἡρῶδης</strong></span> <span class='ocrx_word' id='word_1_163' title='bbox 1031 1433 1182 1493; x_wconf 84' lang='grc' dir='ltr'><strong>ἐπυνθάνετο</strong></span> <span class='ocrx_word' id='word_1_164' title='bbox 1197 1433 1282 1492; x_wconf 86' lang='grc' dir='ltr'><strong>αῦτῶν</strong></span> <span class='ocrx_word' id='word_1_165' title='bbox 1298 1437 1349 1490; x_wconf 89' lang='grc' dir='ltr'><strong>τῶν</strong></span> 
     </span>
     <span class='ocr_line' id='line_1_15' title="bbox 192 1516 1349 1600; baseline -0.009 -15"><span class='ocrx_word' id='word_1_166' title='bbox 192 1529 290 1599; x_wconf 76' lang='grc' dir='ltr'><strong>Μάγων</strong></span> <span class='ocrx_word' id='word_1_167' title='bbox 304 1528 347 1584; x_wconf 89' lang='grc' dir='ltr'><strong>τόν</strong></span> <span class='ocrx_word' id='word_1_168' title='bbox 362 1527 450 1600; x_wconf 71' lang='grc' dir='ltr'><strong>χρόνον</strong></span> <span class='ocrx_word' id='word_1_169' title='bbox 471 1530 516 1583; x_wconf 88' lang='grc' dir='ltr'><strong>τοῦ</strong></span> <span class='ocrx_word' id='word_1_170' title='bbox 534 1529 654 1598; x_wconf 89' lang='grc' dir='ltr'><strong>φανέντος</strong></span> <span class='ocrx_word' id='word_1_171' title='bbox 674 1522 796 1595; x_wconf 85' lang='grc' dir='ltr'><strong>άστέρσς,</strong></span> <span class='ocrx_word' id='word_1_172' title='bbox 821 1527 866 1581; x_wconf 82' lang='grc' dir='ltr'><strong>καί</strong></span> <span class='ocrx_word' id='word_1_173' title='bbox 882 1521 1053 1597; x_wconf 51' lang='grc' dir='ltr'><strong>ῆκουοηπαά</strong></span> <span class='ocrx_word' id='word_1_174' title='bbox 1068 1519 1152 1577; x_wconf 89' lang='grc' dir='ltr'><strong>αῦτῶν</strong></span> <span class='ocrx_word' id='word_1_175' title='bbox 1170 1517 1211 1578; x_wconf 85' lang='grc' dir='ltr'><strong>ότι</strong></span> <span class='ocrx_word' id='word_1_176' title='bbox 1226 1516 1275 1577; x_wconf 86' lang='grc' dir='ltr'><strong>άπό</strong></span> <span class='ocrx_word' id='word_1_177' title='bbox 1293 1526 1349 1577; x_wconf 89' lang='grc' dir='ltr'><strong>διε-</strong></span> 
     </span>
     <span class='ocr_line' id='line_1_16' title="bbox 192 1602 1349 1683; baseline -0.01 -13"><span class='ocrx_word' id='word_1_178' title='bbox 192 1618 251 1677; x_wconf 88' lang='grc' dir='ltr'><strong>τοῦς</strong></span> <span class='ocrx_word' id='word_1_179' title='bbox 264 1614 309 1670; x_wconf 82' lang='grc' dir='ltr'><strong>καί</strong></span> <span class='ocrx_word' id='word_1_180' title='bbox 323 1614 469 1683; x_wconf 83' lang='grc' dir='ltr'><strong>κατωτέρω.</strong></span> <span class='ocrx_word' id='word_1_181' title='bbox 498 1607 536 1667; x_wconf 83' lang='grc' dir='ltr'>Ὃ</span> <span class='ocrx_word' id='word_1_182' title='bbox 550 1613 595 1669; x_wconf 82' lang='grc' dir='ltr'><strong>καί</strong></span> <span class='ocrx_word' id='word_1_183' title='bbox 610 1610 674 1670; x_wconf 82' lang='grc' dir='ltr'><strong>αότό</strong></span> <span class='ocrx_word' id='word_1_184' title='bbox 690 1611 719 1668; x_wconf 86' lang='grc' dir='ltr'><strong>τό</strong></span> <span class='ocrx_word' id='word_1_185' title='bbox 737 1613 810 1681; x_wconf 84' lang='grc' dir='ltr'><strong>βῆμα</strong></span> <span class='ocrx_word' id='word_1_186' title='bbox 824 1613 874 1666; x_wconf 88' lang='grc' dir='ltr'><strong>τῶν</strong></span> <span class='ocrx_word' id='word_1_187' title='bbox 888 1602 1044 1679; x_wconf 73' lang='grc' dir='ltr'><strong>Ἐπιφάνίων</strong></span> <span class='ocrx_word' id='word_1_188' title='bbox 1067 1608 1175 1664; x_wconf 80' lang='grc' dir='ltr'><strong>ἐποιεῖτο</strong></span> <span class='ocrx_word' id='word_1_189' title='bbox 1189 1605 1236 1676; x_wconf 83' lang='grc' dir='ltr'><strong>τῆν</strong></span> <span class='ocrx_word' id='word_1_190' title='bbox 1250 1606 1349 1661; x_wconf 87' lang='grc' dir='ltr'><strong>έπωνυ·</strong></span> 
     </span>
     <span class='ocr_line' id='line_1_17' title="bbox 193 1690 1349 1768; baseline -0.009 -13"><span class='ocrx_word' id='word_1_191' title='bbox 193 1701 251 1768; x_wconf 90' lang='grc' dir='ltr'><strong>μίαν</strong></span> <span class='ocrx_word' id='word_1_192' title='bbox 271 1700 301 1754; x_wconf 88' lang='grc' dir='ltr'><strong>ἐκ</strong></span> <span class='ocrx_word' id='word_1_193' title='bbox 322 1701 367 1754; x_wconf 90' lang='grc' dir='ltr'><strong>τοῦ</strong></span> <span class='ocrx_word' id='word_1_194' title='bbox 387 1697 431 1755; x_wconf 82' lang='grc' dir='ltr'><strong>τόν</strong></span> <span class='ocrx_word' id='word_1_195' title='bbox 447 1696 569 1767; x_wconf 83' lang='grc' dir='ltr'><strong>Ἠρῶδην</strong></span> <span class='ocrx_word' id='word_1_196' title='bbox 591 1699 672 1766; x_wconf 86' lang='grc' dir='ltr'><strong>λέγειν</strong></span> <span class='ocrx_word' id='word_1_197' title='bbox 687 1699 731 1752; x_wconf 88' lang='grc' dir='ltr'><strong>τοῦ</strong></span> <span class='ocrx_word' id='word_1_198' title='bbox 754 1697 872 1766; x_wconf 82' lang='grc' dir='ltr'><strong>φανέντος</strong></span> <span class='ocrx_word' id='word_1_199' title='bbox 888 1692 1001 1763; x_wconf 87' lang='grc' dir='ltr'><strong>α’στέρος.</strong></span> <span class='ocrx_word' id='word_1_200' title='bbox 1037 1694 1079 1749; x_wconf 84' lang='grc' dir='ltr'><strong>Διό</strong></span> <span class='ocrx_word' id='word_1_201' title='bbox 1097 1696 1148 1748; x_wconf 86' lang='grc' dir='ltr'><strong>τῶν</strong></span> <span class='ocrx_word' id='word_1_202' title='bbox 1165 1692 1211 1761; x_wconf 78' lang='grc' dir='ltr'><strong>μὶν</strong></span> <span class='ocrx_word' id='word_1_203' title='bbox 1226 1690 1349 1761; x_wconf 89' lang='grc' dir='ltr'><strong>λεγόντων</strong></span> 
     </span>
     <span class='ocr_line' id='line_1_18' title="bbox 192 1775 1348 1856; baseline -0.008 -17"><span class='ocrx_word' id='word_1_204' title='bbox 192 1780 247 1850; x_wconf 80' lang='grc' dir='ltr'><strong>ότι,</strong></span> <span class='ocrx_word' id='word_1_205' title='bbox 273 1785 331 1839; x_wconf 89' lang='grc' dir='ltr'><strong>Ποῦ</strong></span> <span class='ocrx_word' id='word_1_206' title='bbox 348 1783 416 1838; x_wconf 76' lang='grc' dir='ltr'><strong>ἐστιν</strong></span> <span class='ocrx_word' id='word_1_207' title='bbox 430 1780 444 1839; x_wconf 88' lang='grc' dir='ltr'><strong>ό</strong></span> <span class='ocrx_word' id='word_1_208' title='bbox 459 1782 578 1856; x_wconf 78' lang='grc' dir='ltr'><strong>βασιλεῦς</strong></span> <span class='ocrx_word' id='word_1_209' title='bbox 594 1781 608 1839; x_wconf 85' lang='grc' dir='ltr'><strong>ά</strong></span> <span class='ocrx_word' id='word_1_210' title='bbox 624 1783 726 1854; x_wconf 84' lang='grc' dir='ltr'><strong>τεγθείς</strong></span> <span class='ocrx_word' id='word_1_211' title='bbox 740 1784 792 1837; x_wconf 85' lang='grc' dir='ltr'><strong>τῶν</strong></span> <span class='ocrx_word' id='word_1_212' title='bbox 805 1778 950 1843; x_wconf 67' lang='grc' dir='ltr'><strong>Ἰουδαίωνι</strong></span> <span class='ocrx_word' id='word_1_213' title='bbox 976 1783 1075 1852; x_wconf 75' lang='grc' dir='ltr'><strong>εἴδομεν</strong></span> <span class='ocrx_word' id='word_1_214' title='bbox 1091 1779 1160 1848; x_wconf 86' lang='lat' dir='ltr'>(cod.</span> <span class='ocrx_word' id='word_1_215' title='bbox 1175 1778 1283 1846; x_wconf 76' lang='grc' dir='ltr'><strong>ἴδωμεν)</strong></span> <span class='ocrx_word' id='word_1_216' title='bbox 1300 1775 1348 1845; x_wconf 80' lang='grc' dir='ltr'><strong>γάρ</strong></span> 
     </span>
     <span class='ocr_line' id='line_1_19' title="bbox 193 1860 1349 1940; baseline -0.007 -15"><span class='ocrx_word' id='word_1_217' title='bbox 193 1866 270 1925; x_wconf 85' lang='grc' dir='ltr'><strong>αῦτοῦ</strong></span> <span class='ocrx_word' id='word_1_218' title='bbox 285 1868 327 1925; x_wconf 82' lang='grc' dir='ltr'><strong>τόν</strong></span> <span class='ocrx_word' id='word_1_219' title='bbox 343 1866 438 1937; x_wconf 89' lang='grc' dir='ltr'><strong>άστέρα</strong></span> <span class='ocrx_word' id='word_1_220' title='bbox 455 1869 481 1935; x_wconf 84' lang='grc' dir='ltr'><strong>ἐγ</strong></span> <span class='ocrx_word' id='word_1_221' title='bbox 495 1871 529 1940; x_wconf 81' lang='grc' dir='ltr'><strong>τῆ</strong></span> <span class='ocrx_word' id='word_1_222' title='bbox 542 1864 669 1938; x_wconf 82' lang='grc' dir='ltr'><strong>α’νατόλῃ,</strong></span> <span class='ocrx_word' id='word_1_223' title='bbox 695 1868 740 1922; x_wconf 85' lang='grc' dir='ltr'><strong>καί</strong></span> <span class='ocrx_word' id='word_1_224' title='bbox 757 1861 870 1935; x_wconf 81' lang='grc' dir='ltr'><strong>ἤλθομεν</strong></span> <span class='ocrx_word' id='word_1_225' title='bbox 890 1868 1060 1935; x_wconf 89' lang='grc' dir='ltr'><strong>προςκυνῆσαι</strong></span> <span class='ocrx_word' id='word_1_226' title='bbox 1081 1860 1168 1935; x_wconf 81' lang='grc' dir='ltr'><strong>αῦτῷ,</strong></span> <span class='ocrx_word' id='word_1_227' title='bbox 1193 1860 1207 1919; x_wconf 90' lang='grc' dir='ltr'><strong>ό</strong></span> <span class='ocrx_word' id='word_1_228' title='bbox 1225 1860 1349 1933; x_wconf 83' lang='grc' dir='ltr'><strong>Ἡριόδης</strong></span> 
     </span>
     <span class='ocr_line' id='line_1_20' title="bbox 193 1948 1349 2024; baseline -0.008 -14"><span class='ocrx_word' id='word_1_229' title='bbox 193 1952 222 2010; x_wconf 87' lang='grc' dir='ltr'><strong>οῦ</strong></span> <span class='ocrx_word' id='word_1_230' title='bbox 244 1956 302 2023; x_wconf 86' lang='grc' dir='ltr'><strong>περί</strong></span> <span class='ocrx_word' id='word_1_231' title='bbox 326 1957 401 2020; x_wconf 78' lang='grc' dir='ltr'><strong>ψιλοῦ</strong></span> <span class='ocrx_word' id='word_1_232' title='bbox 418 1951 542 2022; x_wconf 89' lang='grc' dir='ltr'><strong>όνόμσιτος</strong></span> <span class='ocrx_word' id='word_1_233' title='bbox 559 1949 692 2021; x_wconf 87' lang='grc' dir='ltr'><strong>άνθρῶπου</strong></span> <span class='ocrx_word' id='word_1_234' title='bbox 711 1955 836 2024; x_wconf 90' lang='grc' dir='ltr'><strong>βασιλέως</strong></span> <span class='ocrx_word' id='word_1_235' title='bbox 857 1952 885 2007; x_wconf 84' lang='grc' dir='ltr'><strong>τὸ</strong></span> <span class='ocrx_word' id='word_1_236' title='bbox 906 1956 1011 2020; x_wconf 81' lang='grc' dir='ltr'><strong>πρᾶγμα</strong></span> <span class='ocrx_word' id='word_1_237' title='bbox 1029 1949 1168 2017; x_wconf 89' lang='grc' dir='ltr'><strong>ἐσκόπησε.</strong></span> <span class='ocrx_word' id='word_1_238' title='bbox 1202 1948 1349 2015; x_wconf 82' lang='grc' dir='ltr'><strong>Διανοηθιλς</strong></span> 
     </span>
     <span class='ocr_line' id='line_1_21' title="bbox 192 2030 1349 2110; baseline -0.006 -16"><span class='ocrx_word' id='word_1_239' title='bbox 192 2041 241 2110; x_wconf 77' lang='grc' dir='ltr'><strong>γάρ</strong></span> <span class='ocrx_word' id='word_1_240' title='bbox 258 2039 411 2107; x_wconf 79' lang='grc' dir='ltr'><strong>τόπρᾶγμα</strong></span> <span class='ocrx_word' id='word_1_241' title='bbox 432 2039 476 2092; x_wconf 85' lang='grc' dir='ltr'><strong>καλ</strong></span> <span class='ocrx_word' id='word_1_242' title='bbox 492 2035 630 2108; x_wconf 89' lang='grc' dir='ltr'><strong>θαυμάσας</strong></span> <span class='ocrx_word' id='word_1_243' title='bbox 652 2033 692 2094; x_wconf 84' lang='grc' dir='ltr'><strong>ότι</strong></span> <span class='ocrx_word' id='word_1_244' title='bbox 709 2036 797 2093; x_wconf 91' lang='grc' dir='ltr'><strong>πόλλοι</strong></span> <span class='ocrx_word' id='word_1_245' title='bbox 812 2042 924 2110; x_wconf 84' lang='grc' dir='ltr'><strong>βασιλεῖς</strong></span> <span class='ocrx_word' id='word_1_246' title='bbox 945 2036 1118 2106; x_wconf 77' lang='grc' dir='ltr'><strong>ἐγεννήθησαν</strong></span> <span class='ocrx_word' id='word_1_247' title='bbox 1132 2035 1159 2090; x_wconf 90' lang='grc' dir='ltr'><strong>έν</strong></span> <span class='ocrx_word' id='word_1_248' title='bbox 1172 2030 1349 2102; x_wconf 71' lang='grc' dir='ltr'><strong>Ἰερουσαλήμ,</strong></span> 
     </span>
     <span class='ocr_line' id='line_1_22' title="bbox 192 2118 1349 2194; baseline -0.005 -14"><span class='ocrx_word' id='word_1_249' title='bbox 192 2127 293 2193; x_wconf 87' lang='grc' dir='ltr'><strong>πρῶτος</strong></span> <span class='ocrx_word' id='word_1_250' title='bbox 307 2124 395 2180; x_wconf 75' lang='grc' dir='ltr'><strong>Σαοὺλ</strong></span> <span class='ocrx_word' id='word_1_251' title='bbox 410 2125 441 2179; x_wconf 86' lang='grc' dir='ltr'><strong>ἐκ</strong></span> <span class='ocrx_word' id='word_1_252' title='bbox 457 2126 541 2193; x_wconf 86' lang='grc' dir='ltr'><strong>φυλῆς</strong></span> <span class='ocrx_word' id='word_1_253' title='bbox 555 2123 689 2191; x_wconf 86' lang='grc' dir='ltr'><strong>Βενιαμίν,</strong></span> <span class='ocrx_word' id='word_1_254' title='bbox 708 2121 826 2188; x_wconf 86' lang='grc' dir='ltr'><strong>διῦτιρος</strong></span> <span class='ocrx_word' id='word_1_255' title='bbox 841 2125 922 2194; x_wconf 85' lang='grc' dir='ltr'><strong>Δαβίδ</strong></span> <span class='ocrx_word' id='word_1_256' title='bbox 939 2123 969 2176; x_wconf 87' lang='grc' dir='ltr'><strong>ίκ</strong></span> <span class='ocrx_word' id='word_1_257' title='bbox 984 2122 1067 2190; x_wconf 82' lang='grc' dir='ltr'><strong>φυλῆς</strong></span> <span class='ocrx_word' id='word_1_258' title='bbox 1080 2118 1182 2183; x_wconf 83' lang='grc' dir='ltr'><strong>Ἰούδα,</strong></span> <span class='ocrx_word' id='word_1_259' title='bbox 1202 2119 1247 2173; x_wconf 86' lang='grc' dir='ltr'><strong>καί</strong></span> <span class='ocrx_word' id='word_1_260' title='bbox 1260 2119 1349 2174; x_wconf 86' lang='grc' dir='ltr'><strong>τοῦτου</strong></span> 
     </span>
     <span class='ocr_line' id='line_1_23' title="bbox 193 2204 1350 2280; baseline -0.003 -16"><span class='ocrx_word' id='word_1_261' title='bbox 193 2209 249 2272; x_wconf 89' lang='grc' dir='ltr'><strong>υίός</strong></span> <span class='ocrx_word' id='word_1_262' title='bbox 263 2211 399 2278; x_wconf 83' lang='grc' dir='ltr'><strong>Σολομῶν,</strong></span> <span class='ocrx_word' id='word_1_263' title='bbox 417 2206 472 2270; x_wconf 88' lang='grc' dir='ltr'><strong>υίός</strong></span> <span class='ocrx_word' id='word_1_264' title='bbox 487 2209 516 2264; x_wconf 79' lang='grc' dir='ltr'><strong>δέ</strong></span> <span class='ocrx_word' id='word_1_265' title='bbox 529 2209 573 2263; x_wconf 89' lang='grc' dir='ltr'><strong>τοῦ</strong></span> <span class='ocrx_word' id='word_1_266' title='bbox 587 2210 757 2277; x_wconf 84' lang='grc' dir='ltr'><strong>Σαλσμῶντσς</strong></span> <span class='ocrx_word' id='word_1_267' title='bbox 770 2205 892 2280; x_wconf 80' lang='grc' dir='ltr'><strong>Ῥοβοάμ,</strong></span> <span class='ocrx_word' id='word_1_268' title='bbox 909 2208 954 2263; x_wconf 86' lang='grc' dir='ltr'><strong>καί</strong></span> <span class='ocrx_word' id='word_1_269' title='bbox 967 2206 1056 2262; x_wconf 89' lang='grc' dir='ltr'><strong>τοῦτου</strong></span> <span class='ocrx_word' id='word_1_270' title='bbox 1074 2206 1124 2261; x_wconf 83' lang='grc' dir='ltr'><strong>υίοί</strong></span> <span class='ocrx_word' id='word_1_271' title='bbox 1137 2204 1204 2261; x_wconf 80' lang='grc' dir='ltr'><strong>κατὰ</strong></span> <span class='ocrx_word' id='word_1_272' title='bbox 1217 2204 1350 2275; x_wconf 81' lang='grc' dir='ltr'><strong>διαδσγῆν,</strong></span> 
     </span>
     <span class='ocr_line' id='line_1_24' title="bbox 192 2287 1347 2361; baseline -0.005 -11"><span class='ocrx_word' id='word_1_273' title='bbox 192 2297 237 2350; x_wconf 85' lang='grc' dir='ltr'><strong>καί</strong></span> <span class='ocrx_word' id='word_1_274' title='bbox 253 2290 374 2352; x_wconf 83' lang='grc' dir='ltr'><strong>οῦδέποτε</strong></span> <span class='ocrx_word' id='word_1_275' title='bbox 390 2294 432 2348; x_wconf 82' lang='grc' dir='ltr'><strong>ἐπί</strong></span> <span class='ocrx_word' id='word_1_276' title='bbox 447 2293 484 2348; x_wconf 82' lang='grc' dir='ltr'><strong>ίνί</strong></span> <span class='ocrx_word' id='word_1_277' title='bbox 498 2289 594 2348; x_wconf 77' lang='grc' dir='ltr'><strong>τούτων</strong></span> <span class='ocrx_word' id='word_1_278' title='bbox 608 2294 752 2361; x_wconf 86' lang='grc' dir='ltr'><strong>γεννηθέντι</strong></span> <span class='ocrx_word' id='word_1_279' title='bbox 767 2289 850 2360; x_wconf 85' lang='grc' dir='ltr'><strong>άστῆρ</strong></span> <span class='ocrx_word' id='word_1_280' title='bbox 867 2291 965 2361; x_wconf 90' lang='grc' dir='ltr'><strong>έφάνη,</strong></span> <span class='ocrx_word' id='word_1_281' title='bbox 990 2288 1051 2347; x_wconf 78' lang='grc' dir='ltr'><strong>οῦδέ</strong></span> <span class='ocrx_word' id='word_1_282' title='bbox 1066 2291 1163 2352; x_wconf 87' lang='grc' dir='ltr'><strong>έλευσις</strong></span> <span class='ocrx_word' id='word_1_283' title='bbox 1176 2287 1274 2359; x_wconf 82' lang='grc' dir='ltr'><strong>Μάγων</strong></span> <span class='ocrx_word' id='word_1_284' title='bbox 1288 2289 1347 2359; x_wconf 84' lang='grc' dir='ltr'><strong>ἐγέ-</strong></span> 
     </span>
     <span class='ocr_line' id='line_1_25' title="bbox 190 2369 1347 2448; baseline -0.006 -12"><span class='ocrx_word' id='word_1_285' title='bbox 190 2398 245 2436; x_wconf 90' lang='grc' dir='ltr'><strong>νετο</strong></span> <span class='ocrx_word' id='word_1_286' title='bbox 260 2380 301 2435; x_wconf 86' lang='grc' dir='ltr'><strong>έπί</strong></span> <span class='ocrx_word' id='word_1_287' title='bbox 316 2379 344 2437; x_wconf 78' lang='grc' dir='ltr'><strong>τὸ</strong></span> <span class='ocrx_word' id='word_1_288' title='bbox 362 2379 444 2434; x_wconf 76' lang='grc' dir='ltr'><strong>ἐλθεῖν</strong></span> <span class='ocrx_word' id='word_1_289' title='bbox 468 2379 513 2433; x_wconf 83' lang='grc' dir='ltr'><strong>καί</strong></span> <span class='ocrx_word' id='word_1_290' title='bbox 530 2381 702 2446; x_wconf 89' lang='grc' dir='ltr'><strong>προςκυνῆσαι</strong></span> <span class='ocrx_word' id='word_1_291' title='bbox 715 2377 759 2434; x_wconf 86' lang='grc' dir='ltr'><strong>τόν</strong></span> <span class='ocrx_word' id='word_1_292' title='bbox 773 2377 923 2448; x_wconf 87' lang='grc' dir='ltr'><strong>γεννηθέντα</strong></span> <span class='ocrx_word' id='word_1_293' title='bbox 937 2378 1056 2448; x_wconf 82' lang='grc' dir='ltr'><strong>βασιλέα,</strong></span> <span class='ocrx_word' id='word_1_294' title='bbox 1081 2372 1135 2431; x_wconf 77' lang='grc' dir='ltr'><strong>ἀλλ’</strong></span> <span class='ocrx_word' id='word_1_295' title='bbox 1152 2369 1171 2444; x_wconf 81' lang='grc' dir='ltr'><strong>ῆ</strong></span> <span class='ocrx_word' id='word_1_296' title='bbox 1185 2374 1244 2432; x_wconf 86' lang='grc' dir='ltr'><strong>τότε</strong></span> <span class='ocrx_word' id='word_1_297' title='bbox 1260 2372 1347 2442; x_wconf 86' lang='grc' dir='ltr'><strong>μόνον·</strong></span> 
     </span>
     <span class='ocr_line' id='line_1_26' title="bbox 191 2459 1347 2532; baseline -0.007 -10"><span class='ocrx_word' id='word_1_298' title='bbox 191 2462 251 2522; x_wconf 85' lang='grc' dir='ltr'><strong>όθεν</strong></span> <span class='ocrx_word' id='word_1_299' title='bbox 268 2467 341 2520; x_wconf 88' lang='grc' dir='ltr'><strong>τοῦτο</strong></span> <span class='ocrx_word' id='word_1_300' title='bbox 365 2461 529 2532; x_wconf 75' lang='grc' dir='ltr'><strong>σκεψάμενός</strong></span> <span class='ocrx_word' id='word_1_301' title='bbox 544 2482 582 2525; x_wconf 88' lang='grc' dir='ltr'><strong>τις</strong></span> <span class='ocrx_word' id='word_1_302' title='bbox 596 2464 641 2518; x_wconf 85' lang='grc' dir='ltr'><strong>καί</strong></span> <span class='ocrx_word' id='word_1_303' title='bbox 656 2463 703 2531; x_wconf 79' lang='grc' dir='ltr'><strong>τῆν</strong></span> <span class='ocrx_word' id='word_1_304' title='bbox 718 2459 827 2520; x_wconf 88' lang='grc' dir='ltr'><strong>διάνοιαν</strong></span> <span class='ocrx_word' id='word_1_305' title='bbox 842 2459 921 2518; x_wconf 90' lang='grc' dir='ltr'><strong>αῦτοῦ</strong></span> <span class='ocrx_word' id='word_1_306' title='bbox 935 2462 978 2517; x_wconf 84' lang='grc' dir='ltr'><strong>ἐπί</strong></span> <span class='ocrx_word' id='word_1_307' title='bbox 990 2461 1036 2530; x_wconf 84' lang='grc' dir='ltr'><strong>τῆν</strong></span> <span class='ocrx_word' id='word_1_308' title='bbox 1051 2463 1143 2530; x_wconf 91' lang='grc' dir='ltr'><strong>γνῶσιν</strong></span> <span class='ocrx_word' id='word_1_309' title='bbox 1159 2465 1207 2529; x_wconf 91' lang='grc' dir='ltr'><strong>τῆς</strong></span> <span class='ocrx_word' id='word_1_310' title='bbox 1222 2459 1347 2528; x_wconf 89' lang='grc' dir='ltr'><strong>άληθείας</strong></span> 
     </span>
     <span class='ocr_line' id='line_1_27' title="bbox 190 2543 1347 2618; baseline -0.006 -13"><span class='ocrx_word' id='word_1_311' title='bbox 190 2547 328 2618; x_wconf 86' lang='grc' dir='ltr'><strong>ῆκόντισε,</strong></span> <span class='ocrx_word' id='word_1_312' title='bbox 349 2547 439 2618; x_wconf 76' lang='grc' dir='ltr'><strong>μαθων</strong></span> <span class='ocrx_word' id='word_1_313' title='bbox 455 2544 495 2604; x_wconf 86' lang='grc' dir='ltr'><strong>ότι</strong></span> <span class='ocrx_word' id='word_1_314' title='bbox 508 2548 538 2603; x_wconf 83' lang='grc' dir='ltr'><strong>τό</strong></span> <span class='ocrx_word' id='word_1_315' title='bbox 555 2555 660 2617; x_wconf 82' lang='grc' dir='ltr'><strong>σημεῖον</strong></span> <span class='ocrx_word' id='word_1_316' title='bbox 675 2549 749 2603; x_wconf 91' lang='grc' dir='ltr'><strong>τοῦτο</strong></span> <span class='ocrx_word' id='word_1_317' title='bbox 764 2544 811 2603; x_wconf 86' lang='grc' dir='ltr'><strong>οῦκ</strong></span> <span class='ocrx_word' id='word_1_318' title='bbox 826 2544 961 2617; x_wconf 80' lang='grc' dir='ltr'><strong>α’νθρῶπου</strong></span> <span class='ocrx_word' id='word_1_319' title='bbox 977 2547 1061 2609; x_wconf 85' lang='grc' dir='ltr'><strong>ἐστίν,</strong></span> <span class='ocrx_word' id='word_1_320' title='bbox 1079 2544 1144 2603; x_wconf 87' lang='grc' dir='ltr'><strong>άλλά</strong></span> <span class='ocrx_word' id='word_1_321' title='bbox 1159 2546 1245 2613; x_wconf 86' lang='grc' dir='ltr'><strong>κυρίου</strong></span> <span class='ocrx_word' id='word_1_322' title='bbox 1262 2543 1347 2613; x_wconf 88' lang='grc' dir='ltr'><strong>μόνου,</strong></span> 
     </span>
     <span class='ocr_line' id='line_1_28' title="bbox 191 2627 1347 2704; baseline -0.006 -13"><span class='ocrx_word' id='word_1_323' title='bbox 191 2634 235 2691; x_wconf 81' lang='grc' dir='ltr'><strong>Διό</strong></span> <span class='ocrx_word' id='word_1_324' title='bbox 251 2631 299 2690; x_wconf 81' lang='grc' dir='ltr'><strong>ου’νι</strong></span> <span class='ocrx_word' id='word_1_325' title='bbox 313 2635 350 2689; x_wconf 77' lang='grc' dir='ltr'><strong>ἐτι</strong></span> <span class='ocrx_word' id='word_1_326' title='bbox 365 2634 422 2701; x_wconf 86' lang='grc' dir='ltr'><strong>περί</strong></span> <span class='ocrx_word' id='word_1_327' title='bbox 438 2634 563 2704; x_wconf 91' lang='grc' dir='ltr'><strong>βασιλέως</strong></span> <span class='ocrx_word' id='word_1_328' title='bbox 577 2631 669 2703; x_wconf 81' lang='grc' dir='ltr'><strong>ῆρῶτα</strong></span> <span class='ocrx_word' id='word_1_329' title='bbox 684 2632 794 2702; x_wconf 84' lang='grc' dir='ltr'><strong>ἐπιγείου</strong></span> <span class='ocrx_word' id='word_1_330' title='bbox 808 2628 828 2701; x_wconf 83' lang='grc' dir='ltr'><strong>ῆ</strong></span> <span class='ocrx_word' id='word_1_331' title='bbox 844 2628 993 2701; x_wconf 85' lang='grc' dir='ltr'><strong>άνθρῶπου,</strong></span> <span class='ocrx_word' id='word_1_332' title='bbox 1010 2627 1076 2687; x_wconf 84' lang='grc' dir='ltr'><strong>άλλά</strong></span> <span class='ocrx_word' id='word_1_333' title='bbox 1089 2633 1147 2699; x_wconf 78' lang='grc' dir='ltr'><strong>περὶ</strong></span> <span class='ocrx_word' id='word_1_334' title='bbox 1162 2632 1289 2698; x_wconf 88' lang='grc' dir='ltr'><strong>Χριστοῦ,</strong></span> <span class='ocrx_word' id='word_1_335' title='bbox 1308 2630 1347 2684; x_wconf 88' lang='grc' dir='ltr'><strong>λέ-</strong></span> 
     </span>
     <span class='ocr_line' id='line_1_29' title="bbox 190 2710 1347 2789; baseline -0.003 -14"><span class='ocrx_word' id='word_1_336' title='bbox 190 2739 242 2789; x_wconf 83' lang='grc' dir='ltr'><strong>γιον</strong></span> <span class='ocrx_word' id='word_1_337' title='bbox 259 2727 312 2780; x_wconf 84' lang='grc' dir='ltr'><strong>τοῖς</strong></span> <span class='ocrx_word' id='word_1_338' title='bbox 325 2723 503 2788; x_wconf 87' lang='grc' dir='ltr'><strong>γραμματεῦσι</strong></span> <span class='ocrx_word' id='word_1_339' title='bbox 523 2720 567 2773; x_wconf 88' lang='grc' dir='ltr'><strong>καί</strong></span> <span class='ocrx_word' id='word_1_340' title='bbox 581 2720 685 2786; x_wconf 83' lang='grc' dir='ltr'><strong>ἱερεῦσι,</strong></span> <span class='ocrx_word' id='word_1_341' title='bbox 703 2719 760 2773; x_wconf 87' lang='grc' dir='ltr'><strong>Ποῦ</strong></span> <span class='ocrx_word' id='word_1_342' title='bbox 778 2715 793 2774; x_wconf 90' lang='grc' dir='ltr'><strong>ό</strong></span> <span class='ocrx_word' id='word_1_343' title='bbox 811 2717 925 2786; x_wconf 81' lang='grc' dir='ltr'><strong>Χριστός</strong></span> <span class='ocrx_word' id='word_1_344' title='bbox 941 2719 1070 2787; x_wconf 76' lang='grc' dir='ltr'><strong>γεννᾶταις</strong></span> <span class='ocrx_word' id='word_1_345' title='bbox 1105 2717 1159 2772; x_wconf 83' lang='grc' dir='ltr'><strong>Καί</strong></span> <span class='ocrx_word' id='word_1_346' title='bbox 1173 2710 1272 2786; x_wconf 79' lang='grc' dir='ltr'><strong>ἤκουσε</strong></span> <span class='ocrx_word' id='word_1_347' title='bbox 1288 2711 1347 2784; x_wconf 86' lang='grc' dir='ltr'><strong>παρ’</strong></span> 
     </span>
     <span class='ocr_line' id='line_1_30' title="bbox 191 2799 1348 2872; baseline -0.006 -10"><span class='ocrx_word' id='word_1_348' title='bbox 191 2802 289 2869; x_wconf 88' lang='grc' dir='ltr'><strong>αῦτῶν,</strong></span> <span class='ocrx_word' id='word_1_349' title='bbox 307 2803 353 2858; x_wconf 86' lang='grc' dir='ltr'><strong>Ἐν</strong></span> <span class='ocrx_word' id='word_1_350' title='bbox 370 2803 493 2872; x_wconf 75' lang='grc' dir='ltr'><strong>Βηθλεέμ</strong></span> <span class='ocrx_word' id='word_1_351' title='bbox 508 2806 556 2870; x_wconf 88' lang='grc' dir='ltr'><strong>τῆς</strong></span> <span class='ocrx_word' id='word_1_352' title='bbox 569 2800 704 2864; x_wconf 72' lang='grc' dir='ltr'><strong>Ἰουδαίας</strong></span> <span class='ocrx_word' id='word_1_353' title='bbox 739 2804 792 2857; x_wconf 79' lang='grc' dir='ltr'><strong>Καὶ</strong></span> <span class='ocrx_word' id='word_1_354' title='bbox 808 2802 877 2872; x_wconf 76' lang='grc' dir='ltr'><strong>παρὰ</strong></span> <span class='ocrx_word' id='word_1_355' title='bbox 891 2802 937 2872; x_wconf 83' lang='grc' dir='ltr'><strong>μέν</strong></span> <span class='ocrx_word' id='word_1_356' title='bbox 951 2800 1046 2857; x_wconf 78' lang='grc' dir='ltr'><strong>τούτων</strong></span> <span class='ocrx_word' id='word_1_357' title='bbox 1063 2800 1197 2871; x_wconf 85' lang='grc' dir='ltr'><strong>ἐρωτῆσας</strong></span> <span class='ocrx_word' id='word_1_358' title='bbox 1213 2800 1256 2857; x_wconf 84' lang='grc' dir='ltr'><strong>τόν</strong></span> <span class='ocrx_word' id='word_1_359' title='bbox 1272 2799 1348 2856; x_wconf 90' lang='grc' dir='ltr'><strong>τόπον</strong></span> 
     </span>
     <span class='ocr_line' id='line_1_31' title="bbox 191 2883 1347 2960; baseline -0.003 -15"><span class='ocrx_word' id='word_1_360' title='bbox 191 2891 270 2960; x_wconf 83' lang='grc' dir='ltr'><strong>ἐγνω,</strong></span> <span class='ocrx_word' id='word_1_361' title='bbox 286 2889 357 2958; x_wconf 84' lang='grc' dir='ltr'><strong>παρὰ</strong></span> <span class='ocrx_word' id='word_1_362' title='bbox 371 2890 401 2945; x_wconf 75' lang='grc' dir='ltr'><strong>δὲ</strong></span> <span class='ocrx_word' id='word_1_363' title='bbox 413 2891 464 2943; x_wconf 89' lang='grc' dir='ltr'><strong>τῶν</strong></span> <span class='ocrx_word' id='word_1_364' title='bbox 479 2887 576 2956; x_wconf 85' lang='grc' dir='ltr'><strong>Μάγων</strong></span> <span class='ocrx_word' id='word_1_365' title='bbox 591 2887 635 2943; x_wconf 86' lang='grc' dir='ltr'><strong>τόν</strong></span> <span class='ocrx_word' id='word_1_366' title='bbox 647 2886 743 2959; x_wconf 73' lang='grc' dir='ltr'><strong>χρόνον.</strong></span> <span class='ocrx_word' id='word_1_367' title='bbox 777 2888 831 2942; x_wconf 80' lang='grc' dir='ltr'><strong>Καὶ</strong></span> <span class='ocrx_word' id='word_1_368' title='bbox 844 2886 894 2957; x_wconf 85' lang='grc' dir='ltr'><strong>γάρ</strong></span> <span class='ocrx_word' id='word_1_369' title='bbox 910 2888 954 2943; x_wconf 83' lang='grc' dir='ltr'><strong>καί</strong></span> <span class='ocrx_word' id='word_1_370' title='bbox 968 2887 1040 2943; x_wconf 86' lang='grc' dir='ltr'><strong>αῦτοί</strong></span> <span class='ocrx_word' id='word_1_371' title='bbox 1056 2890 1079 2943; x_wconf 85' lang='grc' dir='ltr'><strong>οἱ</strong></span> <span class='ocrx_word' id='word_1_372' title='bbox 1094 2883 1180 2956; x_wconf 81' lang='grc' dir='ltr'><strong>Μάγοι</strong></span> <span class='ocrx_word' id='word_1_373' title='bbox 1193 2885 1240 2953; x_wconf 82' lang='grc' dir='ltr'><strong>τῆν</strong></span> <span class='ocrx_word' id='word_1_374' title='bbox 1254 2887 1347 2942; x_wconf 89' lang='grc' dir='ltr'><strong>διετίαν</strong></span> 
     </span>
     <span class='ocr_line' id='line_1_32' title="bbox 190 2969 1348 3045; baseline -0.005 -13"><span class='ocrx_word' id='word_1_375' title='bbox 190 2976 216 3032; x_wconf 89' lang='grc' dir='ltr'><strong>έν</strong></span> <span class='ocrx_word' id='word_1_376' title='bbox 231 2971 298 3045; x_wconf 83' lang='grc' dir='ltr'><strong>αῦτῆ</strong></span> <span class='ocrx_word' id='word_1_377' title='bbox 316 2977 349 3044; x_wconf 89' lang='grc' dir='ltr'><strong>τῆ</strong></span> <span class='ocrx_word' id='word_1_378' title='bbox 366 2973 453 3044; x_wconf 78' lang='grc' dir='ltr'><strong>ῆμέρᾳ</strong></span> <span class='ocrx_word' id='word_1_379' title='bbox 472 2975 522 3028; x_wconf 86' lang='grc' dir='ltr'><strong>τῶν</strong></span> <span class='ocrx_word' id='word_1_380' title='bbox 537 2969 694 3041; x_wconf 84' lang='grc' dir='ltr'><strong>Ἐπιφανίων</strong></span> <span class='ocrx_word' id='word_1_381' title='bbox 707 2974 745 3035; x_wconf 87' lang='grc' dir='ltr'><strong>είς</strong></span> <span class='ocrx_word' id='word_1_382' title='bbox 759 2973 881 3041; x_wconf 80' lang='grc' dir='ltr'><strong>Βηθλιὲμ</strong></span> <span class='ocrx_word' id='word_1_383' title='bbox 896 2973 1007 3042; x_wconf 80' lang='grc' dir='ltr'><strong>ἐγένοντο</strong></span> <span class='ocrx_word' id='word_1_384' title='bbox 1022 2973 1067 3028; x_wconf 85' lang='grc' dir='ltr'><strong>καί</strong></span> <span class='ocrx_word' id='word_1_385' title='bbox 1081 2971 1113 3027; x_wconf 76' lang='grc' dir='ltr'><strong>τά</strong></span> <span class='ocrx_word' id='word_1_386' title='bbox 1128 2972 1201 3039; x_wconf 88' lang='grc' dir='ltr'><strong>δῶρα</strong></span> <span class='ocrx_word' id='word_1_387' title='bbox 1211 2970 1348 3039; x_wconf 83' lang='grc' dir='ltr'><strong>προςῆνεγ·</strong></span> 
     </span>
    </p>
   </div>
   <div class='ocr_carea' id='block_1_3' title="bbox 191 3053 1450 3129">
    <p class='ocr_par' dir='ltr' id='par_1_3' title="bbox 191 3053 1450 3129">
     <span class='ocr_line' id='line_1_33' title="bbox 191 3053 1450 3129; baseline -0.002 -13"><span class='ocrx_word' id='word_1_388' title='bbox 191 3081 251 3124; x_wconf 88' lang='grc' dir='ltr'><strong>καν,</strong></span> <span class='ocrx_word' id='word_1_389' title='bbox 272 3060 317 3116; x_wconf 83' lang='grc' dir='ltr'><strong>καί</strong></span> <span class='ocrx_word' id='word_1_390' title='bbox 332 3059 379 3129; x_wconf 86' lang='grc' dir='ltr'><strong>τῆν</strong></span> <span class='ocrx_word' id='word_1_391' title='bbox 394 3057 505 3126; x_wconf 89' lang='grc' dir='ltr'><strong>σμῦρναν</strong></span> <span class='ocrx_word' id='word_1_392' title='bbox 520 3059 565 3112; x_wconf 87' lang='grc' dir='ltr'><strong>καλ</strong></span> <span class='ocrx_word' id='word_1_393' title='bbox 579 3056 622 3113; x_wconf 84' lang='grc' dir='ltr'><strong>τόν</strong></span> <span class='ocrx_word' id='word_1_394' title='bbox 635 3057 729 3128; x_wconf 84' lang='grc' dir='ltr'><strong>χρυσόν</strong></span> <span class='ocrx_word' id='word_1_395' title='bbox 745 3059 790 3113; x_wconf 86' lang='grc' dir='ltr'><strong>καί</strong></span> <span class='ocrx_word' id='word_1_396' title='bbox 805 3057 849 3114; x_wconf 81' lang='grc' dir='ltr'><strong>τόν</strong></span> <span class='ocrx_word' id='word_1_397' title='bbox 863 3058 967 3128; x_wconf 89' lang='grc' dir='ltr'><strong>λίβανον.</strong></span> <span class='ocrx_word' id='word_1_398' title='bbox 1001 3055 1047 3113; x_wconf 87' lang='grc' dir='ltr'><strong>Ἐν</strong></span> <span class='ocrx_word' id='word_1_399' title='bbox 1061 3055 1129 3128; x_wconf 86' lang='grc' dir='ltr'><strong>αῦτῆ</strong></span> <span class='ocrx_word' id='word_1_400' title='bbox 1146 3055 1195 3125; x_wconf 69' lang='grc' dir='ltr'><strong>γάρ</strong></span> <span class='ocrx_word' id='word_1_401' title='bbox 1210 3059 1244 3126; x_wconf 83' lang='grc' dir='ltr'><strong>τῆ</strong></span> <span class='ocrx_word' id='word_1_402' title='bbox 1260 3053 1348 3126; x_wconf 79' lang='grc' dir='ltr'><strong>ῆμέρᾳ</strong></span> <span class='ocrx_word' id='word_1_403' title='bbox 1449 3109 1450 3113; x_wconf 72' lang='grc'><strong>,</strong></span> 
     </span>
    </p>
   </div>
   <div class='ocr_carea' id='block_1_4' title="bbox 188 3139 1348 4666">
    <p class='ocr_par' dir='ltr' id='par_1_4' title="bbox 188 3139 1348 4150">
     <span class='ocr_line' id='line_1_34' title="bbox 190 3139 1347 3213; baseline -0.006 -14"><span class='ocrx_word' id='word_1_404' title='bbox 190 3147 241 3206; x_wconf 88' lang='grc' dir='ltr'><strong>τῶν</strong></span> <span class='ocrx_word' id='word_1_405' title='bbox 256 3142 412 3213; x_wconf 86' lang='grc' dir='ltr'><strong>Ἐπιφανίων</strong></span> <span class='ocrx_word' id='word_1_406' title='bbox 430 3146 457 3198; x_wconf 90' lang='grc' dir='ltr'><strong>αί</strong></span> <span class='ocrx_word' id='word_1_407' title='bbox 474 3139 552 3213; x_wconf 82' lang='grc' dir='ltr'><strong>άργαλ</strong></span> <span class='ocrx_word' id='word_1_408' title='bbox 566 3141 685 3212; x_wconf 87' lang='grc' dir='ltr'><strong>γεγόνασι</strong></span> <span class='ocrx_word' id='word_1_409' title='bbox 698 3145 795 3198; x_wconf 89' lang='grc' dir='ltr'><strong>πολλῶν</strong></span> <span class='ocrx_word' id='word_1_410' title='bbox 808 3141 962 3211; x_wconf 82' lang='grc' dir='ltr'><strong>πραγμάτοιν</strong></span> <span class='ocrx_word' id='word_1_411' title='bbox 979 3144 1093 3211; x_wconf 82' lang='grc' dir='ltr'><strong>σημείων</strong></span> <span class='ocrx_word' id='word_1_412' title='bbox 1107 3145 1156 3212; x_wconf 88' lang='grc' dir='ltr'><strong>τῆς</strong></span> <span class='ocrx_word' id='word_1_413' title='bbox 1170 3139 1347 3212; x_wconf 86' lang='grc' dir='ltr'><strong>Ἐπιφανείας.</strong></span> 
     </span>
     <span class='ocr_line' id='line_1_35' title="bbox 192 3221 1347 3298; baseline -0.003 -13"><span class='ocrx_word' id='word_1_414' title='bbox 192 3226 264 3297; x_wconf 83' lang='grc' dir='ltr'><strong>Αῦτη</strong></span> <span class='ocrx_word' id='word_1_415' title='bbox 282 3229 312 3285; x_wconf 80' lang='grc' dir='ltr'><strong>δὲ</strong></span> <span class='ocrx_word' id='word_1_416' title='bbox 325 3221 358 3297; x_wconf 83' lang='grc' dir='ltr'><strong>ῆν</strong></span> <span class='ocrx_word' id='word_1_417' title='bbox 372 3227 503 3298; x_wconf 80' lang='grc' dir='ltr'><strong>ῆῆμέρα,</strong></span> <span class='ocrx_word' id='word_1_418' title='bbox 530 3226 566 3289; x_wconf 83' lang='grc' dir='ltr'><strong>ῶς</strong></span> <span class='ocrx_word' id='word_1_419' title='bbox 583 3223 636 3282; x_wconf 83' lang='grc' dir='ltr'><strong>άνω</strong></span> <span class='ocrx_word' id='word_1_420' title='bbox 658 3235 776 3297; x_wconf 84' lang='grc' dir='ltr'><strong>προεῖπον</strong></span> <span class='ocrx_word' id='word_1_421' title='bbox 798 3229 842 3282; x_wconf 88' lang='grc' dir='ltr'><strong>καί</strong></span> <span class='ocrx_word' id='word_1_422' title='bbox 864 3222 984 3290; x_wconf 88' lang='grc' dir='ltr'><strong>πολλάκις</strong></span> <span class='ocrx_word' id='word_1_423' title='bbox 1006 3225 1182 3297; x_wconf 80' lang='grc' dir='ltr'><strong>άναγκάζομαι</strong></span> <span class='ocrx_word' id='word_1_424' title='bbox 1201 3231 1295 3297; x_wconf 90' lang='grc' dir='ltr'><strong>λέγειν,</strong></span> <span class='ocrx_word' id='word_1_425' title='bbox 1321 3228 1347 3282; x_wconf 90' lang='grc' dir='ltr'><strong>ἐν</strong></span> 
     </span>
     <span class='ocr_line' id='line_1_36' title="bbox 192 3310 1346 3386; baseline -0.003 -15"><span class='ocrx_word' id='word_1_426' title='bbox 192 3313 300 3386; x_wconf 83' lang='grc' dir='ltr'><strong>ῦπατείᾳ</strong></span> <span class='ocrx_word' id='word_1_427' title='bbox 314 3311 451 3369; x_wconf 85' lang='grc' dir='ltr'><strong>’οκταυίου</strong></span> <span class='ocrx_word' id='word_1_428' title='bbox 474 3310 619 3382; x_wconf 83' lang='grc' dir='ltr'><strong>Δῦγοῦστου</strong></span> <span class='ocrx_word' id='word_1_429' title='bbox 636 3312 666 3369; x_wconf 85' lang='grc' dir='ltr'><strong>τό</strong></span> <span class='ocrx_word' id='word_1_430' title='bbox 683 3314 885 3380; x_wconf 76' lang='grc' dir='ltr'><strong>τρισκαιδέκατον</strong></span> <span class='ocrx_word' id='word_1_431' title='bbox 908 3313 953 3367; x_wconf 84' lang='grc' dir='ltr'><strong>καί</strong></span> <span class='ocrx_word' id='word_1_432' title='bbox 967 3315 1077 3368; x_wconf 85' lang='grc' dir='ltr'><strong>Σιλανοῦ</strong></span> <span class='ocrx_word' id='word_1_433' title='bbox 1098 3317 1131 3384; x_wconf 87' lang='grc' dir='ltr'><strong>τῆ</strong></span> <span class='ocrx_word' id='word_1_434' title='bbox 1148 3313 1196 3381; x_wconf 78' lang='grc' dir='ltr'><strong>πρὸ</strong></span> <span class='ocrx_word' id='word_1_435' title='bbox 1213 3310 1282 3369; x_wconf 86' lang='grc' dir='ltr'><strong>όκτῶ</strong></span> <span class='ocrx_word' id='word_1_436' title='bbox 1299 3314 1346 3368; x_wconf 87' lang='grc' dir='ltr'><strong>Εί·</strong></span> 
     </span>
     <span class='ocr_line' id='line_1_37' title="bbox 190 3395 1346 3467; baseline -0.002 -12"><span class='ocrx_word' id='word_1_437' title='bbox 190 3402 242 3456; x_wconf 87' lang='grc' dir='ltr'><strong>δῶν</strong></span> <span class='ocrx_word' id='word_1_438' title='bbox 255 3397 428 3466; x_wconf 88' lang='grc' dir='ltr'><strong>Ἰαννουαρίων</strong></span> <span class='ocrx_word' id='word_1_439' title='bbox 442 3397 508 3467; x_wconf 84' lang='grc' dir='ltr'><strong>μετά</strong></span> <span class='ocrx_word' id='word_1_440' title='bbox 530 3404 662 3466; x_wconf 84' lang='grc' dir='ltr'><strong>δεκατρεῖς</strong></span> <span class='ocrx_word' id='word_1_441' title='bbox 685 3395 785 3467; x_wconf 85' lang='grc' dir='ltr'><strong>ῆμέρας</strong></span> <span class='ocrx_word' id='word_1_442' title='bbox 802 3400 851 3467; x_wconf 87' lang='grc' dir='ltr'><strong>τῆς</strong></span> <span class='ocrx_word' id='word_1_443' title='bbox 867 3400 910 3453; x_wconf 92' lang='grc' dir='ltr'><strong>τοῦ</strong></span> <span class='ocrx_word' id='word_1_444' title='bbox 925 3397 1012 3467; x_wconf 82' lang='grc' dir='ltr'><strong>φωτός</strong></span> <span class='ocrx_word' id='word_1_445' title='bbox 1028 3398 1072 3455; x_wconf 84' lang='grc' dir='ltr'><strong>καί</strong></span> <span class='ocrx_word' id='word_1_446' title='bbox 1086 3395 1187 3467; x_wconf 82' lang='grc' dir='ltr'><strong>ῆμέρας</strong></span> <span class='ocrx_word' id='word_1_447' title='bbox 1203 3395 1346 3464; x_wconf 72' lang='grc' dir='ltr'><strong>αῦξῆσεως,</strong></span> 
     </span>
     <span class='ocr_line' id='line_1_38' title="bbox 189 3479 1347 3554; baseline 0 -16"><span class='ocrx_word' id='word_1_448' title='bbox 189 3479 248 3554; x_wconf 82' lang='grc' dir='ltr'><strong>ῆτις</strong></span> <span class='ocrx_word' id='word_1_449' title='bbox 264 3484 333 3539; x_wconf 83' lang='grc' dir='ltr'><strong>ἐστίν</strong></span> <span class='ocrx_word' id='word_1_450' title='bbox 348 3481 398 3539; x_wconf 88' lang='grc' dir='ltr'><strong>άπό</strong></span> <span class='ocrx_word' id='word_1_451' title='bbox 415 3485 463 3552; x_wconf 91' lang='grc' dir='ltr'><strong>τῆς</strong></span> <span class='ocrx_word' id='word_1_452' title='bbox 478 3486 573 3552; x_wconf 86' lang='grc' dir='ltr'><strong>τροπῆς</strong></span> <span class='ocrx_word' id='word_1_453' title='bbox 585 3485 634 3550; x_wconf 85' lang='grc' dir='ltr'><strong>τῆς</strong></span> <span class='ocrx_word' id='word_1_454' title='bbox 649 3485 810 3553; x_wconf 80' lang='grc' dir='ltr'><strong>χειμερινῆς,</strong></span> <span class='ocrx_word' id='word_1_455' title='bbox 826 3485 952 3538; x_wconf 88' lang='grc' dir='ltr'><strong>τουτέστιν</strong></span> <span class='ocrx_word' id='word_1_456' title='bbox 968 3480 1017 3539; x_wconf 81' lang='grc' dir='ltr'><strong>άπό</strong></span> <span class='ocrx_word' id='word_1_457' title='bbox 1034 3485 1083 3551; x_wconf 87' lang='grc' dir='ltr'><strong>τῆς</strong></span> <span class='ocrx_word' id='word_1_458' title='bbox 1097 3482 1145 3551; x_wconf 84' lang='grc' dir='ltr'><strong>πρό</strong></span> <span class='ocrx_word' id='word_1_459' title='bbox 1162 3479 1231 3538; x_wconf 80' lang='grc' dir='ltr'><strong>όκτολ</strong></span> <span class='ocrx_word' id='word_1_460' title='bbox 1248 3484 1347 3538; x_wconf 83' lang='grc' dir='ltr'><strong>Καλαν-</strong></span> 
     </span>
     <span class='ocr_line' id='line_1_39' title="bbox 190 3563 1347 3640; baseline -0.003 -15"><span class='ocrx_word' id='word_1_461' title='bbox 190 3570 242 3625; x_wconf 90' lang='grc' dir='ltr'><strong>δῶν</strong></span> <span class='ocrx_word' id='word_1_462' title='bbox 257 3563 430 3637; x_wconf 88' lang='grc' dir='ltr'><strong>Ἰαννουαρίων</strong></span> <span class='ocrx_word' id='word_1_463' title='bbox 445 3570 479 3639; x_wconf 72' lang='grc' dir='ltr'><strong>ίία</strong></span> <span class='ocrx_word' id='word_1_464' title='bbox 496 3587 572 3636; x_wconf 73' lang='lat' dir='ltr'><strong>marg.</strong></span> <span class='ocrx_word' id='word_1_465' title='bbox 591 3569 682 3637; x_wconf 78' lang='lat' dir='ltr'><strong>legitur</strong></span> <span class='ocrx_word' id='word_1_466' title='bbox 696 3571 744 3635; x_wconf 89' lang='grc' dir='ltr'><strong>τῆς</strong></span> <span class='ocrx_word' id='word_1_467' title='bbox 758 3566 795 3622; x_wconf 81' lang='grc' dir='ltr'><strong>κε’</strong></span> <span class='ocrx_word' id='word_1_468' title='bbox 813 3564 857 3624; x_wconf 83' lang='grc' dir='ltr'><strong>τοῦ</strong></span> <span class='ocrx_word' id='word_1_469' title='bbox 872 3569 1040 3640; x_wconf 85' lang='grc' dir='ltr'><strong>Δεκεμβρίου)</strong></span> <span class='ocrx_word' id='word_1_470' title='bbox 1057 3569 1107 3631; x_wconf 71' lang='grc' dir='ltr'><strong>ἕως</strong></span> <span class='ocrx_word' id='word_1_471' title='bbox 1122 3567 1204 3636; x_wconf 86' lang='grc' dir='ltr'><strong>αῦτῆς</strong></span> <span class='ocrx_word' id='word_1_472' title='bbox 1217 3571 1265 3635; x_wconf 88' lang='grc' dir='ltr'><strong>τῆς</strong></span> <span class='ocrx_word' id='word_1_473' title='bbox 1278 3587 1347 3636; x_wconf 82' lang='grc' dir='ltr'><strong>γενε-</strong></span> 
     </span>
     <span class='ocr_line' id='line_1_40' title="bbox 189 3649 1348 3723; baseline 0 -15"><span class='ocrx_word' id='word_1_474' title='bbox 189 3654 260 3709; x_wconf 88' lang='grc' dir='ltr'><strong>θλίου</strong></span> <span class='ocrx_word' id='word_1_475' title='bbox 278 3655 322 3709; x_wconf 83' lang='grc' dir='ltr'><strong>καί</strong></span> <span class='ocrx_word' id='word_1_476' title='bbox 337 3651 493 3723; x_wconf 86' lang='grc' dir='ltr'><strong>Ἐπιφανίων</strong></span> <span class='ocrx_word' id='word_1_477' title='bbox 509 3652 624 3723; x_wconf 83' lang='grc' dir='ltr'><strong>ῆμέρας,</strong></span> <span class='ocrx_word' id='word_1_478' title='bbox 649 3654 694 3711; x_wconf 85' lang='grc' dir='ltr'><strong>διά</strong></span> <span class='ocrx_word' id='word_1_479' title='bbox 709 3653 752 3710; x_wconf 82' lang='grc' dir='ltr'><strong>τόν</strong></span> <span class='ocrx_word' id='word_1_480' title='bbox 766 3654 963 3722; x_wconf 89' lang='grc' dir='ltr'><strong>προδηλωθέντα</strong></span> <span class='ocrx_word' id='word_1_481' title='bbox 978 3654 1053 3709; x_wconf 81' lang='grc' dir='ltr'><strong>τόπον</strong></span> <span class='ocrx_word' id='word_1_482' title='bbox 1077 3649 1155 3708; x_wconf 86' lang='grc' dir='ltr'><strong>αῦτοῦ</strong></span> <span class='ocrx_word' id='word_1_483' title='bbox 1169 3655 1213 3708; x_wconf 87' lang='grc' dir='ltr'><strong>τοῦ</strong></span> <span class='ocrx_word' id='word_1_484' title='bbox 1232 3655 1348 3722; x_wconf 84' lang='grc' dir='ltr'><strong>σωτῆρος</strong></span> 
     </span>
     <span class='ocr_line' id='line_1_41' title="bbox 189 3735 1347 3808; baseline 0 -15"><span class='ocrx_word' id='word_1_485' title='bbox 189 3739 234 3794; x_wconf 85' lang='grc' dir='ltr'><strong>καί</strong></span> <span class='ocrx_word' id='word_1_486' title='bbox 247 3741 297 3794; x_wconf 91' lang='grc' dir='ltr'><strong>τῶν</strong></span> <span class='ocrx_word' id='word_1_487' title='bbox 312 3737 416 3795; x_wconf 86' lang='grc' dir='ltr'><strong>δῶδεκα</strong></span> <span class='ocrx_word' id='word_1_488' title='bbox 433 3735 513 3795; x_wconf 85' lang='grc' dir='ltr'><strong>αῦτοῦ</strong></span> <span class='ocrx_word' id='word_1_489' title='bbox 530 3741 654 3808; x_wconf 84' lang='grc' dir='ltr'><strong>μαθητῶν</strong></span> <span class='ocrx_word' id='word_1_490' title='bbox 668 3739 712 3795; x_wconf 81' lang='grc' dir='ltr'><strong>τόν</strong></span> <span class='ocrx_word' id='word_1_491' title='bbox 727 3739 929 3807; x_wconf 90' lang='grc' dir='ltr'><strong>τριςκαιδέκατον</strong></span> <span class='ocrx_word' id='word_1_492' title='bbox 944 3735 1053 3807; x_wconf 83' lang='grc' dir='ltr'><strong>α’ριθμόν</strong></span> <span class='ocrx_word' id='word_1_493' title='bbox 1068 3740 1218 3807; x_wconf 88' lang='grc' dir='ltr'><strong>πληροῦντα.</strong></span> <span class='ocrx_word' id='word_1_494' title='bbox 1254 3738 1347 3793; x_wconf 83' lang='grc' dir='ltr'><strong>Γεννᾰ·</strong></span> 
     </span>
     <span class='ocr_line' id='line_1_42' title="bbox 188 3815 1346 3897; baseline -0.005 -17"><span class='ocrx_word' id='word_1_495' title='bbox 188 3843 230 3880; x_wconf 88' lang='grc' dir='ltr'><strong>ται</strong></span> <span class='ocrx_word' id='word_1_496' title='bbox 244 3815 288 3880; x_wconf 85' lang='grc' dir='ltr'><strong>οῦν</strong></span> <span class='ocrx_word' id='word_1_497' title='bbox 303 3822 318 3879; x_wconf 89' lang='grc' dir='ltr'><strong>ό</strong></span> <span class='ocrx_word' id='word_1_498' title='bbox 335 3825 422 3892; x_wconf 83' lang='grc' dir='ltr'><strong>σωτῆρ</strong></span> <span class='ocrx_word' id='word_1_499' title='bbox 439 3826 638 3896; x_wconf 78' lang='grc' dir='ltr'><strong>τεσσαρακοστῷ</strong></span> <span class='ocrx_word' id='word_1_500' title='bbox 662 3827 711 3897; x_wconf 81' lang='grc' dir='ltr'><strong>(τῷ</strong></span> <span class='ocrx_word' id='word_1_501' title='bbox 725 3826 796 3877; x_wconf 68' lang='lat' dir='ltr'>deest</span> <span class='ocrx_word' id='word_1_502' title='bbox 811 3827 837 3876; x_wconf 82' lang='lat' dir='ltr'><strong>in</strong></span> <span class='ocrx_word' id='word_1_503' title='bbox 854 3825 925 3889; x_wconf 85' lang='lat' dir='ltr'><strong>cod.)</strong></span> <span class='ocrx_word' id='word_1_504' title='bbox 945 3824 1056 3895; x_wconf 85' lang='grc' dir='ltr'><strong>δευτέρῳ</strong></span> <span class='ocrx_word' id='word_1_505' title='bbox 1073 3823 1123 3878; x_wconf 86' lang='grc' dir='ltr'><strong>ίτει</strong></span> <span class='ocrx_word' id='word_1_506' title='bbox 1137 3827 1190 3878; x_wconf 90' lang='grc' dir='ltr'><strong>κτλ.</strong></span> <span class='ocrx_word' id='word_1_507' title='bbox 1205 3826 1295 3875; x_wconf 78' lang='lat' dir='ltr'><strong>venet.</strong></span> <span class='ocrx_word' id='word_1_508' title='bbox 1315 3852 1346 3863; x_wconf 91' lang='lat'><em>-</em></span> 
     </span>
     <span class='ocr_line' id='line_1_43' title="bbox 189 3908 1346 3982; baseline 0 -20"><span class='ocrx_word' id='word_1_509' title='bbox 189 3912 206 3963; x_wconf 92' lang='grc' dir='ltr'><strong>ί.</strong></span> <span class='ocrx_word' id='word_1_510' title='bbox 220 3911 265 3963; x_wconf 85' lang='grc' dir='ltr'><strong>αίι.</strong></span> <span class='ocrx_word' id='word_1_511' title='bbox 290 3912 341 3965; x_wconf 84' lang='grc' dir='ltr'><strong>τῶν</strong></span> <span class='ocrx_word' id='word_1_512' title='bbox 362 3911 514 3978; x_wconf 86' lang='grc' dir='ltr'><strong>Ῥωμαίων,</strong></span> <span class='ocrx_word' id='word_1_513' title='bbox 541 3908 648 3982; x_wconf 83' lang='grc' dir='ltr'><strong>ῦπατείφ</strong></span> <span class='ocrx_word' id='word_1_514' title='bbox 669 3912 703 3981; x_wconf 85' lang='grc' dir='ltr'><strong>τῆ</strong></span> <span class='ocrx_word' id='word_1_515' title='bbox 720 3911 948 3980; x_wconf 83' lang='grc' dir='ltr'><strong>προγεγραμμένη,</strong></span> <span class='ocrx_word' id='word_1_516' title='bbox 976 3909 1040 3977; x_wconf 81' lang='grc' dir='ltr'><strong>μετά</strong></span> <span class='ocrx_word' id='word_1_517' title='bbox 1063 3909 1213 3964; x_wconf 87' lang='grc' dir='ltr'><strong>είκοσιεννέα</strong></span> <span class='ocrx_word' id='word_1_518' title='bbox 1236 3908 1280 3976; x_wconf 89' lang='grc' dir='ltr'><strong>ίτη</strong></span> <span class='ocrx_word' id='word_1_519' title='bbox 1298 3909 1346 3977; x_wconf 92' lang='grc' dir='ltr'><strong>τῆς</strong></span> 
     </span>
     <span class='ocr_line' id='line_1_44' title="bbox 189 3990 1346 4065; baseline -0.003 -14"><span class='ocrx_word' id='word_1_520' title='bbox 189 3990 276 4063; x_wconf 75' lang='grc' dir='ltr'><strong>λῦγοό</strong></span> <span class='ocrx_word' id='word_1_521' title='bbox 279 4013 337 4050; x_wconf 91' lang='grc' dir='ltr'><strong>στου</strong></span> <span class='ocrx_word' id='word_1_522' title='bbox 351 3995 416 4064; x_wconf 86' lang='grc' dir='ltr'><strong>πρός</strong></span> <span class='ocrx_word' id='word_1_523' title='bbox 428 3992 568 4057; x_wconf 84' lang='grc' dir='ltr'><strong>Ἰουδαίους</strong></span> <span class='ocrx_word' id='word_1_524' title='bbox 581 3996 724 4065; x_wconf 88' lang='grc' dir='ltr'><strong>συναφείας.</strong></span> <span class='ocrx_word' id='word_1_525' title='bbox 748 3993 884 4051; x_wconf 78' lang='grc' dir='ltr'><strong>Βασιλεύει</strong></span> <span class='ocrx_word' id='word_1_526' title='bbox 898 3995 928 4051; x_wconf 75' lang='grc' dir='ltr'><strong>δέ</strong></span> <span class='ocrx_word' id='word_1_527' title='bbox 943 3991 1086 4064; x_wconf 83' lang='grc' dir='ltr'><strong>Δῦγουστος</strong></span> <span class='ocrx_word' id='word_1_528' title='bbox 1099 3994 1220 4061; x_wconf 81' lang='grc' dir='ltr'><strong>δεκατρία</strong></span> <span class='ocrx_word' id='word_1_529' title='bbox 1233 3993 1278 4063; x_wconf 89' lang='grc' dir='ltr'><strong>ίτη</strong></span> <span class='ocrx_word' id='word_1_530' title='bbox 1289 3995 1346 4061; x_wconf 88' lang='grc' dir='ltr'><strong>πρίν</strong></span> 
     </span>
     <span class='ocr_line' id='line_1_45' title="bbox 188 4075 509 4150; baseline -0.016 -15"><span class='ocrx_word' id='word_1_531' title='bbox 188 4075 209 4150; x_wconf 65' lang='grc' dir='ltr'><strong><em>ἦ</em></strong></span> <span class='ocrx_word' id='word_1_532' title='bbox 226 4084 289 4135; x_wconf 80' lang='lat' dir='ltr'>Ven.</span> <span class='ocrx_word' id='word_1_533' title='bbox 498 4099 509 4116; x_wconf 89' lang='lat'><strong>·</strong></span> 
     </span>
    </p>

    <p class='ocr_par' dir='ltr' id='par_1_5' title="bbox 188 4163 1347 4666">
     <span class='ocr_line' id='line_1_46' title="bbox 255 4163 1345 4238; baseline -0.003 -17"><span class='ocrx_word' id='word_1_534' title='bbox 255 4168 337 4238; x_wconf 72' lang='grc' dir='ltr'><strong>Ρας.</strong></span> <span class='ocrx_word' id='word_1_535' title='bbox 352 4168 407 4223; x_wconf 74' lang='lat'><strong>80.</strong></span> <span class='ocrx_word' id='word_1_536' title='bbox 440 4167 493 4219; x_wconf 70' lang='grc' dir='ltr'><strong>λθ.</strong></span> <span class='ocrx_word' id='word_1_537' title='bbox 520 4163 645 4223; x_wconf 87' lang='grc' dir='ltr'><strong>Ἰουδαίαν</strong></span> <span class='ocrx_word' id='word_1_538' title='bbox 668 4167 773 4229; x_wconf 86' lang='grc' dir='ltr'><strong>τελείως</strong></span> <span class='ocrx_word' id='word_1_539' title='bbox 795 4168 955 4236; x_wconf 86' lang='grc' dir='ltr'><strong>συνοφθῆναι</strong></span> <span class='ocrx_word' id='word_1_540' title='bbox 976 4163 1115 4234; x_wconf 87' lang='grc' dir='ltr'><strong>Ῥωμαίοις</strong></span> <span class='ocrx_word' id='word_1_541' title='bbox 1136 4168 1197 4217; x_wconf 82' lang='lat' dir='ltr'>Ven.</span> <span class='ocrx_word' id='word_1_542' title='bbox 1216 4196 1248 4205; x_wconf 95' lang='lat'>-</span> <span class='ocrx_word' id='word_1_543' title='bbox 1291 4167 1308 4217; x_wconf 91' lang='lat'><strong>1.</strong></span> <span class='ocrx_word' id='word_1_544' title='bbox 1320 4167 1345 4220; x_wconf 83' lang='lat'><strong>3.</strong></span> 
     </span>
     <span class='ocr_line' id='line_1_47' title="bbox 189 4244 1345 4323; baseline -0.003 -18"><span class='ocrx_word' id='word_1_545' title='bbox 189 4244 334 4320; x_wconf 86' lang='grc' dir='ltr'><strong>Δῦγουστος</strong></span> <span class='ocrx_word' id='word_1_546' title='bbox 349 4251 391 4306; x_wconf 85' lang='grc' dir='ltr'><strong>ἐπὶ</strong></span> <span class='ocrx_word' id='word_1_547' title='bbox 403 4251 533 4319; x_wconf 88' lang='grc' dir='ltr'><strong>τέτταρσιν</strong></span> <span class='ocrx_word' id='word_1_548' title='bbox 549 4252 631 4307; x_wconf 81' lang='grc' dir='ltr'><strong>ἐτεσιν</strong></span> <span class='ocrx_word' id='word_1_549' title='bbox 648 4249 700 4309; x_wconf 83' lang='grc' dir='ltr'><strong>άπό</strong></span> <span class='ocrx_word' id='word_1_550' title='bbox 715 4255 764 4323; x_wconf 82' lang='grc' dir='ltr'><strong>τῆς</strong></span> <span class='ocrx_word' id='word_1_551' title='bbox 779 4247 857 4307; x_wconf 89' lang='grc' dir='ltr'><strong>αῦτοῦ</strong></span> <span class='ocrx_word' id='word_1_552' title='bbox 874 4253 1004 4323; x_wconf 85' lang='grc' dir='ltr'><strong>βασιλείας</strong></span> <span class='ocrx_word' id='word_1_553' title='bbox 1018 4253 1097 4306; x_wconf 89' lang='grc' dir='ltr'><strong>πλείω</strong></span> <span class='ocrx_word' id='word_1_554' title='bbox 1114 4248 1217 4306; x_wconf 86' lang='grc' dir='ltr'><strong>ἐλάσσω</strong></span> <span class='ocrx_word' id='word_1_555' title='bbox 1230 4253 1293 4302; x_wconf 82' lang='lat' dir='ltr'>Ven.</span> <span class='ocrx_word' id='word_1_556' title='bbox 1313 4281 1345 4291; x_wconf 90' lang='lat'><strong>-·</strong></span> 
     </span>
     <span class='ocr_line' id='line_1_48' title="bbox 188 4334 1344 4407; baseline 0.003 -19"><span class='ocrx_word' id='word_1_557' title='bbox 188 4336 206 4387; x_wconf 90' lang='grc' dir='ltr'><strong>ί.</strong></span> <span class='ocrx_word' id='word_1_558' title='bbox 220 4336 245 4389; x_wconf 85' lang='grc'><strong>6.</strong></span> <span class='ocrx_word' id='word_1_559' title='bbox 271 4337 316 4390; x_wconf 78' lang='grc' dir='ltr'><strong>καί</strong></span> <span class='ocrx_word' id='word_1_560' title='bbox 337 4337 403 4404; x_wconf 83' lang='grc' dir='ltr'><strong>μέρη</strong></span> <span class='ocrx_word' id='word_1_561' title='bbox 427 4336 512 4405; x_wconf 88' lang='grc' dir='ltr'><strong>φόρων</strong></span> <span class='ocrx_word' id='word_1_562' title='bbox 535 4334 674 4406; x_wconf 84' lang='grc' dir='ltr'><strong>Ῥωμαίοις</strong></span> <span class='ocrx_word' id='word_1_563' title='bbox 695 4337 833 4407; x_wconf 83' lang='grc' dir='ltr'><strong>τσλοῦμενα</strong></span> <span class='ocrx_word' id='word_1_564' title='bbox 858 4337 900 4392; x_wconf 86' lang='grc' dir='ltr'><strong>ἐπί</strong></span> <span class='ocrx_word' id='word_1_565' title='bbox 920 4337 984 4405; x_wconf 81' lang='grc' dir='ltr'><strong>(έτει</strong></span> <span class='ocrx_word' id='word_1_566' title='bbox 1001 4338 1070 4404; x_wconf 82' lang='lat' dir='ltr'>cod.)</span> <span class='ocrx_word' id='word_1_567' title='bbox 1093 4336 1166 4391; x_wconf 90' lang='grc' dir='ltr'><strong>πέντε</strong></span> <span class='ocrx_word' id='word_1_568' title='bbox 1183 4334 1251 4389; x_wconf 89' lang='grc' dir='ltr'><strong>ίτεσι</strong></span> <span class='ocrx_word' id='word_1_569' title='bbox 1265 4337 1344 4391; x_wconf 88' lang='grc' dir='ltr'><strong>πλείω</strong></span> 
     </span>
     <span class='ocr_line' id='line_1_49' title="bbox 188 4419 1346 4492; baseline 0.001 -18"><span class='ocrx_word' id='word_1_570' title='bbox 188 4419 291 4475; x_wconf 87' lang='grc' dir='ltr'><strong>ἐλάσσω</strong></span> <span class='ocrx_word' id='word_1_571' title='bbox 306 4421 356 4482; x_wconf 74' lang='grc' dir='ltr'><strong>ἕως</strong></span> <span class='ocrx_word' id='word_1_572' title='bbox 369 4423 413 4477; x_wconf 87' lang='grc' dir='ltr'><strong>τοῦ</strong></span> <span class='ocrx_word' id='word_1_573' title='bbox 428 4422 489 4491; x_wconf 78' lang='grc' dir='ltr'><strong>(οἱα)</strong></span> <span class='ocrx_word' id='word_1_574' title='bbox 504 4421 588 4477; x_wconf 87' lang='grc' dir='ltr'><strong>τέλεον</strong></span> <span class='ocrx_word' id='word_1_575' title='bbox 602 4423 734 4492; x_wconf 78' lang='grc' dir='ltr'><strong>παρεδόθη</strong></span> <span class='ocrx_word' id='word_1_576' title='bbox 749 4420 769 4492; x_wconf 86' lang='grc' dir='ltr'><strong>ῆ</strong></span> <span class='ocrx_word' id='word_1_577' title='bbox 781 4419 895 4478; x_wconf 88' lang='grc' dir='ltr'><strong>Ἰουδαία</strong></span> <span class='ocrx_word' id='word_1_578' title='bbox 909 4424 954 4477; x_wconf 84' lang='grc' dir='ltr'><strong>καί</strong></span> <span class='ocrx_word' id='word_1_579' title='bbox 968 4419 1094 4491; x_wconf 84' lang='grc' dir='ltr'><strong>ῦπόφορος</strong></span> <span class='ocrx_word' id='word_1_580' title='bbox 1107 4422 1178 4490; x_wconf 78' lang='lat' dir='ltr'>(hinc</span> <span class='ocrx_word' id='word_1_581' title='bbox 1191 4420 1346 4475; x_wconf 68' lang='lat' dir='ltr'>restituenda</span> 
     </span>
     <span class='ocr_line' id='line_1_50' title="bbox 188 4503 1347 4577; baseline 0.008 -23"><span class='ocrx_word' id='word_1_582' title='bbox 188 4505 253 4573; x_wconf 79' lang='lat' dir='ltr'><strong>vulg.</strong></span> <span class='ocrx_word' id='word_1_583' title='bbox 272 4507 370 4575; x_wconf 73' lang='lat' dir='ltr'>script.)</span> <span class='ocrx_word' id='word_1_584' title='bbox 393 4503 479 4569; x_wconf 84' lang='grc' dir='ltr'><strong>αῦτοῖς</strong></span> <span class='ocrx_word' id='word_1_585' title='bbox 500 4507 633 4575; x_wconf 88' lang='grc' dir='ltr'><strong>γεγένηται</strong></span> <span class='ocrx_word' id='word_1_586' title='bbox 657 4508 814 4575; x_wconf 85' lang='grc' dir='ltr'><strong>(τελιιότατα</strong></span> <span class='ocrx_word' id='word_1_587' title='bbox 836 4509 919 4577; x_wconf 69' lang='lat' dir='ltr'>deest)</span> <span class='ocrx_word' id='word_1_588' title='bbox 941 4510 1003 4559; x_wconf 86' lang='lat' dir='ltr'>Veu.</span> <span class='ocrx_word' id='word_1_589' title='bbox 1024 4536 1054 4547; x_wconf 93' lang='lat'><em>-</em></span> <span class='ocrx_word' id='word_1_590' title='bbox 1089 4507 1141 4560; x_wconf 82' lang='lat'><strong>1.9.</strong></span> <span class='ocrx_word' id='word_1_591' title='bbox 1159 4506 1245 4558; x_wconf 78' lang='lat' dir='ltr'>Scribe</span> <span class='ocrx_word' id='word_1_592' title='bbox 1263 4507 1347 4575; x_wconf 87' lang='grc' dir='ltr'><strong>μέντοι</strong></span> 
     </span>
     <span class='ocr_line' id='line_1_51' title="bbox 188 4588 1344 4666; baseline 0.003 -22"><span class='ocrx_word' id='word_1_593' title='bbox 188 4607 227 4659; x_wconf 85' lang='grc' dir='ltr'><strong>γε.</strong></span> <span class='ocrx_word' id='word_1_594' title='bbox 246 4618 278 4633; x_wconf 88' lang='grc'>-</span> <span class='ocrx_word' id='word_1_595' title='bbox 311 4592 375 4646; x_wconf 49' lang='lat' dir='ltr'><strong>lbi&amp;</strong></span> <span class='ocrx_word' id='word_1_596' title='bbox 391 4592 554 4666; x_wconf 76' lang='grc' dir='ltr'><strong>γεννηθέντος</strong></span> <span class='ocrx_word' id='word_1_597' title='bbox 568 4593 680 4662; x_wconf 71' lang='grc' dir='ltr'><strong>Χριστοῦ</strong></span> <span class='ocrx_word' id='word_1_598' title='bbox 697 4595 761 4646; x_wconf 78' lang='lat' dir='ltr'>ven.</span> <span class='ocrx_word' id='word_1_599' title='bbox 778 4620 813 4634; x_wconf 91' lang='lat'><em>-</em></span> <span class='ocrx_word' id='word_1_600' title='bbox 847 4593 864 4646; x_wconf 93' lang='grc' dir='ltr'><strong>ί.</strong></span> <span class='ocrx_word' id='word_1_601' title='bbox 878 4595 917 4646; x_wconf 83' lang='grc'><strong>10.</strong></span> <span class='ocrx_word' id='word_1_602' title='bbox 933 4609 978 4662; x_wconf 87' lang='grc' dir='ltr'><strong>τι,</strong></span> <span class='ocrx_word' id='word_1_603' title='bbox 995 4603 1053 4662; x_wconf 71' lang='lat' dir='ltr'><strong>pont</strong></span> <span class='ocrx_word' id='word_1_604' title='bbox 1069 4588 1197 4658; x_wconf 87' lang='grc' dir='ltr'><strong>ἐλθόντος,</strong></span> <span class='ocrx_word' id='word_1_605' title='bbox 1216 4610 1267 4647; x_wconf 85' lang='grc' dir='ltr'><strong>σοι.</strong></span> <span class='ocrx_word' id='word_1_606' title='bbox 1282 4595 1344 4648; x_wconf 78' lang='lat' dir='ltr'>ven.</span> 
     </span>
    </p>
   </div>
   <div class='ocr_carea' id='block_1_5' title="bbox 0 0 1552 5070">
    <p class='ocr_par' dir='ltr' id='par_1_6' title="bbox 0 0 1552 5070">
     <span class='ocr_line' id='line_1_52' title="bbox 0 0 1552 5070; baseline 0 1"><span class='ocrx_word' id='word_1_607' title='bbox 0 0 1552 5070; x_wconf 95' lang='lat' dir='ltr'><strong> </strong></span> 
     </span>
    </p>
   </div>
  </div>
 </body>
</html>
