3096 5070
378 271 514 326 raanan
532 272 595 325 nra.
613 272 659 322 ιιι.
676 271 758 324 rosa.
774 270 794 322 ι.
813 269 913 343 nanu.
928 269 1050 323 ιιιιιιιι.
1233 256 1293 322 135

217 391 302 478 Quae
325 412 392 456 cnm
419 391 460 455 ita
482 391 557 469 sint,
590 390 776 456 contentiosa
799 389 848 454 illa
870 388 965 454 dubiis
987 388 1129 455 derebus
1150 411 1293 476 quaeca·
1373 388 1390 439 Ρ

132 510 211 582 ptum
229 506 361 560 nostrum
378 503 519 578 superant
536 493 711 557 tractatione
726 492 935 578 praetermissa
955 491 991 554 iis
1008 510 1083 575 quac
1100 512 1117 555 a
1134 492 1294 558 maioribus

132 599 289 684 accipimus
303 597 502 661 inhaeremus.
549 591 626 678 Quis
645 606 692 658 cst
709 596 786 659 euim
804 593 853 680 qni
878 593 1003 663 scientia
1020 594 1131 658 iactare
1147 615 1180 658 se
1203 606 1233 659 et
1248 596 1294 658 in·

131 699 274 767 solentius
298 700 407 765 audeat
430 699 556 775 efferre,
591 718 656 760 cunr
680 698 729 760 ille
753 697 816 782 ipse
841 696 886 760 cui
912 694 1010 759 divina
1040 697 1186 779 patefacta
1210 706 1291 778 sunt,

131 809 183 886 qui
201 783 252 865 ud·
264 806 377 864 teraitm
398 822 486 883 arque
504 801 609 861 coelura
626 816 687 861 erre
701 811 829 873 euectus,
864 803 916 880 qai
931 801 1041 860 audebit
1059 820 1168 861 arcanc
1190 801 1445 876 nordmannia

132 927 196 969 cum
215 906 284 983 ille,
313 903 451 987 inquam,
480 905 577 964 cornio
591 905 706 962 otriaoto
722 907 862 964 coercitos
878 905 935 974 sr't,
960 923 995 962 ae
1009 921 1040 961 se
1055 912 1229 980 arroganter
1242 924 1294 964 er-

133 1011 267 1070 tolleret?
311 1001 390 1088 Quin
407 1003 630 1089 propbetaillc,
661 1004 708 1087 qui
727 1002 822 1080 dixit,
854 1006 971 1064 Credidi
979 1014 1100 1084 propter
1116 1008 1192 1085 quod
1205 1015 1235 1066 et
1251 1006 1294 1066 to·
1306 1015 1346 1061 aa.
1355 1016 1401 1074 ιιι,
1412 1017 1447 1064 ιι.

130 1121 305 1182 cancrum,
337 1111 501 1170 damrbotus
516 1128 594 1180 sum,
618 1103 729 1189 inquit,
755 1126 813 1168 non
832 1114 1005 1188 utcumque,
1029 1104 1081 1171 sed
1097 1109 1191 1168 oriam
1239 1103 1293 1170 Et·

131 1210 208 1275 enim
233 1219 342 1294 quanto
367 1208 488 1293 quisquc
505 1208 540 1270 ad
560 1207 714 1271 scientiam
738 1205 857 1292 propius
882 1206 1000 1271 videtur
1015 1208 1176 1284 accedero,
1209 1217 1292 1270 tanto

132 1312 225 1397 magis
243 1322 380 1397 reputare
398 1332 462 1374 cnm
482 1310 579 1374 animo
596 1330 652 1372 sno
670 1309 756 1372 debet
777 1308 922 1372 bominem
940 1329 973 1372 se
992 1330 1072 1373 esse.
1120 1305 1187 1392 Qua
1204 1310 1241 1373 da
1258 1329 1291 1374 re

131 1416 196 1478 audi
220 1414 286 1497 quid
313 1413 361 1476 ille
386 1414 473 1477 dicat.
528 1416 592 1492 Ego
619 1433 685 1473 oero
707 1414 773 1473 deici
793 1417 822 1473 a‘a
843 1433 962 1474 excessu
982 1434 1059 1488 oneo,
1096 1416 1192 1475 Omnes
1211 1416 1293 1475 domo

131 1521 260 1578 mendac.
307 1517 408 1600 ltaque
430 1536 496 1578 cnm
520 1523 741 1600 praeceptorem
759 1513 892 1578 veritatis
909 1513 1084 1592 babeamus,
1117 1514 1213 1577 nullus
1230 1537 1292 1578 arn·

131 1619 204 1705 plius
230 1618 371 1685 bunarios
398 1617 537 1681 doctores
560 1617 770 1699 adiungamus,
801 1616 852 1679 sed
872 1616 945 1699 apud
963 1637 1017 1680 nos
1042 1616 1097 1703 ipsi
1114 1617 1290 1701 cogitemus,

126 1742 164 1784 ac
179 1740 272 1804 acque
287 1720 452 1785 divinarum
468 1739 568 1782 rerum
585 1719 689 1781 modos
706 1727 736 1780 et
752 1717 902 1796 rationes,
927 1738 1021 1803 neqrre
1040 1719 1195 1803 quidquam
1214 1718 1292 1783 aliud

130 1822 274 1888 curiosius
298 1822 483 1907 indagemus.
537 1817 577 1886 Ut
605 1822 682 1884 euim
708 1819 758 1884 lilii
783 1819 1004 1905 generationem
1029 1821 1179 1906 explicare
1205 1840 1292 1885 nemo

129 1934 243 2011 potest,
274 1924 361 1987 itaet
379 1923 612 2003 modumillum,
642 1944 700 2008 quc
719 1933 803 2008 pater
819 1921 938 2006 genuit,
968 1942 1109 1987 enarrare
1129 1921 1226 1986 nullus
1240 1945 1292 2008 po·

130 2037 201 2092 test.
248 2023 360 2090 Verum
378 2025 446 2089 illud
465 2025 500 2089 ad
518 2024 679 2089 doctrinam
696 2026 832 2089 sufficere
850 2033 998 2108 putatote,
1022 2029 1121 2087 Oaradr
1133 2046 1188 2107 per
1201 2030 1291 2108 ipsum
1304 2039 1444 2098 amata

129 2132 209 2212 facto
225 2139 303 2203 suat,
328 2138 357 2190 et
371 2131 433 2188 seire
450 2130 630 2209 aprosootum
644 2139 689 2190 est
700 2130 784 2190 rtrdd.
831 2123 948 2191 Utinam
966 2145 1039 2190 vero
1053 2128 1102 2191 det
1118 2128 1186 2192 illud
1207 2128 1292 2193 nobis

130 2230 283 2308 dominus,
315 2239 347 2293 nt
369 2230 471 2292 eadem
492 2250 549 2312 qua
567 2229 752 2293 abrahamus
771 2227 924 2315 prudentia
943 2229 1085 2313 praediti,
1117 2251 1183 2294 cum
1202 2231 1290 2310 dixit,

127 2337 213 2397 Nunc
238 2337 321 2413 coepi
339 2352 402 2392 cunr
422 2335 533 2393 monebo
555 2353 615 2392 meo
639 2333 764 2412 colloqui
768 2358 776 2407 ,-
811 2352 864 2410 ego
888 2352 954 2392 aero
971 2352 1033 2392 aura
1057 2344 1180 2396 terraer
1201 2338 1286 2408 crab,
1302 2339 1443 2399 ⁰⁰1¹&st

129 2438 203 2503 adea
218 2445 250 2498 ut
263 2454 321 2498 non
339 2433 494 2497 cedrorum
512 2430 618 2496 Libani
633 2432 728 2495 instar
744 2432 924 2511 attollamur,
948 2455 980 2495 eo
995 2439 1071 2515 qaod
1084 2457 1140 2496 aon
1155 2439 1185 2497 ia
1200 2440 1290 2499 doctos
1329 2462 1348 2507 ι,
1356 2461 1408 2508 cor.

128 2541 267 2601 Ιιιιιιιαιιαο
287 2540 443 2618 rnpo'eatr'ore
466 2537 576 2610 uerbis,
607 2538 659 2596 aed
669 2537 748 2616 fidei
771 2539 948 2598 ansn‘tatrone
965 2542 1106 2618 perceptis
1129 2537 1291 2621 aequabilis
1341 2512 1394 2571 ῃ

128 2639 178 2705 illa
192 2661 227 2703 ac
244 2639 364 2724 pacifica
379 2638 525 2723 sapientia
541 2649 745 2723 comparatur,
770 2638 836 2718 dct,
860 2638 996 2722 inquam,
1029 2638 1113 2702 nobis
1132 2649 1164 2702 ut
1180 2658 1290 2723 nequa·

130 2762 215 2826 quam
233 2740 429 2819 haesitemus,
453 2761 556 2804 verum
576 2738 709 2824 quicquid
729 2740 846 2807 tarrdem
861 2760 998 2824 agamus,
1024 2741 1079 2804 deo
1096 2761 1130 2804 ac
1149 2742 1236 2827 patri,
1260 2751 1292 2806 et

131 2865 195 2907 cum
222 2843 285 2928 ipso
309 2842 367 2906 atio
383 2842 413 2906 in
438 2841 544 2928 spiritu
564 2855 666 2907 sancto
682 2842 861 2927 placeamus.
907 2839 963 2906 Cui
982 2842 1093 2927 gloria,
1121 2844 1288 2929 imperium,

130 2943 242 3024 bonor,
266 2955 297 3009 ct
316 2943 411 3009 virtus
433 2967 513 3009 ranno
535 2956 565 3008 et
584 2965 702 3031 semper
722 2944 888 3009 insaecula
907 2946 1111 3025 saeculorum,
1135 2945 1245 3010 Arnen.

432 3063 617 3116 HACTENUS
634 3064 776 3116 decenn
794 3062 983 3116 CONFESSIO.

214 3246 356 3316 Ceteram
373 3250 528 3336 plerisque
552 3272 592 3316 ex
614 3251 729 3315 Ariana
751 3251 879 3315 lactinae
903 3251 998 3316 visum
1017 3265 1063 3316 est
1083 3254 1159 3317 bunc
1175 3274 1192 3318 c
1206 3251 1287 3318 Pon·
1337 3267 1399 3336 esp.

129 3353 188 3417 tica
212 3353 333 3438 regiona
358 3355 537 3433 transferre,
569 3354 644 3439 quod
670 3354 742 3440 ipsis
771 3365 867 3417 tamen
891 3353 1029 3432 minime,
1063 3367 1095 3419 ut
1115 3355 1284 3441 sperabant,
1298 3337 1425 3390 mm

129 3454 306 3540 voluptatem
329 3467 360 3518 et
379 3454 469 3519 otium
494 3456 545 3519 sed
565 3456 727 3520 molestiam
747 3456 855 3520 attulit.
901 3452 996 3539 lgitnr
1012 3457 1219 3542 imperatorem
1238 3457 1288 3520 de·

130 3556 239 3621 latione
256 3578 308 3622 sua
326 3556 517 3620 inhominem
535 3568 740 3638 commovent,
764 3559 840 3643 quod
859 3560 1019 3644 perfectam
1038 3568 1203 3623 creaturam
1221 3578 1288 3622 esso

130 3658 218 3721 lilium
238 3659 365 3743 profiteri
382 3658 483 3737 nollet,
508 3678 543 3720 ac
558 3660 672 3723 tandem
690 3681 706 3723 e
723 3681 776 3724 sua
793 3661 863 3724 sede
881 3661 1045 3724 deturbant.
1078 3657 1181 3745 ltaque
1199 3671 1286 3724 rrootu

128 3760 159 3824 iu
177 3760 297 3824 exilium
315 3761 483 3844 deportatus
501 3761 537 3822 ad
557 3760 628 3823 haec
655 3783 747 3846 usque
766 3773 897 3848 tempora
926 3762 955 3825 in
984 3761 1079 3848 patria
1103 3762 1197 3846 degit,
1227 3763 1287 3827 sin·

129 3862 225 3947 gulari
242 3862 353 3925 bonore
377 3883 412 3925 ao
430 3861 637 3925 benevolentia
653 3865 891 3947 prosequendus,
925 3886 989 3928 cum
1008 3864 1045 3927 ob
1062 3864 1138 3942 alia,
1171 3875 1230 3928 tum
1250 3865 1287 3930 ob

129 3983 255 4048 eaquae
277 3984 354 4027 nuuc
369 3961 521 4049 praeclare
539 3963 575 4025 ab
592 3984 628 4025 co
643 3972 728 4048 gesta
748 3964 920 4046 didicimus,
952 3977 982 4029 ct
1000 3967 1077 4051 quod
1094 3966 1285 4049 Antiocheni,

129 4065 234 4151 quibus
255 4065 305 4129 ille
329 4077 464 4152 praeest,
498 4064 643 4128 sinceram
668 4066 752 4129 iidem
779 4065 834 4130 hoe
862 4077 994 4152 tempore
1016 4070 1206 4154 profitentur,
1237 4072 1286 4156 qui

131 4167 237 4233 nullam
253 4168 389 4256 amplius,
413 4189 448 4233 ac
465 4188 502 4231 ne
521 4167 627 4231 leuiter
642 4167 772 4253 quidem,
797 4181 950 4232 creaturae
967 4171 1142 4235 inentionem
1164 4173 1284 4254 laniunt,

130 4272 182 4333 sed
210 4283 321 4355 patrem
351 4283 382 4334 et
410 4271 498 4335 lilium
522 4281 553 4333 et
580 4271 713 4356 spiritum
744 4282 877 4335 sanctum
910 4273 1187 4341 consubstantialem
1217 4297 1284 4342 esse

132 4440 178 4490 brta
203 4455 243 4492 nec
269 4457 342 4493 mona
363 4447 470 4507 ocrtptr'r,
502 4455 544 4493 nto
568 4445 629 4506 typis
653 4447 775 4506 exprome.
