3096 5070
253 255 315 317 478
676 265 800 319 θλΝίΞΤί
816 267 989 319 ΕΡΙΡΗΔΝΙΙ

255 379 333 467 έῶρα
344 381 399 464 την
411 388 603 463 Σουμανῖτιν,
626 390 821 467 παραμυθίας
835 384 867 448 δέ
882 382 968 469 χάριν
982 380 1164 469 ὑπερβέβηκε
1177 380 1230 466 την
1242 380 1333 461 τάξιν,
1358 384 1430 450 καί.

253 484 408 562 ἀνεδέξατο
423 483 500 568 πρδς
514 481 568 567 την
583 482 665 569 ῶραν
685 491 905 571 1παραμυθίας
919 493 972 568 τῆς
987 485 1127 571 γυναικδς
1142 485 1236 570 χάριν,
1259 488 1322 550 ίσον
1337 480 1411 570 ἡγη-

253 586 379 669 σάμενος
401 584 434 651 τδ
452 586 600 652 ἅπτεσθαι
617 594 676 652 τῶν
692 587 788 654 αῦτοῦ
805 591 908 654 ποδῶν
924 585 1006 672 παρά
1029 587 1193 671 συνήθειαν
1212 587 1267 670 την
1283 595 1412 672 γυναῖκα
1492 637 1495 642 -

252 696 307 772 τῆς
321 686 413 771 αὐτῆς
435 690 467 754 ἐν
489 696 526 777 τῇ
542 692 661 777 διανοίγ
682 687 840 766 κακάσεῶς
857 715 886 754 τε
908 692 960 756 καί
980 688 1084 773 λάπης.
1130 691 1188 755 Καὶ
1205 695 1233 756 τί
1249 716 1300 773 μοι
1317 686 1412 755 πολλά

115 819 237 877 mm.
254 793 345 877 λέγειν
366 792 434 876 περί
456 791 585 870 τοῦτων,
616 798 676 857 τῶν
696 790 767 867 τοῦς
782 790 877 868 κῦνας
898 795 1103 875 μιμουμένων,
1134 794 1185 858 καί
1203 789 1273 868 τοῦς
1291 791 1348 868 ῦας
1361 799 1412 874 ζη·

253 891 399 979 λοῦνταν,
446 895 522 979 Περὶ
547 894 580 959 δέ
604 901 659 960 τοῦ
681 897 774 959 εἰπεῖν
795 892 901 962 ἕαοτάν
920 893 1065 981 Χριστόν,
1095 899 1152 960 τίνι
1173 900 1279 976 μανίας
1297 892 1332 959 δν
1353 891 1411 960 οῦκ

255 993 368 1078 α’φθείη
388 995 421 1062 τά
437 995 534 1081 δόγμα
550 1003 608 1061 τῶν
624 994 742 1062 σῦυεσιν
765 999 965 1080 κεκτημένωνς
995 996 1129 1083 ἢλέγειν
1149 997 1211 1074 ὅτι,
1245 994 1412 1081 Προφήτης

256 1097 329 1184 2705,-
378 1103 412 1164 Τί
432 1097 489 1184 γάρ
518 1103 701 1183 προφητείας
722 1096 793 1184 παρ’
815 1097 919 1177 αῦτοῖς
947 1097 1027 1175 είδος
1057 1096 1251 1181 φαινόμενονς
1281 1097 1413 1180 ἢποῖον
1494 1133 1498 1140 ·

216 1231 219 1237 ·
257 1206 388 1286 Χριστοῦ
403 1198 580 1284 θαυμαστῶν
603 1203 691 1286 έργον
711 1205 833 1286 γίνεταις
877 1203 964 1267 m}
978 1199 1068 1278 αῦτδς
1088 1198 1233 1287 Χριστδς,
1263 1203 1305 1277 είς
1321 1208 1411 1266 ποῖον

254 1301 359 1388 τάρων
374 1300 479 1384 ἤλπικέ
494 1305 589 1368 τεκαὶ
604 1306 793 1381 πεπίστευκας
843 1308 878 1369 Τί
894 1303 931 1370 τά
949 1311 1001 1386 τῆς
1022 1303 1135 1386 πλάνης
1155 1301 1409 1385 κενοφωνήματας

254 1411 282 1472 τί
296 1411 355 1472 τῶν
374 1402 508 1486 άνοήτων
530 1404 566 1468 τά
592 1404 739 1491 δόγματα,
781 1402 864 1470 ’Λλίά
888 1404 1005 1490 άρκέσει
1026 1408 1076 1473 καί
1097 1407 1165 1492 περί
1185 1403 1295 1488 ταῦτης
1312 1403 1348 1469 τά
1367 1405 1412 1481 είς

255 1506 350 1590 αὐτὴν
371 1508 519 1593 εἰρημένα.

222 1734 238 1788 ’,
344 1713 405 1776 Καὶ
424 1713 480 1786 έως
503 1703 561 1777 ῶδε
576 1712 662 1794 ἐχέτω
677 1710 710 1777 τά
727 1716 886 1797 σφραγίσαι
903 1715 954 1778 καί
975 1720 1123 1779 τελειῶσαι
1139 1711 1193 1795 την
1210 1720 1309 1780 πᾶσαν
1324 1709 1412 1794 ἡμῶν

256 1816 323 1903 περὶ
337 1811 449 1880 τοῦτον
464 1817 678 1898 πραγματείαν·
708 1821 762 1880 τοῦ
775 1822 853 1880 θεοῦ
873 1812 946 1899 ἡμῖν
960 1817 1157 1895 ἐπιφανέντος
1173 1819 1224 1882 καί
1239 1813 1411 1899 βοηθήσαν-
1518 1884 1520 1888 ,

255 1943 322 1997 τος,
353 1914 394 1993 ῶς
418 1913 571 2001 δμολογεῐν
592 1918 670 1981 ἐστιν
690 1917 723 1981 ἐκ
747 1915 847 1999 πάσης
869 1924 971 2000 ψυχῆς
985 1919 1034 1982 καί
1054 1921 1203 1997 διανοίας,
1233 1915 1411 2002 εὐχαριστεῖν

255 2016 338 2108 αῦτγῦ
354 2026 395 2108 τῶ
410 2022 518 2102 κυρία,
541 2017 587 2083 ὅτι
600 2016 635 2083 τά
653 2016 833 2104 ἐπάγγελμα,
856 2018 874 2084 δ
888 2019 1131 2105 ἐπηγγειλάμεθα,
1154 2021 1186 2085 ἐν
1204 2017 1286 2109 αὐτῷ
1301 2028 1343 2110 τῷ
1358 2045 1410 2085 κν·

256 2127 312 2212 ρίφ
326 2120 553 2204 κατηξιῶθημεν
570 2127 730 2199 τελειῶσαι,
761 2119 837 2186 κατά
858 2124 998 2205 αἱρέσεων
1014 2123 1061 2202 δέ,
1090 2123 1182 2204 φημί,
1204 2119 1260 2205 τὴν
1275 2119 1409 2207 διήγησιν

257 2226 309 2290 καλ
325 2222 498 2308 αἰυατροπὴν
517 2221 726 2306 ποιησάμενοι,
756 2221 817 2307 ἅμα
834 2249 864 2289 τε
882 2227 933 2289 καί
952 2222 1198 2305 ιἰποκαλῦφαντες
1214 2222 1283 2310 παρ’
1297 2220 1403 2309 ἑκάστη

258 2331 287 2394 τί
299 2325 464 2412 πράττεται,
487 2323 527 2403 ῶς
542 2323 618 2392 κατά
628 2323 683 2408 τήν
701 2332 713 2370 ¹
725 2322 868 2412 ἡμετέραν
881 2324 1043 2393 άπάστασιν
1058 2334 1111 2410 τῆς
1124 2327 1272 2402 αἰσθενοῦς
1285 2323 1402 2406 ἅνθρω-

258 2427 394 2512 πδτητος.
427 2426 510 2504 Ἕως
530 2427 586 2514 γάρ
612 2430 742 2493 ἐνταῦθα
766 2428 949 2514 ὀγδοήκοντα
973 2431 1129 2515 αἱρέσεων,
1160 2421 1203 2496 ῶν
1220 2424 1403 2509 λνηςτίθημεν

261 2538 326 2621 ²¹93
342 2528 459 2618 κόσμῳ,
481 2533 532 2595 καί
548 2533 676 2615 έγνωμεν
692 2528 745 2595 τῶν
761 2527 893 2615 άριθμδν
907 2534 959 2596 καί
977 2530 1029 2607 τάς
1050 2530 1221 2614 ὀνομασίας,
1248 2533 1298 2594 καί
1313 2552 1405 2593 τινων

258 2632 312 2711 τάς
325 2632 440 2719 δήσεις,
462 2631 628 2716 προφάσεις
641 2657 671 2710 τε
687 2634 739 2697 καλ
754 2636 879 2714 σχέσεις,
901 2631 953 2710 τάς
967 2631 1063 2720 ὁρμάς
1076 2638 1128 2700 καί
1143 2632 1178 2700 τῦ
1194 2635 1273 2700 αίτια
1289 2628 1408 2714 αἰπαρα-

258 2741 380 2813 λείπτως
402 2732 623 2814 ῦποδείξαντες,
653 2743 824 2823 θαυμασμῷ
842 2736 1000 2821 φερόμενοι
1027 2739 1253 2821 ἐκπεπλήγμεθα
1272 2731 1306 2800 τά
1325 2734 1357 2798 ἐν
1373 2736 1408 2820 τῇ

258 2843 328 2927 θεία
344 2841 446 2926 γραφη
463 2839 616 2921 είρημένον
633 2834 694 2916 δτι,
715 2834 938 2919 Ἑξήκοντάείσι
952 2843 1134 2922 βασίλισσαι,
1160 2842 1212 2904 καί
1226 2833 1410 2922 ὀγδοήκοντα

258 2941 420 3019 παλλακαὶ,
446 2942 518 3005 8καί
536 2938 667 3015 νεάνιδες
686 2931 728 3004 ῶν
744 2936 800 3006 οῦκ
819 2943 897 3006 ἔστιν
913 2938 1057 3026 ιἰριθμδς·
1079 2945 1131 3023 μία
1149 2942 1226 3019 ἐστὶ,
1256 2930 1411 3021 περιστερά

258 3069 327 3128 μου,
349 3047 440 3108 τελεία
453 3069 518 3125 μου.
553 3040 613 3118 Ὣς
627 3033 684 3108 οῦν
697 3044 765 3128 περί
780 3049 840 3108 τῶν
855 3051 1011 3110 παλλακῶν
1025 3041 1141 3108 τοῦτον
1153 3050 1213 3108 τῶν
1226 3039 1412 3128 ὀγδοήκοντα

258 3143 406 3232 εἰρηκότες
423 3144 574 3228 άπαργῆς,
596 3147 824 3229 Βαρβαρισμοῦ,
854 3149 905 3212 καί
919 3144 1125 3230 Ἑλληνισμοῦ,
1155 3147 1208 3210 καί
1220 3148 1411 3224 Σκυθισμοῦ,

257 3250 309 3317 καί
321 3246 523 3331 Ἰουδαϊσμοῦ,
545 3247 596 3311 καλ
612 3253 866 3332 Σαμαρειτισμοῦ,
901 3248 1088 3333 ’ίόνομασίας
1102 3253 1161 3313 τῶν
1177 3243 1233 3313 οῦκ
1249 3244 1348 3311 οῦσῶν
1366 3246 1412 3310 ἐν·

258 3352 381 3433 θίσμων
399 3356 564 3435 γυναικῶν,
593 3347 664 3414 οῦδέ
685 3348 746 3416 άπδ
763 3358 817 3416 τοῦ
832 3353 973 3434 βασιλέως
991 3351 1260 3436 πεπροικισμένων,
1292 3344 1363 3414 ου’δέ
1378 3348 1412 3412 ἐν

259 3452 422 3535 διαθήκαις
436 3460 496 3518 τῶν
511 3453 621 3518 τέκνων
634 3451 735 3517 αῦτῶν
750 3460 940 3538 κληρονομεῖν
953 3455 1132 3536 δυναμένων.
1178 3450 1272 3516 Φῦσει
1287 3450 1340 3532 μέν
1355 3446 1411 3534 γάρ
1450 3517 1452 3520 ⁴

260 3560 332 3624 εἰσιν
346 3555 549 3640 ἐβδομήκοντα
566 3555 668 3634 πέντε,
690 3557 740 3620 καί
755 3555 868 3622 τούτων
885 3560 918 3621 αί
934 3559 1054 3641 μητέρες
1069 3557 1173 3633 πέντε,
1203 3551 1298 3638 ῶςπερ
1315 3548 1413 3633 Ἕλλη·

260 3656 379 3743 νισμδς,
403 3655 456 3738 άφ’
471 3649 507 3722 οῦ
522 3654 675 3738 Ἕλληνες,
696 3659 747 3722 καὶ
760 3657 964 3742 Ἰουδαϊσμδς,
986 3657 1040 3738 άφ’
1057 3650 1095 3723 οῦ
1106 3656 1247 3722 Ἰουδαῖοι
1264 3657 1315 3720 καί
1332 3654 1412 3738 αίρί-

260 3783 334 3840 σεις,
362 3763 413 3827 καλ
436 3757 651 3846 Σαμαρειτικη,
681 3755 733 3840 (ἐφ’
756 3753 793 3826 οῦ
814 3760 1065 3846 Σαμαρειτισμδς,
1097 3761 1147 3826 καί
1172 3753 1411 3844 Χριστιανισμδς,

260 3860 313 3945 εἶφ’
327 3855 365 3930 οῦ
381 3862 615 3945 ἐξεκλάσθησαν,
647 3859 744 3947 ῶςπερ
765 3861 885 3943 κλάδοι,
917 3867 951 3929 αἱ
970 3864 1182 3949 ἇφορισθεῖσαι
1203 3862 1341 3945 αἱρέσεις,
1370 3859 1414 3934 είς

260 3963 354 4048 ὄνομα
373 3972 504 4051 Χριστοῦ
519 3973 690 4046 κληθεῖσαι,
713 3961 754 4047 μη
771 3957 857 4031 οὖσαι
873 3967 905 4030 δέ
922 3965 1031 4045 αῦτοῦ,
1054 3962 1113 4031 ἀλλ’
1129 3967 1163 4028 αἱ
1175 3964 1228 4046 μέν
1243 3959 1301 4028 άπδ
1319 3957 1414 4043 μήκο-

118 4099 172 4153 γις.
189 4086 247 4133 lm.
259 4079 316 4135 θεν
333 4066 425 4134 αῦτοῦ
439 4067 515 4135 πολῦ
532 4070 695 4143 διεστῶσαι,
717 4069 750 4130 αί
762 4068 795 4132 δέ
812 4065 862 4132 διά
879 4094 906 4133 τι
923 4065 1072 4150 ἐλάχιστον
1087 4063 1348 4149 άποκληρονάμους
1360 4064 1412 4127 καί

261 4174 346 4252 ξίνας
370 4172 465 4239 αῦτοῦ
490 4169 599 4246 ἑαυτάς
619 4166 852 4252 καταστησασαι,
880 4171 931 4234 καλ
953 4169 990 4235 τά
1013 4168 1137 4235 ὁαῦτῶν
1153 4170 1255 4245 τέκνα,
1282 4172 1342 4230 τῶν
1355 4161 1414 4231 οῦτ

292 4309 318 4363 3.
329 4309 492 4377 παραμυθίας
506 4312 575 4361 codd.
585 4324 640 4361 τιτι.
652 4314 753 4373 ιιίετηαι.
771 4323 819 4360 πα-
884 4308 908 4359 2.
926 4311 1034 4361 Fortasse
1049 4311 1136 4361 κετίσίε
1151 4308 1293 4371 praepositio
1309 4302 1345 4356 ἐι.

261 4379 392 4448 ραμυθίτιν
409 4382 465 4430 editi
482 4382 543 4428 libri.
888 4377 912 4427 3.
929 4376 974 4428 καί
996 4382 1059 4428 nbat
1080 4379 1180 4428 acadd.
1196 4390 1250 4427 ιαεε.
1273 4379 1369 4436 utroque
1393 4379 1415 4423 τί

295 4448 440 4501 Cn.X.-
468 4449 490 4501 l.
504 4448 571 4498 Libri
583 4449 653 4512 ναίςο
666 4440 818 4511 ίεαίτιείῦμε·
853 4446 907 4496 edu„
923 4449 998 4506 princ.

260 4514 340 4582 τίραν.
885 4511 907 4563 4.
927 4515 1105 4565 &scribendum
1118 4519 1152 4564 ιιι
1165 4507 1320 4578 ὀνομασίαις-
