3096 5070
1212 82 1228 117 0

402 290 538 343 raanan
557 292 673 343 uranu.
693 291 775 343 ron.
787 292 807 342 t.
824 289 1053 341 aaranxxvr.
1249 271 1312 339 tlt

156 420 281 496 atquae
304 411 539 475 oommemoratis
563 411 643 475 hisee
663 411 775 477 naturis
797 412 913 486 insunt,
944 419 995 472 aot
1015 428 1087 471 nasu
1109 406 1232 491 quodam
1251 406 1312 468 lor·

154 512 388 579 taitoaeoidisae
408 514 559 593 dieantur,
591 526 658 593 aut,
690 517 765 599 quod
785 525 1014 576 consentaneum
1040 522 1103 587 εει,
1134 502 1197 572 eim
1219 507 1311 592 ipsam

155 616 268 701 quidem
287 636 361 700 quae
386 617 447 700 agit
466 615 643 700 ingenitam,
676 637 749 701 quae
772 637 845 679 vero
862 615 969 701 patitur
983 635 1017 678 ao
1039 623 1167 677 mutatur
1183 608 1311 695 genitam

154 719 341 805 appellemus.

238 823 329 884 XXX.
356 818 388 885 Si
407 822 524 905 genitae
543 833 665 886 naturae
682 843 788 885 caussa
805 830 853 883 est
871 819 1019 903 ingenita,
1045 816 1204 902 ingenitum
1224 834 1308 892 vero,

153 924 229 1009 quod
246 923 417 1009 prinoipiuor
435 923 552 1003 dieitur,
571 924 640 987 nibil
660 925 778 987 omnino
796 923 845 998 sit,
866 923 982 1006 quinam
1000 933 1096 1007 potest
1111 922 1138 985 id
1153 923 1228 1006 quod
1242 917 1312 983 nibil

153 1037 201 1090 est
226 1027 290 1090 eius
311 1027 387 1109 quod
412 1026 580 1110 prodnotum
604 1036 740 1091 estesse
763 1025 956 1110 principium?

237 1131 343 1192 XXXl.
360 1126 393 1193 Si
408 1130 569 1212 ingenitum
587 1131 713 1214 privatio
727 1131 868 1213 quaedam
884 1139 942 1205 est,
958 1138 1004 1190 est
1018 1139 1114 1190 autem
1130 1125 1256 1211 privatio
1270 1124 1314 1188 al·

153 1231 290 1294 leetiouis
305 1230 444 1309 amissio,
475 1231 596 1295 amissio
620 1253 708 1316 porro
725 1231 841 1316 penitus
856 1250 874 1293 e
892 1229 988 1293 medio
1004 1229 1133 1307 tollitur,
1157 1239 1207 1293 aut
1224 1228 1252 1291 iu
1270 1227 1313 1291 al·

155 1344 248 1397 terum
266 1345 473 1414 commutatur,
497 1355 624 1418 quonam
649 1345 734 1418 paeto
753 1334 909 1397 affectione
927 1333 975 1395 ille
993 1343 1164 1396 transeunte
1181 1340 1231 1394 aut
1248 1350 1314 1415 per·

159 1447 255 1523 ειιιιιε,
280 1436 335 1499 boo
354 1448 399 1499 εει
417 1436 540 1519 ingeniti
558 1436 771 1521 appellatione,
797 1435 844 1499 dei
862 1435 1023 1499 substantia
1040 1432 1314 1518 cognominabitur?

238 1540 355 1602 XXXll.
381 1535 414 1603 Si
430 1539 591 1624 ingenitum
610 1539 824 1623 privationem,
848 1559 924 1623 qnae
940 1538 996 1602 deo
1013 1560 1071 1601 uon
1089 1537 1178 1615 inest,
1203 1534 1314 1619 signill-

159 1651 216 1723 ort,
237 1662 289 1706 eur
310 1641 472 1724 ingenitum
495 1662 575 1718 esse,
598 1641 729 1725 genitum
751 1663 824 1704 vero
846 1663 904 1704 nou
928 1660 996 1705 ease
1018 1640 1161 1704 elisimus?

237 1746 372 1808 XXXlll.
383 1741 417 1809 si
434 1744 597 1827 ingenitum
617 1745 692 1807 nuda
709 1743 739 1806 in
757 1743 811 1807 deo
827 1755 874 1807 est
889 1743 1057 1828 appellatio,
1083 1743 1158 1805 adeo
1177 1752 1313 1826 utsupra

160 1856 321 1912 erutarum
337 1868 434 1911 rerum
453 1846 581 1910 omnium
597 1845 793 1910 oorrditionem
809 1846 873 1910 sola
888 1846 1086 1931 pronuntiatio
1105 1845 1231 1908 divinam
1245 1842 1315 1907 aub-

155 1948 290 2013 stautiam
307 1950 449 2029 extollat,
474 1970 659 2034 consequens
674 1959 720 2012 est
736 1948 882 2011 bominum
901 1947 1168 2035 pronuntiationem
1182 1946 1315 2031 omnipo·

155 2051 245 2116 tentis
269 2052 315 2115 dei
330 2052 496 2115 substantia
516 2050 757 2135 praestantiorem
777 2052 890 2129 videri,
921 2072 995 2134 qnae
1019 2050 1134 2135 quidem
1158 2051 1248 2135 ipsam
1270 2049 1315 2113 in-

154 2154 359 2239 oomparabilis
382 2153 558 2219 excellentia
581 2154 730 2238 dignitatis
753 2164 892 2217 exornet.

238 2258 371 2319 XXXlV.
385 2254 418 2321 si
435 2278 499 2320 uum
517 2278 555 2320 eo
571 2257 651 2321 omui
668 2256 744 2340 quod
761 2256 891 2339 genitum
910 2268 954 2320 εει
970 2255 1115 2341 implicata
1134 2266 1180 2320 est
1196 2265 1226 2319 ει
1245 2275 1316 2320 oon·

153 2358 252 2423 iuueta
265 2379 387 2423 oarrssae
403 2359 496 2439 notio,
520 2363 622 2423 nausea
641 2380 714 2422 uero
730 2370 775 2421 εει
794 2359 923 2442 ingenita
939 2370 1054 2434 natura,
1072 2379 1136 2422 oum
1155 2357 1315 2441 ingenitum

154 2461 296 2541 uicimus,
322 2483 381 2525 nou
393 2483 527 2526 nauseam
541 2462 681 2546 aliquam,
706 2462 757 2524 εειι
775 2462 967 2526 substantium
983 2460 1186 2546 exprimimus.

239 2566 359 2627 XXXV.
383 2562 417 2628 si
442 2563 576 2648 quioquid
598 2564 769 2648 prodnotum
792 2575 855 2642 est,
887 2564 923 2629 ab
942 2564 1037 2628 altero
1060 2563 1230 2648 prodnotum
1256 2573 1314 2640 εει,

153 2667 285 2751 ingenita
311 2687 382 2731 vero
407 2667 574 2752 hypostasis
600 2686 688 2729 uesa
711 2685 744 2730 se
762 2668 843 2751 ipsa,
875 2687 930 2730 nee
951 2667 988 2730 ab
1016 2666 1072 2729 alia
1093 2666 1234 2749 produota
1254 2675 1313 2744 εει,

154 2768 276 2854 ingeniti
299 2769 443 2833 voeabulo
465 2767 629 2832 substantia
654 2769 716 2853 ipsa
739 2768 921 2853 significetur
943 2779 1070 2853 oportet.

237 2873 370 2934 XXXVl.
386 2868 420 2936 Si
440 2871 561 2954 ingeniti
581 2870 757 2948 substantia,
782 2881 917 2956 tauquam
934 2892 1052 2947 oaussa,
1074 2870 1204 2953 ingenita
1225 2870 1316 2956 hypo·

156 2973 244 3037 steria
262 2974 445 3052 declaratur,
474 2993 549 3057 quae
566 2993 636 3058 prae
660 2971 740 3036 omrai
758 2995 928 3038 caussarum
951 2995 1062 3058 genere
1083 2973 1316 3038 immutabilitate

158 3076 286 3159 praedita
301 3086 364 3153 εει,
388 3077 490 3139 eadem
507 3097 559 3161 per
577 3095 644 3139 sese
662 3076 825 3139 substantia
845 3077 1083 3162 incomparabilis
1101 3087 1158 3154 εει,
1184 3098 1241 3141 nou
1264 3096 1315 3138 ve·

155 3176 200 3240 lut
215 3179 399 3242 extrinsecos
417 3178 557 3241 adscitam
576 3177 743 3262 qualitatem
763 3178 842 3241 illam
858 3201 927 3264 prae
947 3201 980 3242 se
998 3180 1113 3255 larena,
1147 3179 1217 3242 nibil
1234 3189 1264 3241 ut
1278 3178 1314 3242 ιι

156 3278 249 3364 ipsam
264 3281 357 3364 possit
370 3283 530 3359 assedere,
561 3281 614 3344 sed
628 3280 656 3343 ιιΙ
674 3300 712 3344 ex
732 3301 799 3345 sese
824 3282 912 3345 babet
929 3282 969 3345 uti
989 3283 1060 3345 nibil
1079 3303 1143 3345 oum
1165 3283 1227 3366 ipsa
1244 3302 1315 3344 oon·

156 3379 247 3460 terri,
268 3385 371 3446 autad
389 3404 453 3447 earn
470 3385 612 3447 aoeedere
629 3381 733 3468 possit.
781 3380 865 3448 Unde
884 3395 915 3448 et
930 3405 982 3469 per
1000 3397 1093 3448 semet
1111 3395 1158 3448 εει
1172 3383 1313 3467 ingenita.

239 3485 383 3550 XXXVll.
409 3482 442 3550 Si
460 3487 643 3571 omnipotens
660 3485 731 3547 deus
751 3496 885 3549 naturam
904 3508 1019 3553 omnem
1040 3488 1172 3564 excellit,
1197 3507 1233 3550 eo
1251 3487 1315 3571 ipso

153 3585 228 3668 quod
256 3586 402 3670 ingenitus
435 3599 482 3652 est
508 3589 637 3652 exoellit.
693 3587 780 3672 Quae
805 3589 969 3674 proprietas
993 3611 1099 3654 caussa
1128 3599 1174 3652 est
1207 3588 1315 3673 genitis

153 3687 288 3753 omuibus
308 3689 494 3754 stabilitatem
510 3691 763 3773 constantiamque
780 3692 923 3755 tribuens.
970 3689 1024 3756 Sin
1040 3703 1136 3756 autem
1154 3691 1315 3775 ingenitum

152 3789 344 3856 substantiam
371 3815 429 3856 non
447 3793 604 3877 exprimit,
637 3812 733 3875 aquo
758 3793 873 3856 tondent
894 3795 1057 3877 genitarum
1085 3815 1182 3857 reruni
1209 3805 1313 3858 natura

148 3891 276 3979 seipsam
301 3905 330 3957 ut
353 3905 511 3958 conservet
534 3893 676 3978 accipiet?

181 4013 225 4067 68.
241 4015 291 4078 τῆς
311 4018 375 4064 abest
390 4016 472 4076 nfra,
496 4028 549 4064 unm
575 4015 619 4063 bue
635 4016 714 4063 υιιιε-
747 4017 823 4075 princ.
848 4016 916 4065 babet
937 4008 1056 4069 ου’κιτι
1040 4035 1087 4076 αι,
1113 4018 1150 4066 ιιι.
1167 4017 1248 4068 Petam
1269 4009 1317 4070 ευίι

147 4097 202 4164 saep
216 4084 365 4133 ιιιιιιιειιειιι
377 4081 422 4134 τοῦ
433 4078 638 4147 παντοκράτορος,
654 4077 713 4134 rino
749 4081 837 4135 αἴτιοι.

93 4210 97 4227 o
150 4146 269 4209 στάσεως
285 4143 432 4230 quxplrrp
449 4152 502 4202 κτλ.
783 4149 824 4201 7ι.
843 4144 909 4204 oillei
927 4153 997 4213 ιιιιιιι.

181 4216 222 4269 69.
240 4216 284 4271 rba
301 4213 490 4299 numoxpoiropu
506 4220 578 4280 infra.
782 4216 822 4268 73
843 4217 1036 4283 συιεμφαιιεται
1052 4223 1124 4283 infru.
1160 4223 1228 4283 Quod
1243 4236 1315 4285 prue-

181 4283 222 4335 70
240 4280 351 4346 ἀναίτιος
364 4289 458 4348 reparet
480 4300 510 4335 ea
527 4288 602 4350 Resot.
639 4290 713 4353 Vulqo
748 4287 869 4360 ιιιιιιιιιιιιι
887 4288 988 4336 υιιιιιιιι.

147 4356 210 4402 ειιιιιι
231 4359 344 4416 emptam
367 4359 399 4404 εει
421 4354 506 4413 αἴτιος.
541 4357 571 4405 Et
585 4357 713 4407 Gnnmrtm
781 4352 821 4407 ιι.
840 4356 907 4416 basra
924 4348 1066 4408 αιτιοιισια.

146 4425 216 4471 uertit
232 4439 332 4472 caussae
347 4439 440 4472 ersom.
781 4423 820 4474 76.
840 4420 1025 4506 συιυφαινουσα
1041 4427 1115 4487 infre.

182 4487 222 4539 71
241 4485 288 4543 οὐκ
310 4490 392 4544 αἰτίαν
413 4493 517 4573 reposo
528 4505 557 4541 ea
574 4493 667 4556 ltesut„
692 4500 713 4544 ει
780 4488 820 4541 76.
840 4486 927 4556 ἐπειδὴ
946 4491 1170 4558 (nuperorum
1184 4499 1210 4545 tn
1224 4496 1314 4559 ιιειιιι.)

147 4557 216 4607 eodo.
237 4573 292 4609 ons.
318 4563 359 4624 qut
380 4561 466 4611 ιειειιι
486 4552 534 4613 οὐκ
556 4557 632 4613 lelna
666 4564 712 4615 Ει.
746 4562 1007 4626 autumantesque.
1042 4559 1097 4618 lore
1113 4559 1147 4632 bai
1172 4565 1230 4615 ιιιιι
1251 4565 1313 4617 ιιιιι
