3096 5070
395 290 664 344 reassumam.
682 292 1047 345 momentanearum.
1232 276 1295 344 ιιι

148 411 342 478 cousuluisse.
375 407 464 476 Com
489 410 566 474 enim
588 410 765 475 necessariis
780 412 809 476 iu
827 412 915 476 rebus
932 396 966 476 ac
984 413 1038 475 deo
1053 410 1296 476 convenientibus

149 512 315 580 dissimilem
345 513 420 576 hune
447 524 476 576 et
500 514 682 598 inaequalem
708 513 845 598 siquem
870 512 972 598 genuit
995 513 1174 593 constituas,
1209 514 1295 598 idque

148 638 254 702 magno
269 636 341 680 sane
361 636 482 694 errore,
514 615 565 679 sed
587 617 658 679 laisa
681 617 804 700 quadam
820 615 937 702 pietatis
953 615 1051 701 speeie
1068 616 1236 698 confingere
1253 613 1297 678 vi·

146 721 253 797 deare,
277 719 307 781 in
324 718 379 781 lroc
395 718 459 803 ipso
475 727 589 796 tamen,
614 719 689 802 quod
704 718 760 781 deo
776 717 1008 802 indignissimum
1023 729 1087 795 est,
1111 718 1147 780 iis
1164 738 1239 801 quae
1255 715 1298 781 di-

140 821 297 888 .rinitetem
321 821 385 883 eius
403 819 521 883 minime
541 821 646 883 deccat
662 819 785 883 similem
805 821 968 904 praedicas.
1017 819 1152 903 inprimis
1175 821 1252 882 euim
1268 818 1298 882 in

147 935 206 988 tam
220 924 295 987 altas
313 922 349 986 de
366 922 421 984 deo
436 921 631 1005 cogitationes
648 943 715 988 sese
737 923 919 985 committere
940 921 1113 1006 impietatis,
1143 921 1189 984 vel
1209 921 1298 984 lurio-

22 1031 28 1041 '
144 1023 308 1110 enepotius
326 1025 432 1087 mentis
447 1023 496 1087 ille
513 1025 625 1087 tructus
642 1036 698 1087 εει.
731 1022 808 1087 Nam
826 1045 889 1087 cum
905 1024 976 1086 haee
992 1045 1127 1109 usurpas,
1147 1022 1298 1108 suiipsius

146 1150 215 1196 esse
233 1148 386 1205 caussam,
417 1137 467 1189 aut
488 1127 551 1211 ipse
576 1125 632 1189 sibi
654 1137 686 1188 ut
708 1137 788 1190 esset
809 1126 987 1203 contulisse,
1022 1137 1144 1209 utraque
1168 1124 1215 1188 illa
1232 1145 1298 1209 pes-

145 1232 221 1296 sima
245 1229 412 1314 suspicione
429 1229 613 1312 temetipsum
632 1229 800 1305 conlisisti,
831 1250 895 1291 eum
913 1229 940 1290 id
961 1229 997 1291 de
1014 1227 1071 1290 d'eo
1088 1228 1167 1291 velut
1181 1228 1300 1312 palpan-

146 1335 184 1398 do
201 1355 237 1396 ao
253 1331 393 1396 tentando
407 1329 575 1416 perquisisti
604 1331 842 1414 quemadmodum
867 1329 972 1408 luerit,
1005 1341 1168 1394 utrumnam
1184 1350 1301 1413 semper

148 1436 298 1512 extiterit,
329 1454 364 1496 ac
380 1454 448 1495 uum
465 1432 519 1495 sihi
536 1432 591 1518 ipsi
612 1443 645 1495 ut
658 1442 738 1496 esset
754 1418 906 1511 tribuerit,
940 1454 976 1496 au
995 1453 1064 1497 essu
1081 1433 1149 1495 illud
1167 1431 1299 1494 obtinue-

149 1538 198 1602 rit.
240 1535 386 1621 Equidem
409 1556 468 1598 non
490 1535 554 1598 sine
576 1545 655 1597 metu
677 1535 801 1618 quodam
824 1545 854 1597 et
869 1535 991 1599 horrore
1008 1535 1150 1620 meipsum
1168 1545 1246 1597 tuum
1263 1533 1298 1597 ed

151 1639 217 1704 illud
242 1637 400 1724 pessimum
424 1646 626 1721 argumentum
652 1637 851 1700 accommodo.
897 1633 958 1699 Fac
985 1637 1083 1721 itaque
1106 1637 1240 1713 modum,
1275 1636 1300 1701 si

151 1752 249 1826 potes,
281 1749 314 1803 ut
333 1738 433 1823 stipsi
450 1740 547 1801 lacere
563 1739 726 1823 possimus,
758 1739 862 1823 quibus
884 1739 1021 1802 idoneum
1040 1740 1108 1802 illud
1128 1760 1164 1802 ae
1180 1738 1300 1821 religio·

149 1862 213 1907 snm
227 1842 359 1919 videtur,
391 1842 477 1904 deam
494 1861 611 1926 semper
625 1841 791 1925 intelligere
806 1862 841 1904 ae
856 1862 974 1926 seraper
987 1841 1066 1905 illum
1083 1841 1219 1907 extitisse
1236 1861 1300 1903 ore·

148 1945 229 2009 dere.
275 1942 309 2008 lu
337 1965 395 2028 quo
419 1943 533 2027 quidem
559 1941 664 2006 stolide
693 1944 806 2006 locutus
837 1963 872 2006 ao
895 1943 1104 2020 ratiocinatus,
1136 1942 1220 2028 quasi
1245 1944 1300 2006 deo

148 2046 288 2111 honorem
312 2047 470 2110 maximum
497 2044 638 2123 Ιιειιεεεε,
670 2044 771 2109 dixisti
796 2065 850 2108 nee
870 2045 961 2128 ipsum
979 2047 1084 2109 sibint
1100 2056 1181 2109 esset
1198 2056 1300 2108 contu·

146 2149 230 2214 lisse.
275 2147 407 2225 Verum,
431 2148 455 2210 si
474 2148 606 2231 quidem,
631 2158 663 2210 ut
680 2147 827 2224 instituis,
852 2167 870 2210 a
886 2147 1061 2211 dictionibus
1076 2159 1106 2211 et
1122 2148 1301 2233 syllogismis

147 2251 254 2336 pendet
270 2252 335 2314 lidei
352 2250 450 2328 salus,
482 2249 603 2333 quaein
627 2249 734 2312 infimis
755 2249 986 2333 miserrimisque
1008 2251 1181 2336 corporibus
1205 2250 1301 2314 similo

147 2352 256 2438 aliquid
273 2354 337 2417 eius
353 2351 427 2436 quod
444 2371 548 2415 narras
570 2351 696 2414 inveniri
716 2361 829 2436 potest,
865 2373 919 2414 neo
934 2363 1097 2416 creatarum
1123 2353 1238 2436 quidem
1251 2371 1300 2417 re·

146 2476 218 2520 mm.
229 2455 287 2520 ulla
304 2453 503 2538 suimetipsius
520 2474 625 2516 caussa
642 2464 704 2533 est,
728 2463 779 2516 aut
794 2474 810 2516 s
824 2453 922 2539 seipsa
943 2466 975 2517 ut
991 2465 1072 2517 esset
1086 2453 1227 2532 obtinuit,
1258 2453 1300 2516 id·

148 2568 223 2642 que,
254 2557 279 2621 si
299 2579 316 2620 a
333 2555 436 2620 bestiis
457 2555 492 2617 sd
510 2555 661 2634 homines,
695 2565 725 2617 et
743 2554 831 2618 abiis
848 2557 883 2619 ad
905 2555 1027 2641 angelos
1046 2557 1179 2641 progredi
1199 2556 1299 2619 volue-

149 2660 209 2739 ris,
242 2680 343 2725 verum
361 2679 429 2723 esse
444 2657 620 2743 comperies.
663 2655 748 2720 Nihil
765 2657 842 2720 euim
862 2678 963 2722 eornm
980 2660 1145 2743 quaefacta
1162 2668 1232 2722 suut
1244 2657 1301 2721 sibi

150 2773 182 2828 at
199 2763 344 2827 existeret
365 2760 530 2838 concessit,
563 2761 614 2822 sed
637 2759 674 2822 ab
697 2780 733 2822 eo
756 2760 821 2823 solo
845 2760 921 2845 quod
950 2771 997 2824 est
1019 2759 1165 2825 existendi
1187 2759 1300 2822 initium

72 2859 80 2872 '
150 2864 272 2950 accepit.
318 2862 516 2947 Quamobrem
532 2883 604 2925 cave
622 2861 764 2925 eiusmodi
781 2862 961 2941 rationibus,
992 2864 1095 2948 quibus
1111 2873 1213 2948 argute
1231 2883 1302 2924 oon·

151 2967 268 3031 eludere
294 2976 353 3029 tete
382 2976 484 3051 putas,
518 2964 552 3025 ad
575 2964 603 3026 id
623 2965 699 3048 quod
723 2963 817 3027 maius
841 2986 876 3028 ao
893 2965 1090 3051 praestantius
1116 2977 1162 3029 cst
1187 2974 1303 3050 praeter

153 3078 281 3132 naturam
306 3079 335 3130 te
359 3088 393 3131 ac
417 3066 563 3130 violenter
586 3066 742 3130 extendas.
788 3065 853 3130 Hoc
877 3068 953 3129 enim
976 3068 1001 3130 si
1024 3066 1148 3145 leceris,
1182 3067 1300 3131 omnino

151 3169 263 3234 uiribus
281 3170 412 3233 delectus
439 3169 572 3232 excides.
619 3165 859 3253 Quandoquidem
885 3171 987 3232 unicus
1011 3170 1056 3232 dei
1080 3171 1154 3233 lilius
1172 3169 1302 3254 aequalis

151 3281 216 3349 est,
239 3291 272 3334 ac
286 3271 390 3335 similis
407 3271 462 3333 deo
481 3271 570 3355 patri,
603 3269 672 3333 lieet
690 3271 744 3333 hoc
759 3271 908 3355 dignitatis
927 3271 1049 3351 lrabeat,
1082 3283 1113 3335 ut
1127 3273 1163 3336 ab
1181 3294 1217 3336 eo
1234 3293 1300 3356 pro·

150 3375 254 3451 duetus
278 3374 317 3437 sit
335 3394 369 3436 ac
388 3373 516 3457 genitus.
563 3370 644 3435 Nihil
664 3374 741 3436 enim
764 3373 800 3436 ob
818 3375 873 3436 hoo
894 3374 987 3459 ipsum
1006 3374 1041 3438 ab
1057 3375 1232 3458 aequalitate
1251 3395 1300 3457 pa·

152 3475 204 3538 tris
218 3474 403 3552 abhorrebit,
428 3475 467 3537 uti
485 3495 540 3536 neo
555 3495 572 3536 a
588 3475 787 3538 similitudine.
833 3474 910 3539 Nam
928 3475 998 3538 nihil
1017 3496 1117 3539 eorum
1136 3497 1210 3560 quae
1226 3477 1301 3538 lacta

149 3586 217 3641 sunt
229 3577 285 3642 sibi
302 3588 333 3640 ut
350 3586 430 3641 esset
447 3576 585 3650 contulit,
612 3579 849 3659 quemadmodum
873 3579 1141 3663 praestantissimus
1157 3579 1224 3655 ille,
1258 3588 1301 3640 at·

146 3700 203 3765 que
219 3680 297 3743 omni
315 3701 354 3742 cx
372 3689 452 3763 parte
469 3680 635 3762 perlectus,
659 3678 695 3740 ab
713 3680 791 3742 nullo
808 3679 920 3743 initium
939 3680 1005 3743 olim
1024 3679 1139 3757 habuit,
1172 3700 1208 3743 eo
1225 3681 1300 3764 quod

146 3802 295 3866 uunquam
319 3802 386 3844 esse
410 3779 552 3864 coeperit.
597 3776 723 3863 Semper
744 3781 821 3843 euim
846 3782 962 3860 extitit,
995 3781 1153 3866 existitque
1172 3803 1299 3866 semper,

147 3884 264 3948 tametsi
284 3883 312 3946 in
331 3883 482 3946 identitate
500 3889 634 3958 maneat,
667 3900 761 3964 neque
778 3883 833 3945 sibi
852 3893 884 3945 ut
899 3894 981 3948 esset
1002 3884 1147 3947 tribuerit.
1194 3883 1227 3946 lu
1244 3905 1301 3968 quo

146 4006 206 4049 noa
220 3986 375 4069 ambiguae
394 4005 483 4047 voees
500 3982 684 4067 quaerendae
700 3992 787 4060 sunt,
812 3985 863 4046 sed
880 3985 996 4050 sincera
1012 4006 1046 4048 ae
1060 3985 1158 4070 pietati
1176 4005 1301 4048 eonsen-

150 4097 239 4152 tanea
262 4087 425 4151 adhibenda
447 4084 656 4149 consideratio.

232 4187 274 4253 ΙΙ.
299 4187 470 4268 Praeterea,
495 4208 559 4253 cum
574 4187 617 4252 sio
634 4189 695 4273 ipse
710 4186 859 4272 disputes,
884 4186 970 4270 Quod
987 4189 1011 4252 si
1031 4188 1085 4274 ipsi
1102 4189 1158 4254 sibi
1171 4200 1203 4254 ut
1219 4202 1301 4257 esset

179 4322 205 4375 8.
237 4328 301 4376 t'erts
324 4325 379 4375 Nec
406 4323 510 4375 muralis
536 4323 634 4391 quidem
655 4324 710 4390 ipse
780 4324 817 4374 10.
837 4327 927 4388 Scripsi
940 4325 977 4394 τῷ
991 4340 1035 4388 pro
1049 4325 1101 4388 τοῦ,
1118 4329 1181 4391 quod
1195 4331 1221 4380 tn
1236 4331 1303 4381 lldrts

146 4391 194 4442 sibi
212 4402 241 4441 ut
258 4403 332 4453 emet,
351 4411 380 4443 ex
398 4404 440 4443 tua
457 4391 597 4453 sententia,
621 4392 642 4443 si
660 4398 709 4444 cett.
743 4397 776 4442 est
791 4396 905 4443 omnibus.

180 4458 205 4511 9.
222 4453 293 4521 ὄντος
306 4464 445 4530 codd-mse
460 4468 482 4514 et
498 4464 552 4513 edr't.
565 4465 641 4524 prtae.
669 4454 708 4517 ὅν·
777 4459 815 4510 ιι.
833 4463 940 4512 tritiora
964 4465 1031 4514 ιιιιιιε
1053 4464 1160 4516 mendose
1177 4470 1302 4518 secretum

148 4543 200 4589 τως
216 4530 271 4581 aaa.
289 4533 369 4581 Petou.
387 4544 391 4550 ·
742 4533 774 4582 ert
790 4530 827 4601 τῷ
846 4523 914 4583 sluaa
