3096 5070
438 295 576 350 ananan
592 295 657 348 nna.
667 295 710 347 nr.
729 294 812 349 ron.
825 295 844 346 r.
861 293 960 345 naen.
971 293 1092 344 nxxm.
1288 278 1346 342 131

275 414 423 502 Quoniam
446 437 519 481 vero
536 414 669 479 nonnulli
692 435 796 480 recum
821 415 954 492 illarum,
987 431 1062 497 quae
1080 411 1109 474 in
1126 410 1279 496 seripturis
1296 431 1350 475 ex·
1393 426 1452 494 cap.

190 529 271 599 taut,
303 540 422 583 sensum
442 519 670 603 detorquentes,
704 529 791 602 etque
809 517 895 582 aliter
913 537 998 601 quam
1020 535 1073 600 par
1093 513 1133 577 sit
1154 513 1350 598 interpretatu·
1366 494 1469 546 xm·

189 633 252 701 tes,
278 642 372 706 neque
391 632 441 686 aut
455 621 614 686 verborum
630 621 838 706 proprietatem
853 628 905 682 nut
922 639 1020 682 rerum
1036 625 1169 680 naturam
1185 614 1352 700 intelligen-

190 735 234 788 tes
253 724 302 788 lilii
318 723 501 788 divinitatem
517 733 654 787 evertere
671 744 730 786 non
754 722 903 799 dubitant,
935 731 965 783 et
981 720 1016 783 ed
1033 720 1102 784 illud
1120 718 1280 784 creationis
1298 739 1350 782 ro-

188 826 321 891 eebnlum
338 827 502 903 offendunt,
522 824 640 910 quadiu
653 821 824 889 Proverbiis
839 824 962 907 legitur:
984 828 1130 903 Dominus,
1145 822 1251 907 inquit,
1269 842 1349 883 eren·
1361 831 1429 877 aron.
1442 831 1504 890 aas

188 933 230 991 nit
244 949 288 991 me
303 933 414 991 anitium
431 932 540 989 onerum
555 949 672 989 samum
687 932 718 990 r‘n
730 947 816 1008 opera
830 931 937 1007 peirn,
962 947 1035 1010 quos
1052 927 1167 1011 quidem
1186 923 1352 1010 oportebat,

188 1033 329 1112 mbp'pieum
339 1035 436 1111 potina
449 1034 597 1111 spiratum,
623 1051 705 1112 quern
720 1034 888 1092 oreadentem
902 1032 1012 1091 literam
1026 1034 1124 1111 seque}
1146 1033 1265 1110 spiritns
1277 1030 1505 1094 coemtionem

187 1135 330 1214 mmfiretr
361 1151 416 1215 age
441 1141 471 1194 et
489 1151 543 1194 nos
561 1132 598 1194 de
617 1131 662 1194 bis
678 1152 773 1216 pauca
795 1132 993 1216 disputemus3
1026 1152 1084 1194 nou
1102 1131 1177 1216 quod
1195 1150 1231 1194 ea
1250 1150 1299 1194 res
1316 1130 1353 1193 ab

188 1236 226 1302 iia
245 1235 375 1320 perfecte
393 1243 515 1298 tractata
533 1255 591 1296 non
610 1232 698 1297 luerit
720 1234 768 1317 qni
785 1243 854 1297 ante
870 1255 924 1296 nos
943 1234 1093 1298 dixerunt.
1141 1230 1256 1296 Furere
1275 1232 1352 1294 enim

190 1336 269 1402 illum
295 1357 420 1401 neeesse
438 1335 550 1421 estqui
570 1336 646 1400 istud
670 1346 797 1400 asserat.
842 1333 949 1420 Neque
972 1338 1048 1420 quod
1072 1337 1192 1399 doctore
1210 1355 1284 1419 opus
1302 1334 1353 1396 ba·

189 1439 294 1503 beatis.
334 1436 404 1502 -Vos
430 1438 507 1502 eninr
535 1439 590 1524 ipsi
613 1439 756 1503 divinitus
781 1439 853 1502 estis
875 1439 982 1501 edocti.
1027 1434 1088 1501 Sed
1106 1450 1139 1502 ut
1157 1439 1192 1500 de
1209 1437 1296 1501 nobis
1314 1437 1354 1500 sit

189 1540 258 1605 illud
280 1539 310 1604 iu
329 1541 512 1605 conscientia
536 1551 637 1605 nestra
660 1540 866 1619 menifestum,
897 1560 1005 1624 cupere
1029 1561 1084 1604 nos
1111 1541 1230 1627 spiritus
1256 1539 1351 1604 saneti

189 1645 265 1709 dona
289 1644 507 1708 communicare
529 1643 695 1707 nobiseum.
1046 1665 1048 1670 ·

274 1742 410 1831 Inprimis
425 1746 524 1829 itaque
540 1746 647 1824 crede,
671 1743 743 1809 nibil
759 1764 814 1808 uec
828 1745 858 1807 in
874 1744 982 1808 ceteris
999 1746 1163 1830 scripturae
1180 1745 1268 1824 locis,
1296 1765 1352 1809 neo

188 1836 218 1912 in
236 1869 290 1929 eo,
315 1850 352 1912 de
369 1869 428 1932 qun
445 1848 533 1911 modo
550 1847 682 1933 agimus,
706 1846 765 1911 ulla
779 1846 834 1910 sibi
851 1847 977 1910 invicem
995 1867 1063 1910 esse
1081 1849 1244 1932 scripturae
1260 1848 1351 1911 verbe

188 1951 357 2028 contraria,
382 1949 498 2014 tametsi
517 1949 554 2013 iis
570 1950 732 2028 duntaxat,
756 1949 804 2034 qui
822 1948 870 2011 vel
885 1968 957 2012 saun
975 1949 1030 2013 fide
1049 1950 1172 2034 praediti
1193 1971 1251 2013 nou
1268 1962 1349 2029 sunt,

190 2053 237 2116 nel
254 2051 456 2116 imbecillioris
474 2052 583 2135 ingenii
601 2063 686 2130 sunt,
712 2071 878 2137 repugnare
895 2050 1061 2115 videantur.
1107 2049 1223 2115 Deinde
1242 2053 1350 2116 nullum

187 2154 218 2218 in
237 2155 345 2218 mundo
365 2154 531 2238 exemplum
554 2154 677 2239 reperiri
696 2175 784 2240 posse
808 2154 883 2238 quod
900 2155 936 2217 ad
954 2155 1233 2239 repraesentandam
1250 2155 1352 2238 unige-

189 2256 244 2320 niti
260 2268 394 2321 naturam
418 2275 556 2342 peraeae
574 2256 709 2320 sufficiat.
756 2255 852 2340 Quam
871 2257 907 2319 ob
929 2277 1060 2320 caussam
1079 2257 1233 2341 scriptura
1245 2258 1351 2321 multas

188 2358 270 2423 adid
289 2358 475 2442 excogitatas
496 2358 626 2422 rationes
642 2369 673 2421 et
693 2359 903 2444 appellationes
924 2360 1144 2438 accommodate
1177 2358 1275 2444 siquo
1293 2362 1352 2423 lor·

188 2472 269 2527 tasse
285 2461 372 2525 modo
391 2481 431 2525 en
448 2459 511 2540 bis,
543 2480 616 2546 quae
635 2461 721 2526 nobis
740 2462 895 2525 familiaria
916 2472 985 2525 sunt
999 2473 1030 2525 et
1047 2463 1181 2546 cognita,
1212 2481 1286 2544 quae
1304 2482 1352 2524 ca·

188 2575 268 2650 ptum
284 2575 417 2630 nostrum
432 2572 573 2648 superant
584 2563 834 2648 comprehendere
847 2563 1006 2649 possimus,
1030 2573 1115 2628 etex
1129 2564 1255 2647 cognitis
1269 2565 1352 2648 igno·

188 2676 283 2731 terum
300 2687 398 2730 rerum
415 2665 576 2729 informare
591 2665 742 2742 notitiam,
766 2685 782 2728 a
803 2666 966 2750 perspicuis
981 2666 1040 2729 illis
1056 2665 1233 2749 pedetentim
1254 2668 1289 2729 nd
1305 2688 1352 2730 er-

192 2789 264 2833 cana
281 2767 454 2852 occultaque
470 2767 615 2853 perducti.
661 2765 748 2850 Quod
765 2766 856 2853 igitur
880 2789 932 2832 eos
953 2768 1002 2852 qui
1024 2768 1054 2832 in
1075 2764 1227 2832 Christum
1249 2770 1351 2832 erede·

191 2876 258 2933 rent
273 2871 396 2934 credere
415 2870 570 2954 oportebat
586 2871 711 2935 similem
733 2890 801 2934 esse
819 2871 908 2956 patris
927 2871 1034 2948 filium,
1064 2881 1165 2954 utpote
1189 2892 1255 2935 eum
1273 2871 1352 2934 illius

192 2971 241 3056 qui
261 2992 347 3057 snpra
364 2972 462 3034 omnia
479 2984 525 3035 est
541 2973 638 3056 imago
655 2974 695 3037 ait
710 2973 759 3037 ille
775 2973 823 3057 qui
841 2974 976 3058 pervadit
988 2971 1105 3053 omnia,
1136 2981 1167 3037 et
1184 2994 1270 3057 quem
1284 2993 1353 3059 pro·

193 3074 280 3137 dueta
295 3083 364 3137 sunt
378 3063 495 3154 clunia,
527 3085 585 3138 tam
602 3075 632 3138 in
652 3074 735 3139 coelo
758 3097 844 3159 quam
862 3076 891 3139 in
910 3086 1006 3154 terra,
1040 3075 1138 3159 imago
1162 3096 1251 3159 porro
1274 3076 1353 3139 eius·

190 3175 271 3238 modi
289 3194 348 3237 non
364 3175 458 3258 qualis
474 3186 521 3241 est
534 3176 654 3241 animati
670 3174 781 3262 ligura,
805 3177 833 3240 id
852 3178 927 3262 quod
946 3177 1061 3240 animae
1081 3186 1128 3241 est
1142 3197 1270 3264 expers,
1301 3199 1353 3242 ne·

148 3300 153 3310 ·
192 3297 249 3363 que
268 3276 589 3359 relutartiseffectio,
620 3289 671 3343 aut
683 3279 848 3343 allectionis
865 3300 955 3364 opus,
989 3280 1040 3342 scd
1057 3290 1193 3364 tanquam
1210 3280 1353 3364 genitoris

192 3381 222 3443 id
239 3379 315 3463 quod
329 3379 460 3463 genitum
477 3391 541 3459 est,
574 3392 697 3466 eumque
721 3393 876 3467 praeterea
892 3384 975 3445 nelas
992 3382 1032 3445 sit
1047 3384 1082 3445 ad
1103 3382 1245 3465 unigeniti
1262 3403 1353 3465 gene·

193 3481 354 3561 rationem,
385 3502 461 3566 quac
480 3483 607 3546 saeculis
630 3484 764 3548 omnibus
781 3484 863 3568 prior
884 3494 947 3561 est,
981 3504 1143 3569 corporeae
1161 3494 1190 3547 et
1209 3483 1352 3546 humaniue

194 3583 394 3668 generationis
421 3584 555 3669 proprias
579 3596 664 3648 uotae
690 3585 933 3669 conditionesque
956 3589 1133 3665 transferre,
1169 3606 1204 3647 ae
1228 3586 1353 3669 denique

195 3705 260 3748 cum
277 3684 313 3747 ad
330 3685 492 3769 sapientiae
505 3686 582 3751 illius
598 3687 782 3771 exemplum,
817 3709 892 3772 quae
908 3688 1048 3751 bumeuas
1065 3687 1259 3771 cogitationes
1274 3708 1354 3750 eom-

194 3785 349 3872 plectitur,
373 3786 413 3848 ita
432 3785 483 3849 lilii
499 3789 538 3850 sit
555 3789 702 3871 exigenda
717 3791 872 3872 generatio
894 3802 925 3852 ut
942 3810 995 3875 per
1006 3809 1075 3852 sese
1092 3787 1234 3851 subsistat
1249 3789 1354 3853 nibilo-

194 3888 290 3952 minus
307 3899 340 3951 et
355 3887 483 3951 existatc
507 3888 574 3952 ideo
590 3888 730 3952 ambabus
742 3889 800 3953 illis
817 3890 1010 3971 dictionibus,
1035 3890 1196 3953 creationis
1212 3911 1246 3953 ac
1264 3912 1354 3975 gene·

193 3990 337 4069 rationis,
370 3989 411 4054 uti
432 3990 577 4076 scriptura
597 3990 707 4068 voluit,
740 4012 804 4054 cum
823 3996 937 4054 Crenm‘t
950 3993 1072 4077 perinde
1087 3992 1162 4055 dixit
1180 4014 1215 4056 ac
1233 3998 1351 4072 Generi,

194 4115 253 4158 non
268 4104 301 4156 ut
316 4092 417 4155 eadem
432 4092 467 4156 de
483 4113 515 4156 re
530 4093 617 4158 simul
632 4091 780 4157 eorttraria
795 4093 851 4155 dici
866 4093 1032 4173 videantur,
1057 4094 1107 4157 sed
1125 4105 1155 4157 ut
1168 4115 1221 4180 per
1233 4101 1358 4160 creandi

194 4195 369 4260 vocabulum
387 4195 595 4260 subsistentem
611 4217 646 4259 ac
662 4194 795 4259 stabilem
814 4195 930 4258 unicum
949 4216 1017 4259 esse
1038 4196 1084 4259 dei
1105 4197 1210 4275 lilinum,
1244 4219 1297 4283 per
1313 4200 1354 4263 el·

193 4307 289 4361 terum
313 4317 405 4376 vero,
439 4301 556 4374 amate,
588 4296 728 4362 eximium
752 4318 788 4360 ac
812 4298 960 4383 peculiare
983 4297 1117 4382 quiddam
1144 4300 1252 4366 babere
1272 4323 1355 4366 mou·

195 4410 300 4464 stenct.
352 4404 433 4482 Ego,
462 4399 574 4486 inquit,
603 4404 682 4464 cerini
700 4421 719 4462 a
739 4411 823 4482 patre
845 4412 874 4462 et
895 4404 975 4464 nodo.
1030 4397 1212 4488 Quamquam
1236 4404 1284 4467 rel
1308 4425 1356 4468 sa·
1380 4415 1460 4512 {pepp

194 4537 325 4600 temnendus
348 4551 401 4588 cum
422 4537 471 4604 τῆς
496 4535 601 4604 euplum
630 4541 756 4589 subiectum
773 4544 805 4588 est
821 4535 972 4605 μονογενής,
998 4540 1027 4588 de
1044 4542 1200 4592 enuntiatione
1220 4544 1339 4604 mortno.

1088 4625 1138 4690 9*
