3096 5070
388 285 659 339 rauaauaumu.
676 284 1045 338 rorauumannxxx.
1230 273 1293 339 469

141 406 177 470 alt
205 405 241 468 iis
264 425 444 490 nequaquam
469 405 629 469 abhorrere
654 405 701 468 uel
728 425 829 468 aarum
854 405 1034 467 consuetudo
1059 405 1217 489 persuadet
1237 426 1293 489 qua

139 508 303 596 promiscue
317 509 373 573 riri
390 529 454 572 oum
470 508 640 570 mulieribus
659 507 777 571 nubant.
825 503 967 572 Ceterum
985 507 1161 570 Antioohiae
1178 527 1293 592 quoquo

139 611 225 676 aedes
248 611 373 689 habent,
398 632 454 695 quo
478 631 494 673 e
517 606 734 694 Mesopotamia
755 630 823 674 sese
845 609 1043 673 coutulerunt.

223 814 288 880 llos
307 836 379 879 vero
398 815 486 898 louge
503 814 782 900 perniciosissimum
805 815 908 897 dogma
934 834 973 878 ex
993 812 1080 876 nimia
1102 813 1293 897 quorumdam
1306 822 1367 892 dap.
1386 824 1428 876 tv.

136 921 258 984 fratrum
279 917 422 1002 imperitia
438 917 578 980 manavit.
624 915 683 1000 Qui
706 918 770 980 aum
788 927 869 979 reete
885 915 992 999 alioqui
1010 915 1046 978 de
1062 916 1116 979 fiae
1135 914 1291 995 sentirent,

136 1022 215 1084 vitae
236 1040 276 1082 ex
293 1015 404 1083 Christi
426 1019 535 1082 domiui
555 1019 736 1105 praescripto
759 1019 956 1083 instituendae
976 1018 1092 1080 modum
1111 1037 1292 1100 nequaquam
1396 1080 1399 1085 ,

135 1121 364 1199 intellexerunt3
394 1133 537 1204 quatenus
556 1123 725 1185 renuntiare
747 1122 856 1184 mundo
871 1141 905 1183 aa
922 1120 1006 1183 bonis
1024 1141 1056 1182 se
1074 1119 1136 1182 suis
1154 1129 1184 1181 et
1202 1118 1293 1181 inaul-

138 1223 245 1286 tatibus
270 1222 424 1300 abdicare,
460 1224 591 1287 fortunas
621 1243 690 1287 snas
721 1224 849 1285 vendere
880 1243 915 1285 ae
941 1221 1117 1307 pauperibus
1149 1221 1291 1304 dilargiri,

137 1345 253 1388 orueem
278 1326 355 1387 lerre
378 1345 412 1387 ae
438 1324 517 1388 serio
540 1324 622 1409 sequi
646 1346 679 1388 se
703 1325 868 1403 mandavit,
901 1346 959 1388 non
984 1335 1016 1387 ut
1031 1324 1116 1387 iners
1135 1334 1164 1385 et
1179 1324 1293 1386 otiosus

137 1425 277 1511 quispiam
293 1436 390 1506 esset,
414 1437 464 1489 aut
479 1426 685 1511 intempestive
702 1426 898 1505 helluaretur,
923 1447 958 1489 ao
980 1428 1112 1490 lucorum
1128 1426 1206 1488 inter
1221 1445 1292 1509 apes

136 1527 239 1593 similis
256 1529 349 1606 foret,
374 1529 502 1612 quinimo
518 1530 579 1592 suis
593 1540 627 1592 ut
643 1528 777 1593 manibus
796 1550 869 1612 opus
889 1529 1017 1607 lauerat,
1042 1549 1077 1592 aa
1095 1527 1211 1591 beatium
1227 1527 1292 1590 imi·

136 1641 249 1695 taretur
271 1630 449 1714 apostolum,
480 1633 527 1716 qui
547 1631 683 1695 muudum
708 1631 808 1695 ualere
832 1631 937 1694 iubens
960 1652 1067 1716 praeeo
1086 1630 1220 1694 veritatis
1238 1651 1292 1693 ex·

137 1733 210 1796 tiata:
244 1738 330 1795 Cro'us
350 1756 448 1796 manus
472 1757 527 1797 aaa
550 1739 607 1815 a'psi
621 1738 728 1809 soleam,
762 1737 907 1795 sodellis
925 1738 977 1815 qat'
995 1756 1057 1795 eom
1075 1737 1444 1816 allassontes-amaa

136 1838 511 1917 eessamasappedr‘talant5
535 1858 599 1899 oum
618 1836 721 1921 stipsi
748 1833 865 1904 interim
893 1835 1009 1898 minime
1034 1844 1206 1912 cessarent,
1238 1834 1290 1897 sed

135 1957 243 2023 operae
260 1938 416 2022 partieipes
433 1949 551 2009 essent,
575 1948 607 2001 ut
621 1939 744 2022 quodam
764 1938 827 2024 ipse
846 1937 911 2000 loeo
929 1936 1089 2020 gloriatur,
1123 1958 1157 2000 ae
1172 1935 1291 1999 disertis

135 2039 204 2103 ittud
226 2040 326 2103 verbis
348 2039 505 2124 praecipit:
540 2044 597 2119 Qui
612 2063 668 2102 aaa
685 2052 835 2121 operatur,
870 2062 926 2101 aaa
947 2043 1104 2100 manducet.
1153 2036 1212 2102 Sed
1233 2038 1287 2116 illi,
1308 2057 1417 2103 nutam.

134 2162 207 2226 quos
229 2141 308 2220 dixi,
339 2142 444 2204 fratres
462 2142 555 2205 nostri
574 2142 649 2206 haud
663 2141 726 2205 saio
747 2162 784 2205 an
802 2162 819 2204 a
836 2138 946 2220 Mane,
978 2141 1026 2224 qui
1044 2140 1114 2203 illue
1131 2161 1147 2202 e
1164 2137 1289 2205 Perside
1332 2110 1399 2166 ιιι

134 2245 283 2330 prolectas
303 2254 367 2323 est,
400 2243 456 2307 ista
475 2244 647 2323 didioeriut,
681 2263 756 2330 quae
773 2242 809 2307 ab
825 2242 903 2307 oruni
922 2243 1035 2307 ratione
1059 2263 1180 2327 prorsus
1195 2242 1291 2305 aliena

134 2356 214 2411 eunt.
262 2341 336 2410 Cum
356 2346 540 2409 econtrario
562 2346 796 2410 animadvertere
813 2345 881 2409 illos
899 2346 997 2409 divina
1016 2345 1161 2430 scriptura
1179 2344 1289 2423 iubeat,

133 2449 182 2534 qui
196 2447 267 2511 nihil
284 2445 383 2531 operis
400 2447 520 2511 laoiuut.
567 2446 678 2511 Verum
704 2448 909 2511 nonnullorum
927 2448 1072 2511 mentibus
1091 2448 1197 2511 dictum
1219 2446 1288 2510 illud

132 2549 296 2615 servatoris
318 2549 474 2636 imposuit=
507 2555 670 2631 Operamr'au'
686 2572 743 2612 aaa
762 2552 870 2625 mlum,
903 2556 955 2633 qui
967 2554 1059 2631 perit,
1091 2554 1142 2611 sed
1155 2554 1208 2631 qui
1217 2570 1286 2629 per·
1328 2569 1407 2615 aaran.

133 2664 228 2715 maaet
243 2657 272 2714 ἐπ
288 2658 371 2714 vitam
387 2665 539 2714 octauam.
586 2652 629 2716 At
644 2652 685 2714 illi
703 2664 873 2736 pereuntem
892 2653 971 2716 illum
987 2652 1082 2715 eibum
1099 2652 1135 2715 ad
1154 2650 1287 2735 praeola-
1334 2623 1398 2678 'ln'

108 2819 110 2823 .
134 2752 289 2818 familiam
306 2774 425 2837 operam
449 2754 635 2839 laboremque
658 2754 808 2834 relerunt,
840 2775 924 2840 quem
944 2755 976 2816 in
993 2754 1189 2817 consectanda
1206 2752 1288 2816 iusti·

135 2856 174 2919 tia
189 2855 379 2918 sustinemus.
425 2852 511 2937 Quae
528 2857 642 2940 quidem
659 2875 749 2941 opera
772 2855 802 2919 iu
822 2858 971 2921 Abraamo
995 2866 1054 2919 tum
1077 2855 1188 2933 eluxit,
1221 2875 1286 2918 eum
1314 2876 1413 2922 omre.

133 2957 159 3021 is
175 2957 295 3020 uitulum
311 2969 481 3043 appararet3
514 2979 568 3022 neo
585 2980 644 3021 uon
660 2970 690 3022 et
706 2959 736 3021 in
753 2959 857 3038 vidua,
889 2979 962 3043 quae
983 2957 1066 3021 Eliae
1084 2978 1189 3021 caussa
1206 2956 1288 3020 labo·
1300 2981 1320 3027 s.
1334 2981 1393 3037 neg.
1406 2981 1439 3026 ιι,

133 3058 228 3135 rasit,
253 3059 327 3121 etin
347 3056 417 3123 lobo
434 3060 578 3144 denique,
603 3063 651 3145 qui
669 3062 698 3124 in
715 3060 816 3125 liberis
835 3061 910 3124 idem
925 3061 987 3124 suis
1004 3060 1187 3143 fortunisque
1202 3079 1288 3145 prae·

132 3162 216 3227 stitit.
263 3159 424 3224 Praeterea
448 3163 543 3226 nullus
570 3174 616 3227 est
632 3163 678 3227 dei
699 3165 822 3227 tammus
840 3162 889 3247 qui
910 3184 967 3226 nou
989 3163 1024 3226 ad
1040 3161 1226 3226 obtinendam
1242 3162 1287 3224 iu·

132 3265 239 3328 stitiam
261 3262 394 3326 manibus
417 3265 478 3327 suis
502 3286 575 3351 opus
594 3276 754 3344 exerrent,
786 3287 843 3349 quo
864 3265 892 3328 in
909 3275 1032 3349 egentes
1051 3266 1200 3347 beneficus
1219 3284 1286 3328 esse

134 3367 237 3452 possit.
283 3365 368 3450 Quod
392 3369 420 3430 in
445 3388 619 3450 unoquoque
642 3368 839 3445 monasterio,
872 3378 931 3431 tam
948 3367 977 3430 iu
997 3366 1135 3452 Aegypto
1154 3388 1238 3451 quam
1255 3365 1285 3429 iu

133 3469 196 3532 aliis
214 3469 390 3552 proviaciis,
423 3467 486 3531 lieri
509 3469 675 3547 cernimus,
709 3469 760 3532 nbi
780 3469 908 3535 iustitiae
925 3470 1020 3554 gratia
1037 3471 1080 3549 sp'u
1096 3471 1131 3533 ad
1151 3489 1225 3553 opus
1241 3469 1287 3531 in-

132 3570 271 3634 eumbunt
284 3590 405 3646 omnes,
431 3580 565 3654 tauquam
583 3591 654 3655 apes
669 3571 828 3655 quaedam,
854 3594 928 3657 quae
943 3594 1040 3637 aeram
1058 3572 1198 3657 pedibus,
1223 3569 1287 3633 stil-

132 3671 176 3735 laa
192 3673 285 3735 mellis
305 3692 357 3735 ore
373 3680 610 3756 comportantes,
646 3692 828 3736 eommuuem
846 3675 1050 3739 universorum
1068 3674 1215 3738 domiuum
1232 3693 1285 3757 pro

131 3794 222 3838 seusu
238 3795 293 3838 suo
311 3784 398 3858 atqua
422 3784 526 3858 captu,
561 3773 683 3857 quodam
708 3774 790 3846 velut
806 3776 889 3838 vocis
905 3787 993 3840 aautu
1015 3798 1050 3839 ae
1067 3774 1285 3862 praedieatione

132 3875 299 3956 celebrant,
331 3887 417 3962 prout
440 3886 565 3939 testatur
587 3871 745 3939 Salomon:
777 3880 967 3957 Sapientiam,
999 3878 1111 3962 iuquit,
1141 3882 1423 3954 honorariorum

126 3992 262 4061 prouecta
280 3991 332 4041 eat.
377 3977 445 4042 Neu
468 3978 555 4040 aliter
571 3976 650 4041 servi
667 3975 708 4039 illi
724 3977 770 4040 dei
787 3977 817 4040 in
835 3979 927 4042 solida
945 3980 1079 4043 veritatis
1099 3989 1202 4063 petra,
1233 4000 1285 4042 ue·

131 4081 174 4144 lut
192 4083 396 4159 laudamento,
428 4079 567 4159 stabiliti,
596 4101 631 4143 aa
654 4080 769 4143 domum
790 4100 871 4143 suam
896 4081 1006 4143 firmam
1024 4090 1110 4163 atque
1128 4080 1285 4144 inconeus-

132 4201 194 4244 sam
212 4193 421 4262 exstruentes,
454 4204 506 4267 pro
521 4202 556 4245 ea
574 4203 658 4266 quam
677 4183 851 4266 profitentur
865 4193 945 4261 arte,
969 4181 1178 4246 minutissimas
1197 4204 1285 4267 quaa·

132 4302 188 4365 que
209 4305 314 4369 operas
338 4285 443 4370 singuli
471 4285 604 4348 manibus
626 4283 688 4348 suis
707 4295 862 4349 exercent.
911 4283 1000 4349 lidem
1025 4305 1098 4348 vero
1115 4286 1282 4350 universam

163 4454 187 4505 2
206 4445 235 4513 ὅς
251 4471 298 4506 που
315 4457 369 4506 adit.
386 4459 466 4507 Petao.
486 4459 564 4507 colon
580 4461 650 4519 repet.
758 4452 783 4507 4.
799 4453 846 4522 τὴν
860 4472 906 4508 aare
922 4461 947 4508 tn
961 4460 1015 4508 edit
1031 4461 1104 4509 Petav
1123 4461 1201 4511 colon.
1212 4465 1282 4522 repat.

163 4522 188 4573 3.
205 4537 234 4575 ra
250 4525 318 4575 codd.
335 4539 389 4575 maa.
406 4529 507 4590 uterque.
542 4522 571 4580 dl
587 4527 650 4577 edttt.
759 4525 782 4577 5.
801 4521 826 4580 lu
843 4541 886 4578 aaa
906 4529 931 4578 ta
948 4528 1003 4577 edit
1020 4530 1100 4578 Petoo.
1118 4530 1195 4580 cotom
1211 4533 1282 4594 repat
