3096 5070
393 290 528 342 rinnau
546 290 608 341 urs
618 290 662 340 ιιι.
680 288 766 342 ron.
776 289 795 340 t.
811 286 913 339 ιιιιιιι.
928 285 1048 338 nxxun
1239 271 1300 336 tot

144 431 239 497 nsqm
263 409 358 490 lilios,
392 410 444 475 sed
463 409 583 494 spiritus
599 417 736 486 sanetus,
770 425 856 491 quem
882 404 1043 491 partilium
1064 414 1147 489 pater
1163 402 1301 468 fidelibus

142 615 263 701 spiritns
285 614 380 680 saneti
403 613 619 700 proprietates,
651 620 683 674 ut
695 610 841 687 diximus,
865 607 1088 674 subsistentium
1108 626 1301 691 personarum

142 715 317 803 hypostases
333 714 504 782 Orientales
523 711 691 790 nominant,
725 733 784 776 uon
813 721 846 776 nt
866 721 928 775 tres
951 711 1016 774 illes
1039 709 1213 794 hypostases
1245 709 1303 773 tria

38 844 48 868 1
142 818 301 904 prineipie,
326 829 427 882 trenam
446 816 518 880 deos
535 835 602 879 esse
621 814 731 877 disant.
775 811 854 877 Nom
881 834 933 877 eos
955 811 1142 876 anathemate
1162 810 1304 875 damnant

142 920 191 1005 qui
204 933 266 985 tres
281 921 353 984 deos
369 927 519 981 asserunt.
555 915 663 1000 Neque
681 935 753 978 vero
769 925 880 1000 patrem
899 914 1036 978 etlilium
1053 913 1127 976 dnos
1145 931 1213 978 esse
1230 912 1303 976 deos

141 1022 252 1086 dieunt.
298 1018 365 1084 Hae
382 1019 461 1083 enim
477 1020 623 1095 latentur,
646 1037 733 1080 unam
750 1037 818 1081 esse
834 1016 1027 1094 divinitatem,
1051 1034 1127 1099 quae
1142 1035 1196 1099 per
1210 1014 1302 1078 hlium

141 1124 170 1185 io
185 1121 289 1208 spiritu
305 1132 409 1185 saneto
425 1121 575 1199 contineat
590 1119 747 1198 universa,
765 1140 850 1183 unam
867 1118 984 1203 inquam
1000 1117 1194 1195 divinitatem,
1212 1137 1301 1181 unum

141 1243 283 1307 reguum,
315 1233 402 1307 etque
427 1243 515 1286 unum
540 1221 693 1306 imperium
718 1241 787 1284 esse
810 1221 1003 1285 confitentur.
1048 1219 1087 1284 Et
1113 1217 1302 1285 nihilominus

142 1344 286 1409 personas
308 1324 338 1388 in
362 1324 560 1409 hypostaseon
585 1344 705 1388 suarum
730 1322 957 1408 proprietatibus
972 1323 1018 1408 pie
1038 1309 1227 1400 disoernuut,
1251 1341 1302 1405 pa·

142 1436 215 1489 trem
241 1426 377 1489 videlicet
399 1427 429 1489 in
453 1436 573 1510 paterna
598 1426 752 1489 maiestate
777 1425 1005 1504 subsistentem,
1038 1424 1129 1490 lilium
1148 1445 1221 1487 vero
1241 1443 1302 1489 uon

141 1538 251 1613 partem
273 1548 340 1591 esse
358 1528 449 1613 patris
466 1527 648 1611 intelligunt,
679 1527 731 1590 sed
755 1548 771 1590 a
790 1528 921 1612 perlecto
939 1537 1022 1612 patre
1039 1527 1199 1612 perfeetum
1217 1524 1301 1609 geni·

141 1641 200 1693 tum
224 1650 258 1693 ae
286 1629 495 1694 subsistentem
527 1638 704 1712 agnoscunt.
757 1628 804 1692 Ae
833 1628 959 1714 deniqne
990 1629 1123 1715 spiritum
1152 1638 1298 1706 montom,

140 1751 224 1816 quem
242 1731 387 1817 scriptura
403 1752 489 1796 soora
507 1728 696 1794 Paracletum
715 1740 814 1808 vooat,
840 1751 856 1793 a
874 1741 956 1815 patre
973 1752 1027 1816 per
1046 1730 1138 1795 lilium
1154 1729 1300 1815 prodeuu·
1385 1716 1400 1737 ⁶

139 1844 197 1898 tem
214 1855 250 1899 ao
266 1834 475 1899 subsistentem
501 1831 658 1896 deliniunt.
705 1829 957 1916 Quemadmodum
985 1832 1150 1918 paraeletus
1171 1833 1222 1897 ille
1248 1852 1300 1897 ve-

139 1935 235 2000 ritatis
255 1934 375 2019 spiritns
399 1932 553 1998 veritatem
580 1934 673 2020 ipsam
691 1955 747 1998 nos
769 1935 873 2020 docet,
904 1946 1050 2019 quaeest
1073 1935 1164 1999 filius.
1208 1938 1452 1999 Nemeseo-raa

138 2043 210 2100 emin
224 2042 309 2111 dabit,
345 2039 716 2114 dehonestamenta
732 2040 837 2117 spiritu
852 2049 961 2099 saneto.
1009 2033 1062 2102 sic
1081 2048 1112 2100 et
1129 2037 1226 2116 lilius,
1250 2037 1301 2120 qui

140 2139 251 2204 veritas
266 2149 329 2217 est,
353 2139 438 2200 deum
453 2157 554 2201 verum
574 2149 686 2222 patrem
701 2159 786 2202 sunm
804 2159 871 2202 esse
889 2138 935 2222 pie
954 2159 1009 2202 uos
1029 2138 1159 2218 edocuit,
1183 2139 1298 2218 dioens,

139 2245 197 2323 Qui
209 2245 284 2310 vadet
300 2262 343 2302 me
359 2243 434 2302 vallet
447 2249 478 2300 et
490 2251 610 2320 patrem
658 2236 751 2323 lgitur
769 2240 860 2304 lilium
881 2241 911 2303 in
931 2240 1034 2325 spirito
1055 2251 1177 2321 saneto,
1200 2251 1233 2305 nt
1246 2249 1451 2326 partu-¹⁴⁴2&

137 2356 202 2422 est,
231 2341 439 2426 intelligimus,
470 2340 502 2404 in
519 2341 670 2424 unigenito
687 2362 761 2405 vero
781 2342 871 2405 hlium
891 2343 956 2428 pie,
987 2352 1017 2406 et
1036 2353 1069 2406 ut
1084 2364 1137 2428 por
1155 2353 1218 2423 est,
1249 2364 1300 2429 pa·

40 2501 42 2507 .
138 2455 210 2511 uem
228 2465 296 2509 esse
311 2464 480 2508 censemus.
526 2441 592 2507 lloe
606 2453 653 2506 est
671 2442 740 2507 bidei
755 2444 838 2508 velut
855 2443 1002 2530 sigillum,
1034 2445 1064 2509 iu
1080 2466 1137 2530 quo
1153 2444 1299 2531 baptisari

137 2568 193 2611 nos
210 2548 343 2614 salvator
360 2545 547 2611 rodominus
564 2542 649 2609 lesus
665 2541 804 2610 Christus
822 2546 978 2630 eliquanto
993 2547 1093 2627 iussit,
1117 2547 1163 2612 bis
1183 2549 1296 2628 verbis,

137 2653 246 2714 danao
258 2654 355 2750 arete
368 2670 463 2714 omnes
475 2660 595 2730 gentes,
620 2648 798 2730 baptsbnntas
813 2670 862 2710 eae
875 2653 905 2711 ah
923 2654 1034 2713 nomm
1050 2654 1163 2732 patris,
1187 2661 1217 2711 et
1221 2652 1297 2731 filu,
1324 2640 1412 2751 ξ’*ἓ

137 2771 172 2813 ae
192 2756 311 2832 apara‘tara
331 2756 434 2814 saneta

224 2950 364 3021 Ceterum
390 2977 455 3020 eum
478 2955 514 3020 de
539 2956 670 3041 perlecta
688 2953 742 3018 lilii
759 2976 825 3032 oum
849 2966 931 3040 patre
947 2955 1137 3021 similitudine
1153 2955 1212 3020 alio
1231 2955 1297 3021 loeo
1348 2960 1407 3032 cap.

139 3056 232 3123 insius
260 3056 524 3143 disputaverimus,
558 3057 604 3121 bio
627 3067 726 3120 tamen
748 3058 881 3122 breviter
902 3060 1063 3123 observare
1088 3080 1146 3123 non
1174 3057 1295 3144 pigebit,
1332 3029 1416 3082 xm

137 3159 319 3244 apostolum,
342 3159 392 3243 qui
410 3161 456 3223 dei
475 3181 534 3223 non
549 3157 737 3245 aspectabilis
754 3160 882 3244 imagine
899 3161 990 3224 lilium
1008 3181 1075 3224 esse
1091 3159 1178 3241 dixit,
1202 3181 1297 3246 eoque

136 3263 223 3326 modo
237 3261 329 3347 patris
346 3282 414 3328 esse
429 3261 554 3327 similem
574 3262 683 3341 docuit,
708 3260 767 3325 alio
783 3263 908 3346 quodam
926 3263 956 3326 in
973 3263 1039 3327 loeo
1055 3264 1296 3348 quemadmodum

136 3366 176 3428 sit
192 3364 400 3448 intelligendus
426 3365 504 3429 lilius
523 3366 688 3450 apernisse.
733 3361 812 3428 Nam
839 3367 868 3428 in
888 3366 1012 3451 epistola
1031 3388 1117 3451 qusnr
1135 3367 1171 3430 od
1186 3364 1298 3450 Philip·

137 3486 243 3549 penses
265 3468 384 3552 soripsit
399 3465 439 3531 ita
455 3466 599 3551 loquitur:
632 3472 690 3547 (lui
704 3489 766 3530 oum
785 3473 816 3530 rh
830 3471 989 3549 sormo‘dgr'
1003 3482 1078 3545 esset
1091 3493 1147 3534 non
1162 3475 1425 3550 raphaninum

136 3569 294 3631 arbitratus
311 3581 356 3646 eat
375 3591 436 3632 ease
454 3591 485 3631 ae
501 3573 645 3650 aequalem
662 3574 729 3647 deo,
759 3575 812 3634 sed
832 3579 1009 3655 semetipsam
1033 3576 1205 3644 esahnmba't,
1233 3573 1297 3651 sor·

136 3689 209 3730 mom
230 3675 308 3732 omni
326 3676 483 3751 mnibus,
517 3675 547 3733 ἐπ
560 3675 770 3736 arhahtnda‘nem
788 3675 929 3738 homanum
946 3679 1056 3747 saetas:
1088 3676 1124 3738 od
1142 3671 1297 3737 Romanos

136 3790 210 3833 vero
230 3769 380 3835 seribens:
415 3776 496 3852 Quod
510 3777 582 3834 enain
599 3786 662 3835 eret
678 3778 848 3855 bopossa'ba'le
865 3781 940 3859 legi,
971 3785 1000 3841 ἐκ
1020 3800 1075 3860 qno
1097 3777 1298 3857 rhyfirmobotur
1310 3795 1437 3851 namna.

132 3895 187 3954 per
210 3893 339 3946 onmem,
370 3877 438 3935 dona
452 3877 551 3955 filium
576 3896 657 3937 mum
682 3881 795 3940 mittens
818 3884 847 3942 a'n
869 3884 1054 3943 sabnih'tndahe
1074 3883 1187 3953 οανιιιὶι,
1219 3881 1298 3941 etde

132 3987 250 4057 peccam
265 3979 459 4038 ewdemnuna't
470 3988 617 4056 perentam
633 3981 663 4038 ah
683 3998 778 4040 earne.
826 3978 878 4045 Sic
899 3983 990 4068 igitur
1012 3982 1067 4046 boe
1086 3979 1193 4066 duplioi
1213 3979 1297 4045 testi·

136 4079 235 4141 monnio
261 4099 302 4141 ex
320 4078 460 4141 ambobus
480 4077 613 4160 epistolis
632 4079 802 4164 deprompto
824 4083 860 4146 ab
876 4105 1019 4170 corporea
1040 4093 1144 4147 natura
1163 4082 1297 4146 similitu·

136 4181 211 4244 dinis
234 4181 384 4244 notionem
408 4181 438 4244 iu
455 4180 629 4265 incorporeo
654 4190 736 4265 patre
755 4180 872 4267 lilioqne
891 4187 1096 4270 perdiscimus.
1143 4181 1295 4269 Siquidem

134 4318 179 4368 τοῦ
201 4315 343 4384 πνεύματος
364 4316 409 4371 τοῦ
430 4313 511 4384 ἁγίου.
547 4319 620 4381 tatae
638 4321 699 4369 enter
733 4321 802 4371 codd.
829 4335 885 4372 msa.
908 4328 930 4373 et
947 4323 983 4373 ed
1006 4325 1081 4386 praee
1099 4323 1242 4390 μαρτυριῶν
1258 4324 1295 4375 ed

135 4389 198 4434 extat
212 4380 372 4455 ὑπάρχοντος,
391 4385 496 4440 καὶτοῦ
512 4402 550 4438 na.
567 4386 611 4440 τοῦ
626 4383 699 4454 dyloo
734 4389 816 4440 Petne.

134 4450 181 4511 τὰς
199 4451 327 4520 ἰδιότητας
341 4460 392 4507 eett.
766 4457 791 4508 2.
810 4452 856 4523 raia
869 4451 919 4513 bird
932 4461 1065 4522 matralia
1080 4467 1114 4514 ee
1130 4464 1251 4516 Petoolna.

171 4518 229 4571 Car.
239 4521 322 4578 xvh.
340 4552 370 4564 -
410 4525 431 4576 l.
450 4521 593 4591 μαρτυρίων
615 4525 701 4576 habent
765 4522 790 4577 3.
803 4521 895 4582 ἔννοιαι
908 4530 1049 4590 aombslmo
1063 4543 1109 4592 aba
1123 4533 1149 4583 lo
1161 4532 1199 4583 sd
1213 4531 1295 4593 soon,
