3096 5070
364 295 503 351 ennean
521 295 585 347 nm.
598 294 643 347 nr.
661 292 744 348 rom.
760 293 791 347 n.
809 292 911 347 anun.
926 293 1080 349 cxxvnu
1237 279 1299 349 433

142 441 246 484 rocem
263 418 341 482 illam
356 421 446 480 Suum
461 415 612 490 adiunxit,
645 416 697 480 eed
710 421 929 497 primogenitum
947 415 1148 480 tantummodo
1170 416 1299 480 vocavit.

143 521 199 586 llio
217 532 265 586 est
281 521 359 584 enim
381 519 430 582 ille
453 540 538 604 quem
562 523 781 599 primogenitum
803 531 953 580 creaturae
972 523 1061 580 omnis
1080 517 1230 603 apostolus
1248 538 1301 581 no-

141 625 253 703 minat,
285 621 391 707 quique
412 643 476 684 cum
494 620 638 685 creaturis
662 621 770 684 ceteris
788 620 907 684 minime
932 621 1135 704 coniungitur,
1167 620 1220 684 scd
1235 631 1304 685 auto

141 747 195 790 eas
211 746 315 788 omnes
334 724 479 808 originem
497 723 622 808 accepit.
667 721 776 807 Neque
791 724 868 786 euim
888 728 981 803 preire
999 735 1112 785 erectus
1134 721 1227 800 dixit,
1251 721 1303 784 sed

136 833 364 911 primogenitus,
389 826 463 889 adeo
482 836 514 888 ut
530 824 567 887 ad
584 825 726 889 maiorem
748 826 928 888 audientium
945 826 1069 890 fructum
1087 835 1173 910 atquc
1190 822 1303 887 cautio-

141 952 208 995 nem
230 930 302 992 lmec
319 928 368 991 illo
389 928 417 990 in
437 928 503 991 loco
528 926 655 991 discreta
670 927 751 1007 siut,
782 949 817 990 ac
836 932 1024 1008 primogeniti
1045 948 1119 990 uoce
1141 926 1303 1012 praemissa
1339 927 1340 930 ’

142 1032 314 1097 interiorem
335 1030 440 1093 deinde
461 1041 625 1094 ereaturam
645 1029 782 1092 subiecit.
828 1027 979 1114 Siquidem
994 1035 1181 1110 primogeniti
1196 1050 1304 1093 nomeu

143 1136 178 1198 ed
200 1135 287 1196 lilium
304 1133 450 1211 relertur,
485 1144 619 1195 creatura
639 1153 692 1217 per
709 1131 798 1194 lilium
821 1145 867 1195 est
882 1133 1033 1218 producta.
1078 1137 1192 1214 Peperit
1207 1131 1304 1215 itaque

133 1239 233 1316 filicem
246 1257 328 1297 suurn
341 1239 578 1316 primogenitum,
605 1255 664 1298 nou
683 1234 908 1319 primogenitum
928 1257 1031 1315 suum,
1060 1235 1144 1319 quasi
1161 1234 1234 1297 alios
1253 1255 1305 1318 po·

144 1326 208 1402 stoa
234 1338 364 1424 paritura
391 1337 490 1401 luerit.
536 1341 577 1399 Et
598 1359 655 1398 non
680 1338 869 1416 cognoscebat
892 1340 981 1399 illum.
1029 1333 1090 1419 Qui
1114 1339 1191 1399 enim
1215 1357 1304 1399 nosse

144 1442 238 1525 potuit
261 1452 371 1504 tautum
398 1461 464 1504 esse
490 1439 518 1503 ei
542 1438 657 1503 mulieri
681 1439 793 1522 gratiae
817 1440 1049 1503 conterendum?
1093 1436 1177 1504 Unde
1200 1439 1303 1518 sciret,

145 1543 283 1628 inquam,
309 1556 366 1607 tom
384 1540 544 1607 excellenti
562 1540 658 1624 gloria
673 1541 816 1626 virginem
836 1563 903 1606 esse
921 1541 1146 1605 celebrandam?
1189 1538 1305 1626 Quippe

145 1646 297 1711 mulierem
316 1645 390 1709 banc
410 1668 427 1709 a
449 1655 553 1708 natura
570 1646 722 1707 formatam
740 1666 775 1707 ac
803 1645 920 1707 leminei
937 1665 1030 1708 sexus
1052 1665 1119 1709 esse
1147 1653 1301 1727 cognorat,

145 1759 234 1833 atque
251 1749 287 1812 ab
306 1750 394 1812 Anna
416 1758 509 1811 matre
525 1759 555 1810 et
572 1742 701 1810 loacimo
718 1757 800 1831 patre
823 1747 971 1830 genitam,
1004 1744 1178 1809 Elizabctae
1196 1766 1305 1830 cogna-
1366 1767 1369 1786 -’

145 1861 226 1929 turn,
261 1850 386 1915 cdomo
408 1848 533 1913 Doridis
555 1869 589 1911 uc
617 1848 745 1926 familia,
778 1848 833 1911 boc
856 1869 928 1912 vero
952 1849 1079 1911 nondum
1102 1848 1305 1929 intellexerat,

146 1965 258 2017 tautum
286 1953 364 2016 illum
392 1952 421 2014 in
442 1952 530 2015 terris
552 1952 641 2015 decus
666 1972 700 2013 ac
717 1951 922 2036 splendorem,
956 1960 985 2014 et
1012 1950 1127 2034 quidem
1155 1951 1304 2031 seminam,

146 2076 213 2119 csse
238 2064 472 2118 consecuturam.
517 2049 664 2135 Quocirca
682 2076 737 2115 non
755 2059 888 2134 cognouit
906 2056 1001 2126 r'llom,
1027 2055 1121 2115 donee
1141 2052 1304 2137 prodigium

146 2157 215 2221 illud
241 2156 460 2220 animadvertit.
504 2153 575 2219 Non
602 2157 741 2239 cognovit
764 2157 839 2240 quod
867 2157 896 2219 iu
920 2176 955 2218 ea
974 2155 1107 2218 mirabile
1129 2155 1305 2238 contigerat,

145 2261 239 2322 donec
257 2271 355 2323 natum
373 2279 412 2321 cx
432 2278 466 2319 ea
485 2257 573 2320 lilium
590 2258 673 2320 vidit.
719 2255 915 2343 Posteaquam
934 2279 1007 2322 vere
1022 2257 1152 2343 peperit,
1177 2257 1306 2321 habitum

147 2362 186 2424 illi
206 2362 346 2426 divinitus
367 2360 509 2424 bonorem
534 2359 673 2444 agnovit,
708 2381 830 2445 eamque
851 2361 951 2424 didicit
968 2359 1012 2425 bis
1031 2360 1129 2424 verbis
1147 2360 1182 2422 ab
1200 2361 1306 2445 angelo
1352 2385 1357 2393 ·

145 2464 319 2528 salutatam:
342 2469 406 2526 Aue
424 2468 523 2543 grotrir
541 2465 645 2543 pleno,
669 2466 798 2525 domines
815 2475 915 2525 tecum.
1322 2475 1445 2530 noemae

229 2565 313 2630 llaec
329 2576 392 2644 est,
424 2562 810 2649 quamadumbravitEva,
844 2587 918 2650 quae
941 2565 1101 2629 viventium
1120 2575 1304 2649 materque·
1352 2581 1412 2646 cap.

147 2669 215 2732 donn
235 2667 409 2751 aenigmatis
427 2668 580 2731 involucro
598 2678 793 2750 rnuneupatur.
840 2665 991 2752 Siquidem
1009 2672 1070 2730 Euo
1086 2680 1143 2729 tem
1161 2674 1307 2737 uiuentium
1321 2647 1459 2769 offillfi

146 2782 191 2832 eet
205 2773 348 2850 appellata
366 2783 471 2844 muter,
499 2792 563 2833 eum
581 2770 639 2833 iam
657 2770 726 2832 illud
743 2770 903 2850 audiisset,
931 2776 1019 2833 Terre
1036 2793 1081 2843 es,
1116 2783 1144 2832 et
1157 2775 1186 2832 in
1203 2782 1308 2832 terrum

147 2878 317 2946 reuerteris,
352 2883 417 2957 post
439 2873 596 2937 admissum
618 2872 755 2936 videlicet
772 2885 936 2957 peccatum.
983 2871 1069 2957 Quod
1086 2873 1201 2957 quidem
1217 2874 1308 2937 odmi·

149 2975 264 3037 ratioue
285 2974 402 3058 dignum
429 2988 493 3054 est,
527 2974 690 3061 postillam
713 2975 907 3038 oderisionem
929 2987 986 3038 tani
1014 2976 1196 3061 praeclarum
1215 2977 1242 3039 ei
1257 2997 1308 3040 co·

149 3097 277 3161 gnomen
306 3076 488 3141 attributum.
542 3079 589 3142 Ac
613 3077 639 3142 si
665 3077 816 3141 exteriora
839 3080 982 3142 duntaxat
1005 3089 1035 3141 et
1059 3079 1196 3143 oeensibus
1221 3079 1309 3143 obvia

149 3179 341 3257 consideres,
377 3179 413 3244 ab
431 3181 534 3245 eadem
557 3181 612 3245 bac
632 3178 697 3244 Eva
717 3182 807 3243 totius
830 3183 921 3244 estin
941 3182 1028 3244 terris
1049 3181 1167 3244 buniani
1189 3181 1309 3265 generis

149 3285 234 3364 origo
251 3281 385 3346 deducta.
431 3281 551 3347 Revera
566 3296 664 3349 temen
683 3281 815 3348 aMaria
830 3284 945 3370 virgine
960 3284 1019 3346 vita
1036 3284 1099 3369 ipsa
1116 3295 1161 3347 est
1179 3285 1208 3347 in
1226 3305 1310 3347 mun·

149 3386 216 3448 dum
240 3383 423 3464 introducta,
456 3398 486 3449 ut
503 3387 652 3450 viventem
677 3387 773 3470 pariat
795 3397 825 3450 et
841 3387 1001 3452 viventium
1020 3383 1129 3450 Maria¹
1142 3387 1182 3451 sit
1200 3397 1306 3449 mater.

150 3484 302 3570 Quocirca
333 3489 487 3548 Vioeutr'um
519 3500 608 3549 muter
638 3488 809 3552 adumbrata
838 3490 1025 3554 similitudine
1054 3487 1154 3553 Maria
1188 3489 1305 3552 dicitur.

149 3586 227 3652 Nam
245 3589 281 3651 de
298 3587 410 3651 duobus
437 3589 553 3652 leminis
580 3589 686 3652 dietum
706 3590 775 3653 illud
795 3602 857 3670 est,
891 3597 959 3671 Quis
977 3597 1055 3654 dedit
1070 3595 1459 3673 mutterisopieu·1en.1e,et.

151 3697 235 3765 trum,
268 3694 504 3771 uutooriegundi
524 3695 693 3752 serentium?
736 3690 854 3756 Etenim
871 3693 998 3758 Evailla
1014 3694 1230 3781 priorsapiens
1247 3716 1310 3758 um·

150 3794 207 3857 lier
222 3792 357 3872 Adamo,
382 3815 467 3878 quom
483 3793 547 3879 ipsa
564 3794 747 3871 nudaverat,
772 3796 958 3879 aspectabilis
976 3799 1116 3881 quaedem
1134 3796 1311 3860 vestimenta

151 3897 326 3975 contexuit,
359 3897 464 3982 quippe
484 3894 647 3960 huiusmodi
671 3905 718 3956 cst
737 3894 837 3959 labore
855 3897 1003 3962 dominatu.
1049 3898 1135 3982 erod
1160 3899 1237 3961 euim
1256 3920 1310 3962 nu·

151 4000 227 4064 ditas
246 3999 325 4064 illius
345 4020 433 4085 opera
452 4001 563 4062 relenta
581 3999 695 4077 luerat,
720 3996 775 4060 lroc
795 3998 888 4062 eidem
905 4000 1002 4064 datum
1021 4000 1248 4085 negotionem,
1279 4012 1311 4065 ut

151 4102 186 4165 ad
207 4114 362 4167 externam
389 4102 549 4166 nuditatem
570 4099 726 4184 tegendam
750 4122 856 4186 corpus
880 4102 974 4182 istud,
1007 4103 1083 4187 quod
1103 4103 1238 4165 sensibus
1256 4123 1310 4166 ex·

152 4207 278 4289 positum
306 4215 369 4284 est,
402 4215 486 4268 veste
512 4214 695 4288 contegeret.
742 4202 784 4266 Αι
807 4201 924 4267 Mariae
952 4204 1091 4268 divinitus
1116 4204 1185 4267 illud
1207 4204 1312 4290 obtigit

153 4317 186 4368 ιιι
204 4328 310 4390 agnum
328 4306 414 4371 uobis
433 4317 519 4391 atque
542 4326 628 4369 ovem
651 4317 787 4391 pareret,
821 4307 904 4370 euius
921 4329 960 4372 ex
977 4308 1133 4393 splendore
1152 4329 1186 4370 ae
1202 4308 1307 4393 gloria,

51 4478 54 4490 Ι
152 4416 290 4492 tanquam
308 4430 324 4473 e
342 4409 475 4489 vellere,
508 4429 562 4493 per
584 4408 714 4474 eiusdem
739 4408 877 4474 virtutem
901 4410 1127 4476 immortalitatis
1149 4410 1234 4475 nobie
1257 4430 1310 4474 ve·

186 4538 211 4594 4.
231 4542 260 4597 τὸ
279 4540 438 4612 ἅμφιενιύιιι
455 4547 507 4597 eod.
526 4547 624 4608 llbtdr'p.

204 4627 294 4684 Corpus
307 4626 444 4673 liuereeeol.
457 4627 486 4672 ll.
501 4629 521 4671 t.
1065 4638 1104 4700 28
