3096 5070
407 321 544 374 euuanu
562 319 816 372 monarcus.
834 318 933 369 unes.
946 315 1031 369 cxx.
1268 297 1309 365 2⁷

150 440 353 526 episcoporum
379 441 426 525 qui
445 451 649 503 couvenerant
667 437 888 524 'subscriptione
909 437 1150 514 confirmaretur,
1181 434 1255 498 adeo
1277 443 1310 498 ut

150 544 226 606 Ario
240 543 393 628 profligato
408 563 478 604 vera
495 541 630 604 omuibus
647 543 718 604 lides
733 563 768 603 ac
787 541 904 602 siucero
925 537 1158 621 praedicaretura
1183 537 1307 600 alterum

152 645 205 707 luit
226 644 395 707 celebrandi
415 641 569 706 Pascbatis
591 643 626 705 ad
653 643 855 706 stabiliendum
876 648 1007 702 nostrum
1034 637 1161 699 omnium
1185 658 1310 701 concor·

152 746 226 808 diam
244 747 401 809 emendata
425 745 512 806 ratio.
561 741 732 828 lampridom
757 743 854 821 enim,
885 752 917 804 et
936 762 953 804 a
971 739 1073 825 primis
1091 759 1182 821 usqne
1199 752 1311 825 tempo·

152 848 252 925 ribus,
285 847 388 909 variae
414 845 443 906 iu
464 844 589 907 ccclesia
614 846 651 906 de
680 845 733 907 bae
751 843 936 906 solemnitate
958 840 1181 905 coutroversiae
1200 861 1235 902 ao
1251 842 1311 905 dis-

152 950 308 1013 sensiones
324 947 504 1022 extiterunt,
530 967 605 1030 quae
623 947 779 1030 quotannis
800 946 889 1008 risum
908 966 941 1007 ac
961 944 1115 1007 ludibrium
1133 941 1308 1004 allercbant.

152 1050 231 1114 Nam
257 1048 306 1111 alii
325 1048 448 1131 qttodam
474 1049 671 1111 contentionis
693 1049 798 1111 ardore
824 1059 891 1110 ante
915 1048 1143 1123 hebdomadem,
1172 1043 1221 1106 olii
1245 1054 1312 1127 post

154 1149 510 1227 bebdomademiniboot,
541 1150 590 1213 alii
609 1150 851 1227 antevertebant,
884 1150 931 1212 alii
958 1149 1054 1211 medio
1080 1161 1229 1232 tempore,
1262 1143 1311 1207 alii

153 1263 304 1336 postremo
328 1251 516 1334 peragebant.
563 1250 621 1331 Et,
653 1264 685 1315 ut
708 1252 1000 1326 urrorerbodieam,
1031 1250 1152 1313 mirilico
1169 1250 1312 1332 qrraedam

156 1364 219 1415 erat
233 1363 265 1415 et
280 1352 422 1415 laborioso
444 1354 634 1437 perturbatio.
680 1353 747 1416 Nec
765 1355 834 1417 illud
857 1353 981 1416 cruditis
998 1352 1162 1415 bominibus
1179 1351 1311 1434 ignotum

156 1467 218 1531 est,
249 1475 332 1538 qnam
356 1474 444 1539 saepe
467 1455 593 1519 diversis
609 1455 789 1539 temporibus
807 1457 842 1517 de
865 1456 943 1518 illins
961 1454 1028 1517 lesti
1047 1453 1217 1516 celebritate
1238 1449 1312 1515 rarii

155 1556 575 1640 ecclesiasticae*discipliuae
612 1559 752 1620 tuumltus
783 1578 818 1620 ao
849 1559 1057 1619 contentiones
1086 1555 1209 1618 obortae
1238 1555 1310 1631 sint,

154 1657 324 1743 praesertim
344 1655 501 1742 Polycarpi
527 1680 562 1720 ae
590 1656 720 1720 Victoris
746 1668 861 1735 aetate,
894 1680 959 1721 cum
980 1654 1150 1722 Orientales
1172 1656 1210 1719 ab
1225 1653 1313 1721 0cci·

152 1760 317 1822 dentalibus
342 1759 447 1821 divulsi
474 1760 608 1842 pacificas
637 1780 653 1820 a
678 1780 712 1820 se
737 1757 862 1821 invicem
889 1761 989 1823 literas
1013 1759 1107 1822 nullas
1129 1760 1309 1844 acciperent.

153 1858 240 1943 Quod
268 1863 344 1922 idem
374 1871 404 1921 et
428 1860 494 1923 aliis
523 1861 702 1943 temporibus
729 1860 853 1936 accidit3
888 1862 967 1925 volnt
990 1861 1154 1923 Alexandri
1182 1860 1311 1945 episcopi

152 1960 368 2037 Alexandrini,
394 1970 424 2021 et
439 1957 619 2035 Crescentii,
644 1962 884 2045 quemadmodum
901 1975 1002 2024 eontra
1017 1983 1051 2025 se
1068 1973 1168 2024 mutuo
1185 1963 1313 2046 scripse·

153 2065 213 2126 rint
237 2073 267 2125 et
283 2064 427 2124 acerrime
450 2061 654 2146 pugnaverint.
702 2060 788 2145 erae
813 2062 927 2145 quidem
950 2064 1112 2126 arrimorum
1131 2063 1314 2146 opinionum-

154 2185 210 2248 que
235 2163 405 2240 distractio,
438 2185 477 2226 ex
497 2186 553 2247 quio
579 2165 669 2225 sernrl
695 2175 760 2248 post
778 2166 931 2248 episcopos
951 2164 1016 2225 illos¹
1033 2166 1081 2249 qui
1103 2184 1142 2227 es
1162 2165 1314 2228 eircumci-

154 2267 239 2329 sione
256 2287 291 2329 ae
309 2262 481 2328 ludaeorum
497 2276 578 2329 secta
594 2267 629 2328 ad
647 2262 797 2330 Christum
815 2286 883 2328 sese
900 2250 1227 2363 conuerteraniagitari
1245 2287 1314 2330 eoe-

154 2368 207 2453 pit,
230 2369 267 2430 ad
284 2379 385 2431 nostra
405 2387 498 2450 usque
515 2378 645 2453 tempora
664 2369 767 2431 codem
784 2378 831 2432 est
844 2378 947 2430 tenore
966 2367 1118 2452 perducta.
1163 2367 1314 2452 Quamob-

154 2491 216 2533 rem
240 2469 288 2554 qui
314 2480 372 2532 tum
395 2471 431 2532 ad
459 2467 624 2533 Nicaenam
647 2472 792 2556 synodum
825 2470 951 2553 undique
969 2469 1191 2546 eoullnsoraut,
1216 2491 1249 2531 re
1264 2491 1315 2533 ac-

155 2582 254 2633 curate
280 2572 396 2656 cognita
423 2570 569 2634 communi
598 2572 633 2633 ab
657 2572 792 2634 omnibus
816 2573 991 2650 concordia,
1029 2582 1118 2654 atquc
1144 2591 1183 2633 ex
1209 2571 1315 2634 idonea

155 2684 317 2758 temporum
341 2675 558 2757 computatione
581 2682 610 2734 et
632 2673 761 2751 catomo,
785 2674 992 2736 celebrandum
1016 2693 1083 2736 esse
1106 2681 1285 2734 statuerunt.

239 2775 367 2837 Audiani
385 2796 457 2836 rero
473 2776 507 2835 ad
524 2774 686 2837 institutum
698 2797 783 2837 suum
799 2778 941 2860 quandam
959 2796 998 2838 ex
1009 2775 1218 2859 Apostolorum
1235 2769 1316 2837 Cou-
1334 2774 1395 2844 cop.
1407 2775 1443 2826 Χ·

157 2876 308 2938 stitutione
326 2877 528 2939 auctoritatem
549 2879 781 2939 accommodant.
807 2875 866 2960 Qui
886 2876 960 2939 libor
978 2877 1092 2939 tametsi
1113 2876 1217 2939 dubiae
1240 2876 1315 2961 apud

156 2976 311 3040 nonnullos
336 2979 401 3040 lidei
427 2979 483 3055 sit,
518 3000 576 3039 non
598 2989 757 3040 esttamen
775 2980 994 3063 improbandus.
1040 2977 1117 3041 Nato
1135 2979 1164 3040 in
1181 3000 1217 3042 eo
1238 2998 1312 3062 qutaa

155 3080 190 3141 ad
220 3079 363 3141 ecelesiae
387 3079 568 3163 disciplinam
597 3081 723 3142 attinent
749 3083 845 3142 omnia
871 3081 1176 3164 comprehenduntur,
1219 3101 1314 3165 neque

155 3182 308 3264 qtricquam
326 3192 375 3242 ant
403 3183 431 3242 in
461 3182 514 3242 lide
533 3203 567 3243 oc
585 3181 730 3244 catltolica
748 3178 934 3266 professione
957 3184 1164 3268 depravatum,
1198 3194 1248 3245 arnt
1266 3203 1315 3245 ec·

155 3284 263 3345 clesiae
282 3283 526 3345 administrationi
550 3304 584 3345 ac
609 3284 736 3346 decretis
752 3286 932 3346 condrucium
950 3287 1113 3348 continent.
1160 3282 1220 3348 Sed
1238 3286 1314 3368 quod

153 3388 187 3445 ad
205 3387 300 3448 locum
317 3386 396 3447 illum
412 3385 534 3463 attinet,
568 3387 644 3449 unde
662 3407 744 3449 suam
759 3387 795 3448 de
814 3387 951 3471 pascbate
970 3388 1145 3449 senteutiam
1167 3387 1315 3448 affirmare

154 3498 314 3565 oouarttur,
348 3487 424 3550 bunc
440 3487 481 3549 illi
501 3508 653 3571 perperam
670 3488 919 3572 interpretantur,
952 3491 1034 3552 etad
1053 3488 1180 3551 alieruun
1196 3508 1314 3549 sertsum

157 3606 208 3666 per
231 3588 377 3650 inscitiam
405 3590 572 3653 traducunt.
619 3586 736 3651 Etenim
758 3591 882 3673 apostoli
906 3589 1004 3652 inilia
1030 3587 1251 3654 Constitutione
1275 3589 1316 3651 ita

157 3685 313 3747 deliniunt:
345 3687 427 3765 Vos,
451 3691 602 3775 inquiunt,
628 3702 790 3774 temporum
807 3692 937 3754 rationes
955 3711 992 3753 ne
1007 3691 1178 3767 subducite,
1209 3691 1260 3750 sed
1278 3710 1316 3751 eo

158 3796 289 3870 tempore
310 3788 457 3850 celebrate
482 3813 539 3872 quo
565 3792 672 3853 fratres
696 3791 788 3855 vestri
811 3794 859 3876 qni
883 3815 923 3856 ex
947 3792 1172 3855 circumcisione
1202 3791 1316 3874 prodie-

157 3897 243 3964 runt3
276 3908 340 3950 cum
358 3889 395 3950 iis
408 3890 504 3972 itaque
521 3887 634 3952 Pascba
655 3895 798 3974 peragite.
843 3893 913 3957 Non
934 3894 1132 3978 praecipiunt,
1158 3891 1226 3974 Quo
1243 3904 1315 3956 tem·

156 4011 227 4075 pore
255 3993 363 4052 lrotres
388 3990 478 4053 rostri
502 3991 549 4072 qui
576 3991 605 4050 iu
623 3991 844 4057 circumcisione
867 4007 953 4072 suut,
988 3995 1039 4056 sed
1058 3991 1117 4076 Qui
1135 4015 1172 4056 ex
1190 3995 1315 4059 circum·

156 4092 269 4155 cisione
287 4093 476 4175 prodierunt3
508 4102 536 4153 ut
557 4091 621 4153 illos
642 4091 721 4174 ipsos
737 4094 906 4173 declarent,
931 4097 978 4178 qui
997 4096 1031 4157 ad
1051 4097 1205 4160 ecclesiam
1224 4120 1239 4160 a
1258 4097 1316 4160 cir·

156 4195 336 4258 cumcisioue
357 4194 530 4256 transierint
547 4214 585 4257 ex
604 4214 640 4256 eo
653 4193 793 4278 deinceps
812 4206 943 4280 tempore
961 4181 1051 4260 duces
1067 4207 1097 4260 et
1113 4210 1250 4263 auctores
1272 4203 1316 4264 lu·

157 4307 258 4374 turos,
285 4307 373 4380 utque
392 4299 426 4358 od
446 4297 569 4359 aliorum
589 4295 793 4360 atrotoritatem
810 4298 1005 4381 adiungerent
1022 4320 1107 4379 seso,
1133 4323 1169 4364 ne
1189 4303 1237 4364 alii
1257 4303 1315 4365 alio

156 4407 286 4482 tempore
311 4399 476 4463 obeundum
503 4399 558 4461 sibi
581 4396 695 4462 Paseba
719 4399 886 4461 crederent.
934 4399 1018 4463 Hauc
1042 4403 1119 4465 enim
1139 4424 1254 4465 omnem
1274 4404 1316 4466 illi

156 4521 255 4565 coraus
271 4524 306 4564 ao
322 4502 503 4586 diligentiam
523 4501 700 4587 impendisse
716 4502 870 4582 videntur,
903 4514 932 4566 ut
949 4525 1050 4590 pacem
1074 4526 1109 4568 ae
1127 4503 1314 4573 concordiam
