3096 5070
522 295 608 349 τοιιι
624 293 752 347 ναιοιιιο
773 295 854 347 τινα
872 293 1063 347 mammon.
1310 280 1372 353 653

218 436 293 491 quum
305 417 454 485 scripturam
469 432 535 466 nunc
549 415 632 465 firmat
646 413 721 466 etium
738 415 855 464 Venetus.
891 413 959 464 Idem
974 413 1037 464 liber
1052 413 1128 480 ροιιΙο
1140 421 1199 482 ροσε
1211 412 1254 466 ἐπί
1265 412 1375 481 πλείστην

217 501 315 573 φθόνῳ,
336 531 365 541 -
401 502 418 552 1.
436 500 480 551 ult„
498 499 631 567 Vulgatam
648 496 778 564 ἐπινοῆσαι
795 509 880 551 tuetur
897 499 971 550 τείιιτα
990 500 1052 549 Ven.

285 587 451 659 Ptssw.
485 584 542 636 1.’ἐ.
569 583 679 634 Retineri
702 594 802 651 poterut
820 583 920 651 vulgata
942 584 1065 652 εοοὶρειιτο
1088 578 1187 650 όρίσαι,
1215 582 1253 644 νίς
1266 601 1375 652 ww·

218 671 253 741 δή
270 703 302 714 -
319 669 520 738 παρασκευάσαι.
556 669 611 719 Nec
625 668 699 719 aliter
714 668 805 735 legitur
820 668 845 719 in
861 671 975 730 veneto,
993 669 1034 736 qui
1050 669 1132 737 pergit
1145 664 1178 721 '0
1194 665 1225 722 δέ
1237 665 1275 735 μή
1291 667 1376 734 φέρων

216 757 264 827 τήν
281 753 407 823 τοσαύτην
428 756 476 823 τῆς
491 757 558 823 διαβ.
574 783 607 792 -
640 753 657 805 1.
670 751 695 805 4.
713 752 803 822 γνιόμγγ
819 749 892 807 πάλιν
907 755 981 808 τοῦτο
997 756 1059 804 Von.
1076 781 1109 792 -
1143 752 1187 804 1.ῦ
1203 764 1227 803 οι
1242 752 1267 805 6.
1285 749 1375 819 ἐπειδη

218 838 286 903 όλως
303 844 403 908 καθωμ.
422 857 444 893 τ.
462 857 518 906 πρ,
547 841 602 911 βαλ.
626 837 668 892 ἐπί
692 845 779 908 χεῖρας
798 834 876 892 αύτοῦ
894 841 956 890 ven.
977 867 1005 878 ·-
1041 838 1057 889 1.
1069 836 1093 890 9.
1116 835 1160 898 δέ,
1183 848 1241 905 post
1256 831 1376 899 Ἀλεξαν-

218 927 307 997 δρείᾳ,
334 944 382 977 om.
407 927 470 976 Ven.
489 954 521 963 -
556 923 572 974 1.
589 925 625 976 10.
650 921 697 990 τὴν
716 923 892 977 Παλαιστινιῦν
917 925 979 974 Ven.
997 953 1030 973 -τ
1064 923 1172 975 Niceten
1192 922 1329 975 Chonintae
1344 921 1377 972 (1ο

219 1013 326 1081 Origene
340 1028 370 1063 ex
386 1009 525 1077 Epiphanio
541 1009 603 1060 haec
622 1019 660 1059 οιε
675 1008 784 1060 narratio
801 1009 920 1061 Τὴοεαοτ.
938 1007 1043 1060 orthod.
1063 1008 1116 1059 Fi&
1132 1010 1182 1068 IV,
1199 1009 1246 1060 31:
1273 1001 1377 1075 Ὧριγέ·

218 1115 278 1165 νης,
304 1093 382 1150 όκαλ
401 1087 582 1162 ’Δδαμάντιυος
604 1092 802 1160 ἐπονομασθεὶς,
828 1089 966 1160 λεγόμενός
988 1091 1042 1146 ἐστι
1062 1092 1106 1146 καλ
1122 1091 1273 1160 Συντάκτης
1288 1089 1332 1146 διὰ
1345 1089 1375 1145 τό

218 1183 317 1250 πλῆθος
342 1180 391 1234 τῶν
418 1176 630 1247 συγγραμμάτων.
672 1177 711 1232 Τό
734 1177 780 1245 μὶν
797 1178 867 1246 γένος
887 1166 920 1243 τῖν
939 1175 1090 1246 Αἰγύπτιος,
1118 1175 1173 1237 υλός
1188 1177 1315 1231 Λεωνίδου
1332 1178 1377 1230 τοῦ

219 1262 361 1334 άγιωτάτου
376 1261 560 1333 μόρτυρος,·ἐν
578 1258 753 1332 Ἀλεξανδρείᾳ
768 1261 799 1318 δλ
812 1260 859 1329 τήν
876 1264 974 1329 οίκησιν
990 1261 1123 1333 ἐσγηκως,
1141 1257 1220 1317 κάκεῖ
1231 1259 1377 1321 παιδευθείς
1446 1289 1448 1294 ,

220 1351 265 1406 καί
278 1345 438 1418 άνατραιρείς.
471 1345 613 1417 Ἐφοίτησε
629 1346 742 1409 καὶτοῖς
762 1346 788 1402 ἐν
804 1343 926 1415 ’Δθήναις
941 1348 1143 1415 παιδευτηρίσις,
1160 1346 1205 1401 καί
1228 1345 1315 1415 γε’γσνε
1332 1344 1377 1413 μέν

220 1432 303 1504 λόγιος
316 1432 363 1504 την
379 1429 531 1502 Ἑλληνικήν
547 1433 670 1489 παιδείαν.
703 1429 851 1502 Ἐσγόλασε
867 1431 896 1487 δ“ε
910 1432 955 1487 καλ
967 1440 1021 1495 τοῖς
1041 1432 1261 1501 ἐκκλησιαστικαῖς
1277 1429 1377 1498 δόγμα-

222 1538 268 1576 σιν.
288 1516 366 1574 'Em
382 1517 411 1576 δέ
426 1521 470 1574 τοῦ
488 1517 553 1575 κατά
570 1519 656 1573 Δέκιον
675 1519 789 1585 διωγμοῦ
808 1516 885 1574 πολλὰ
908 1518 952 1572 καλ
968 1514 1046 1580 αῦτός
1060 1519 1181 1572 πέπονθεν
1196 1513 1258 1583 ύπλρ
1273 1516 1317 1569 τοῦ
1332 1512 1377 1570 λό-

220 1624 266 1675 γου
283 1608 331 1672 τῆς
345 1605 468 1666 πίστεως,
487 1600 672 1671 ὀνειδιζόμενός
687 1621 716 1657 τε
729 1603 774 1657 καλ
787 1602 922 1671 συρόμενος
936 1601 979 1659 διά
992 1603 1075 1671 μέσης
1086 1604 1135 1671 τῆς
1148 1599 1256 1662 πόλεως,
1272 1599 1318 1655 καί
1331 1604 1377 1671 βα·

222 1687 306 1751 σόνοις
323 1686 523 1760 ύποβαλλόμευος
537 1688 582 1743 καλ
595 1685 785 1758 χλευαζόμενος.
821 1683 869 1741 Ἐν
886 1691 932 1758 μιᾷ
949 1687 1013 1756 γάρ,
1040 1684 1077 1749 ιύς
1092 1689 1206 1756 λέγεται,
1223 1683 1378 1755 ξυρήσαντες
1466 1730 1469 1735 .

222 1771 299 1831 αύτόν
316 1769 475 1841 οῖ”Ελληνες
491 1771 599 1843 πρόςτῄ
617 1767 740 1843 ἀναβάσει
754 1773 798 1827 τοῦ
815 1772 961 1839 Σαραπείου
983 1773 1135 1841 καλουμένου
1152 1773 1269 1841 τεμένους
1286 1769 1377 1826 ἐκάθι-

224 1876 285 1924 σαν,
311 1857 419 1920 θαλλοῦς
441 1858 619 1924 ἐπιτρέψαντες
643 1853 741 1913 διδόναι
761 1857 880 1925 φοινίκων
895 1863 948 1918 τοῖς
964 1853 1074 1912 α’νιοῦσιν
1090 1857 1126 1918 είς
1142 1857 1308 1925 προςκύνησιν
1331 1856 1376 1909 τοῦ

222 1939 378 2012 Σαράπιδος.
411 1944 495 1997 Τοῦτο
515 1941 564 2011 γάρ
579 1943 625 1996 καλ
643 1944 667 1997 οί
680 1944 730 1997 τοῖν
745 1939 857 1997 εἰδώλων
874 1939 1002 1998 είιόθασαν
1025 1949 1102 1997 ποιεῖν
1120 1943 1204 2009 ίεριῖς.
1238 1940 1270 1994 ¹0
1287 1940 1316 1997 δέ
1330 1944 1377 1995 λα-

223 2027 275 2100 βιλν
291 2028 390 2098 μεγάλῃ
407 2028 497 2098 φωνῇ,
517 2024 596 2095 μηδέν
612 2028 713 2089 δείσας,
731 2025 800 2095 μηδί
816 2024 845 2081 δέ
860 2023 999 2090 διστάσας,
1016 2024 1095 2098 ἐβόα,
1114 2029 1206 2091 Δεῦτε,
1224 2024 1329 2096 λάβετε,
1347 2019 1377 2080 ου’

221 2112 264 2169 τόν
279 2112 371 2169 θαλλόν
385 2117 429 2167 τοῦ
449 2108 564 2178 είδύλου,
581 2107 646 2166 ἀλλὰ
659 2111 702 2167 τόν
718 2111 810 2167 θαλλόν
819 2113 864 2165 τοῦ
875 2111 995 2178 Χριστοῦ.
1022 2113 1056 2165 Οί
1066 2110 1152 2180 δέτης
1167 2112 1259 2173 κακίας
1272 2107 1378 2179 ἐργάται

222 2198 417 2266 παροξυνθέντες
433 2198 527 2265 αίρεσιν
544 2192 614 2266 αύτῷ
631 2191 775 2264 προύτειναυ
791 2189 811 2264 ἦ
828 2197 907 2251 θῦσαι
922 2204 974 2258 τοῖς
990 2198 1123 2267 δαίμοσιν,
1149 2190 1212 2264 ἦτό
1230 2197 1306 2263 σῶμα
1319 2190 1377 2263 παρ’

225 2285 344 2346 Αἰθίοπος
358 2284 502 2352 μιανθῆναι.
537 2278 569 2336 Ὁ
587 2281 617 2337 δὲ
633 2282 718 2350 φέρων
732 2282 788 2345 (εἰσ,
806 2281 851 2333 sed
862 2283 1004 2334 Motellium
1015 2284 1119 2335 vertisse
1132 2300 1162 2333 ex
1178 2299 1224 2333 οιιο
1240 2281 1326 2333 οοιίὶσε
1341 2281 1377 2331 νὶ-

225 2369 276 2422 deo
289 2388 364 2434 „cum
378 2381 429 2420 tam
442 2369 589 2421 sceleratum
603 2379 715 2436 stuprum
731 2367 791 2418 ferri
804 2383 851 2419 νιοιι
868 2370 986 2436 ροοοοε“)
1000 2366 1047 2436 την
1063 2367 1188 2433 τοσαύτην
1202 2360 1283 2435 ῦβριν,
1301 2365 1377 2420 ἐλεει·

222 2454 269 2523 νήν
284 2454 370 2523 φωνήν
387 2454 470 2522 (deest
484 2453 586 2507 verbum
601 2451 702 2520 ἔρρηξε)
720 2449 757 2513 ιύς
773 2453 880 2519 αἱρεῖται
896 2455 989 2519 μᾶλλον
1006 2450 1083 2507 θύειν.
1117 2451 1172 2506 Καί
1190 2446 1227 2511 ιύε
1244 2448 1288 2517 μὲν
1305 2446 1319 2503 ὁ
1335 2467 1379 2504 πο·

225 2538 269 2601 λῦς
285 2539 338 2609 ἐγει
352 2537 427 2607 λόγος
443 2535 607 2607 μετεμελήθη
622 2534 703 2604 πόλιν,
721 2537 765 2591 καί
779 2531 826 2592 ούκ
839 2533 957 2608 ἐβούλετο
974 2545 1061 2605 ποιεῖν,
1080 2537 1170 2592 ἐκεῖνοι
1185 2535 1215 2591 δὲ
1231 2535 1279 2602 τῆς
1292 2534 1379 2602 προτέ-

224 2642 272 2692 ρας
287 2622 439 2692 δραξάμενοι
453 2624 618 2683 καταθέσεως
634 2623 731 2692 λίβανον
751 2628 808 2682 ταῖς
824 2619 914 2676 τούτου
929 2624 1015 2692 γερσλν
1035 2622 1172 2690 ἐνέθηκαν,
1199 2619 1243 2674 καλ
1265 2621 1380 2674 καθεῖναι

222 2708 416 2776 παρεσκεύασαν
431 2709 467 2770 εἰς
480 2706 509 2764 τό
525 2709 582 2775 πῦρ.
593 2702 677 2761 Ὅθεν
691 2707 736 2761 καί
750 2704 819 2774 παρά
833 2705 931 2763 πάντων
947 2711 998 2763 τῶν
1015 2705 1177 2776 όμολογητιῦν
1193 2705 1237 2759 καλ
1252 2707 1302 2758 τῶν
1319 2722 1379 2772 μαρ

223 2791 305 2860 τύρων
319 2793 482 2860 κατακριθελς
502 2788 628 2863 ἐξεβλήθη
643 2793 693 2859 τῆς
709 2791 853 2859 ἐκκλησίας.
888 2792 981 2848 Λοιπόν
998 2791 1028 2848 δὲ
1044 2791 1080 2861 μή
1097 2792 1180 2862 φέρων
1195 2788 1242 2860 τέγν
1258 2787 1380 2859 αίσγύνην

224 2873 309 2946 άπῖγρε
325 2879 373 2945 τῆς
389 2872 580 2944 Ἀλεξανδρείας
598 2876 643 2930 καί
656 2877 782 2948 κατέλαβε
796 2875 844 2946 τήν
860 2878 1039 2945 Παλαιστίνην.
1073 2873 1239 2944 Ἐπιτραπείς
1259 2874 1290 2930 δὲ
1312 2871 1381 2943 παρά

188 2994 192 3009 ·
224 2963 268 3019 τοῦ
285 2961 310 3018 έν
325 2959 510 3031 Ἱεροσολύμοις
529 2962 651 3030 ίερατείου
669 2961 741 3031 λόγον
765 2963 843 3018 εἰπεῖν
858 2956 913 3017 τινα
926 2960 1073 3019 διδακτικόν
1088 2952 1132 3030 (η’ν
1147 2959 1213 3030 γάρ,
1229 2961 1311 3030 φησί,
1337 2959 1382 3013 καλ

223 3049 403 3118 πρεσβυτερίου
416 3047 464 3115 πρό
480 3047 524 3102 τοῦ
540 3048 618 3101 θῦσαι
632 3048 831 3117 κατηξιωμένος)
844 3042 955 3108 όναστάς
971 3047 1021 3116 ἐφη
1030 3049 1075 3102 τοῦ
1088 3046 1295 3116 τεσσαρακοστοῦ
1313 3041 1379 3100 ἐννά·

224 3151 268 3189 του
284 3133 386 3201 ψαλμοῦ
401 3131 493 3200 ῥητόν,
511 3131 559 3204 Τῷ
576 3130 605 3187 δέ
622 3128 765 3205 ἁμαρτωλῷ
781 3136 835 3188 κτλ.
859 3163 885 3174 -
921 3134 937 3185 Ι.
952 3137 988 3187 11.
1008 3135 1112 3201 Repone
1129 3133 1212 3188 εἵλατο
1229 3151 1259 3184 ex
1274 3135 1337 3184 Ven.
1354 3144 1380 3183 οι

224 3221 281 3271 Bas.
318 3217 397 3272 είλετο
414 3218 467 3269 sola
481 3219 557 3270 habet
573 3219 634 3270 edit
652 3223 734 3271 Ροιιιυ.
754 3249 786 3259 -
821 3219 838 3271 Ι.
855 3220 891 3272 12
916 3220 961 3273 καί
976 3215 1013 3280 οἱς
1028 3218 1106 3270 lubet
1120 3217 1196 3270 etiam
1214 3221 1277 3270 Veu.
1311 3218 1380 3269 Idem

224 3304 243 3356 l.
256 3306 294 3359 13.
310 3303 427 3371 ἱερατίου.
442 3333 469 3342 -
500 3301 566 3356 114.
586 3305 691 3373 Repone
701 3303 905 3371 προτρεπομένων
921 3295 971 3368 ούν,
988 3303 1056 3373 quod
1073 3303 1133 3355 olim
1150 3305 1288 3373 ιιιορίοαεοι
1303 3320 1379 3365 emm,

224 3407 292 3441 nunc
307 3407 337 3441 ex
351 3388 501 3439 ιιισιοτίειιεο
517 3391 615 3442 Veneti.
652 3389 719 3440 Idem
734 3389 798 3440 liber
810 3389 885 3440 etiam
902 3389 918 3438 1.
936 3391 974 3443 15.
992 3391 1074 3442 firmat
1088 3388 1156 3457 quod
1171 3388 1269 3457 οοιόρεί,
1286 3389 1381 3440 haben·

226 3471 471 3541 καταναγκασάντων
492 3474 543 3527 τῶν
567 3473 596 3528 τό
612 3475 758 3541 τηνικαῦτα.
776 3503 809 3514 -
843 3475 859 3526 1.
875 3475 913 3528 17.
938 3472 1011 3542 μόνον
1026 3473 1055 3529 τό
1073 3475 1117 3529 τοῦ
1141 3476 1244 3542 ψαλμοῦ
1266 3475 1311 3529 τοῦ
1335 3469 1379 3542 μθ’

226 3556 334 3613 ἐπειπιλν
351 3560 414 3610 Ven.
428 3586 459 3597 -
478 3556 548 3610 1.21.
567 3557 612 3611 καί
627 3556 726 3613 πόντων
742 3555 807 3626 όμοῦ
823 3561 885 3611 Ven.
921 3559 990 3610 Idem
1005 3560 1022 3611 1.
1032 3561 1072 3614 23.
1088 3559 1157 3611 delet
1174 3559 1228 3614 Καί
1240 3570 1299 3611 anto
1316 3556 1381 3626 μετὰ

226 3640 322 3714 χρόνον.
346 3673 369 3681 -
407 3643 475 3695 126.
494 3642 632 3712 Σαβέλλιον
647 3646 709 3695 ven.
731 3675 764 3684 -
799 3645 814 3694 1.
829 3644 869 3698 27.
895 3642 940 3710 τήν
955 3645 1037 3699 πίστιν
1053 3639 1226 3708 ἀναδέξασθαι
1242 3645 1289 3712 (ita
1305 3647 1381 3695 τειιῖ-

226 3728 359 3796 tuendum)
376 3727 425 3795 τῆς
448 3722 489 3795 α’γ.
505 3727 565 3781 θεοῦ
582 3727 736 3796 ἐκκλησίας·
760 3718 793 3798 ην
807 3727 857 3796 γάρ
871 3725 930 3784 τότε
944 3725 958 3783 ό
974 3726 1052 3790 αύτός
1069 3725 1207 3799 Ὧριγένης
1227 3730 1276 3792 τοῖς
1298 3723 1381 3796 όρθῆς

226 3812 271 3868 καί
286 3810 426 3878 καθολικῆς
441 3810 586 3879 ἐκκλησίας.
612 3810 644 3866 ‘0
660 3812 689 3869 δέ
703 3831 836 3882 προειρημ.
852 3825 927 3882 auget
941 3816 1057 3867 Venetus.
1075 3844 1107 3855 -
1142 3815 1192 3867 15.
1208 3815 1240 3866 ab
1255 3813 1302 3865 inf.
1320 3814 1379 3883 βαθ.

225 3899 276 3954 τῶν
292 3895 412 3966 ῥημάτων
426 3894 468 3966 η’ξ
485 3899 546 3949 ven.
561 3927 594 3938 —
627 3899 645 3949 1.
663 3899 706 3951 ult
724 3897 821 3968 τροφὰς
838 3894 908 3969 αύτῷ
927 3902 989 3950 Ven.
1205 3917 1206 3920 ¹

294 3985 374 4055 Ρις.
386 3986 464 4040 282.
497 3984 513 4034 1.
528 3982 551 4037 ί.
570 3983 688 4051 ἐπιμελές
699 3986 762 4036 Ven.
776 4014 808 4025 -
843 3985 892 4037 1.5.
912 3984 966 4045 καί,
984 3995 1042 4036 κατε
1058 3985 1219 4046 Θεοδοτίονσς
1236 3984 1283 4053 (ita
1300 3994 1339 4036 οεε
1355 3984 1381 4035 in

227 4069 306 4138 οοιλ),
325 4085 375 4119 om.
392 4070 465 4129 ven„
484 4069 525 4137 qui
540 4070 622 4137 pergit
636 4069 763 4137 Πέμτττης
777 4088 806 4124 τε
823 4070 953 4131 ἐκδόσεως
968 4067 1034 4138 μετὰ
1049 4070 1217 4138 παραθέσεως
1232 4069 1289 4136 (καί
1305 4068 1381 4137 όκτης

226 4155 318 4207 desunt
332 4153 426 4221 igitur).
440 4184 473 4194 -
508 4155 557 4207 18.
576 4151 704 4224 Ἑβραῐκγῑ
722 4152 839 4221 μλννοο.
856 4185 887 4195 -
921 4156 987 4207 111.
1005 4155 1063 4223 τῆς,
1080 4166 1138 4224 post
1150 4154 1313 4223 παραθέσεις,
1331 4173 1380 4207 om.

226 4240 306 4301 ven..
331 4256 436 4307 pergens
459 4235 532 4309 ἙβρἸ
549 4236 627 4308 φύσει
645 4238 710 4306 μετὰ
733 4239 860 4309 στοιχείων
874 4240 920 4294 καλ
932 4237 1077 4309 Ἑβραϊκοῖς
1094 4235 1127 4295 δι’
1144 4236 1300 4307 Ἑλληνικῶν
1315 4256 1380 4294 στοι-

226 4323 316 4394 χείων,
335 4319 409 4384 ύςτε.
426 4351 460 4363 -
494 4325 510 4375 1.
523 4325 562 4377 13.
579 4324 629 4378 τῶν
644 4321 692 4380 δύο
708 4325 758 4379 τιῦυ
775 4320 849 4395 Ἑβρ.
867 4326 930 4377 ven.
964 4322 1114 4377 1ι1οοι1.11.
1130 4324 1331 4393 πεφιλοτίμηται
1351 4352 1381 4365 -

225 4407 243 4458 1.
260 4408 297 4461 19.
316 4404 364 4479 ούγ
378 4410 401 4462 οἱ
415 4411 509 4475 πρῶτοι
527 4409 551 4463 οἱ
563 4406 610 4478 τήν
628 4409 718 4478 legitur
736 4409 813 4462 οιίοιο
827 4409 852 4460 in
868 4413 931 4462 ven.
950 4439 981 4450 -
1017 4409 1034 4462 1.
1046 4409 1088 4462 23.
1107 4406 1173 4464 κατὰ
1188 4407 1217 4463 τό
1236 4406 1380 4477 σωμάτιον.

226 4494 251 4548 οί
265 4491 310 4561 μέν
328 4493 379 4562 λέγ.
397 4488 473 4548 αύτόν
486 4497 570 4561 νεῦρον
585 4494 648 4546 Ven.
667 4523 697 4535 -
732 4495 866 4547 l.5.nfin.
891 4485 968 4562 ηύρεν
982 4496 1046 4547 Ven.
1081 4495 1150 4547 ldem
1164 4495 1239 4564 paulo
1253 4494 1382 4564 ροιεπερλ

226 4573 304 4634 σῦτοῦ
319 4576 451 4647 λεγόμενα.
470 4608 503 4621 -·
538 4579 654 4632 Ceterum
674 4580 740 4651 apud
755 4580 872 4633 Νἰοοτειιι
889 4580 969 4634 chon.
985 4580 1061 4635 Tha.
1078 4581 1185 4635 orthod.
1201 4580 1257 4634 Fid.
1272 4580 1317 4634 11.
1331 4580 1380 4635 hoc
