3096 5070
295 261 356 326 340
718 271 840 324 οινοτι
858 272 1027 324 mmmm

296 398 408 469 ’ποτες
441 392 485 466 τίς
500 389 531 455 δλ
548 385 566 455 6
583 386 718 468 διδάξας,
748 387 912 472 ἢμαθάυ,
955 386 1005 453 'Eu
1027 388 1080 470 μέν
1102 385 1157 474 γάρ
1176 385 1259 454 Σιάν
1277 388 1455 468 έξελεῦσεται

299 492 411 579 8λόγος
426 497 548 579 ιιυρίοο,
577 493 628 557 ιιαλ
643 491 735 573 νόμος
750 499 828 558 θεοῦ
844 495 874 569 ἐξ
887 489 1083 577 Ἰερουσαλήμ.
1133 498 1231 556 Ταῦτα
1247 493 1279 557 δὲ
1293 491 1391 559 πόθεν
1410 496 1457 574 ἐξ·

294 602 386 679 ἦλθε,
408 604 496 671 ποῖος
513 592 590 683 ᾅδης
604 593 786 681 έξερεόξατο,
809 591 971 676 όμοοῦσιου
989 596 1080 658 εἰπεῖν
1099 596 1157 658 4λιι
1171 600 1296 679 Μαρίας
1313 596 1400 678 σοῦμά
1417 605 1457 688 τῇ

293 704 348 763 τοῦ
364 695 454 783 λόγου
470 696 607 781 θεότητι;
636 695 657 780 ἢ
676 696 722 763 ότι
736 694 754 762 6
767 694 853 781 λόγος
872 698 913 772 είς
932 693 1028 782 σάρκα
1048 697 1100 761 ιιαλ
1122 696 1197 762 ὀστᾶ
1216 699 1268 763 ιιαλ
1288 703 1385 784 τρίχας
1401 701 1455 765 ιιαλ

294 799 365 867 όλου
380 808 465 882 σῶμα
481 803 702 883 μεταβέβληται,
723 801 776 864 ιιοιλ
792 795 904 885 ἠλλάγη
921 806 973 881 τῆς
989 801 1068 874 ίδίας
1081 797 1217 879 φάσεως,·
1249 806 1264 845 ⁶
1279 806 1331 877 Τίς
1349 802 1408 867 οδδ
1422 800 1456 869 6·

292 910 351 980 λυς
368 901 477 987 ἤκουσε
498 902 580 988 παρά
600 909 787 988 Χριστιανῶν
803 902 849 967 ότι
867 903 965 980 θέσει,
992 903 1044 966 καλ
1061 900 1098 966 οῦ
1113 899 1204 983 φάσει
1218 908 1302 985 σῦμα
1316 902 1456 990 πεφόρη-

292 1030 343 1070 ιιεν
358 1002 377 1072 ό
394 1004 503 1084 ίυίός,
535 1003 614 1088 ἢτίς
629 1011 772 1071 τοσοῦτον
797 1002 940 1087 ἠσέβησεν
962 1002 1034 1080 ῦςτε
1055 1006 1149 1069 εἰπεῖν
1173 1003 1235 1085 άμα
1255 1007 1307 1071 ιιαλ
1327 1015 1457 1092 φρονεῖν

293 1105 338 1174 δτι
364 1105 409 1192 ’ἡ
425 1107 535 1190 θεότης
560 1105 677 1173 οαῦτοῦ
699 1104 721 1190 ἦ
742 1104 903 1189 όμοοόσιος
925 1113 967 1195 τῷ
989 1109 1081 1193 πατρλ
1108 1105 1228 1190 10αῦτη
1252 1109 1453 1194 περιετμήθη,

292 1213 343 1276 ιιαλ
370 1209 473 1294 άτελης
500 1213 533 1276 έιι
559 1215 670 1276 τελείου
691 1212 808 1296 γέγονε,
844 1211 937 1274 ιιιιαλ
952 1207 986 1274 τό
1007 1212 1039 1275 έν
1056 1215 1098 1299 τῷ
1120 1208 1197 1299 ξόλρι
1221 1209 1455 1294 καθηλοόμενον

292 1310 349 1379 οῦκ
365 1305 404 1396 ἦν
421 1312 454 1378 τό
469 1321 571 1397 σῶμα,
594 1311 665 1380 άλλά
681 1310 756 1395 αῦτη
770 1309 791 1396 ἦ
806 1312 987 1398 δημιουργός
1000 1309 1087 1378 οῦσία
1103 1320 1156 1396 τῆς
1173 1312 1351 1394 ηφάσεοιςς
1401 1320 1455 1392 Τίς

292 1416 325 1481 δέ
340 1413 461 1481 άιιοῦσιυ
479 1415 526 1481 δτι
540 1414 596 1482 οόιι
614 1418 646 1482 έιι
664 1420 804 1501 Μαρίας,
827 1412 885 1479 άλλ’
902 1417 935 1480 έιι
955 1422 1007 1498 τῆς
1028 1413 1164 1481 18αῦτσῦ
1179 1413 1282 1493 οῦσίας
1297 1421 1451 1501 μετεποίη-

292 1539 343 1584 σεν
364 1518 459 1606 ἐαυτῷ
481 1526 566 1601 σῶμα
587 1516 725 1601 παθητόν
743 1514 761 1583 6
776 1515 879 1604 λόγος,
908 1520 988 1583 εἴποι
1013 1515 1052 1582 άν
1068 1517 1245 1603 Χριστιανὸν
1259 1518 1312 1584 τόν
1328 1521 1453 1605 λέγοντο

291 1626 399 1698 ταῦτα,
421 1623 465 1696 τίς
479 1621 511 1686 δέ
526 1619 581 1703 τὴν
604 1618 748 1703 άθίμιτον
763 1617 875 1702 ταότην
893 1617 1051 1702 ἐπενόησεν
1067 1618 1217 1706 άσίβειαν,
1247 1646 1319 1698 ιιςτε
1333 1620 1392 1688 τάν
1409 1626 1452 1701 είς

292 1721 459 1805 ἐνθύμησιν
475 1727 574 1789 ἐλθεῖν
590 1726 641 1788 ιιαλ
657 1726 750 1788 εἰπεῖν
772 1721 818 1788 δτι
832 1719 849 1787 6
863 1724 955 1809 λέγων
969 1726 1003 1788 έιι
1019 1726 1144 1806 Μαρίας
1161 1720 1236 1790 εἶναι
1252 1722 1286 1790 τό
1304 1725 1452 1811 μυριοστόν

290 1833 378 1909 σῶμα
396 1826 497 1893 οῦιιίτι
521 1824 642 1912 τριάδα,
672 1822 745 1890 άλλά
771 1822 896 1910 τετράδα
919 1827 951 1890 έν
975 1834 1011 1915 τῇ
1032 1824 1153 1907 θεότητι
1179 1835 1302 1912 φρονεῖς
1334 1824 1376 1904 σός
1399 1826 1451 1895 διά

289 1936 377 1995 τοῦτο
395 1927 465 2006 τοῦς
486 1927 566 1994 οῦτοι
589 1929 792 2010 διακειμένους
814 1934 866 2010 τῆς
890 1924 1000 2005 οόσίας
1015 1935 1068 2011 τῆς
1087 1927 1209 2015 τριάδος
1227 1931 1320 2015 λέγειν
1346 1930 1451 2014 ηνῦν

290 2029 387 2117 σάρκα
400 2030 439 2114 ἣν
456 2030 612 2097 ένεδάσατο
631 2034 664 2097 έιι
680 2034 805 2116 Μαρίας
824 2027 842 2095 6
857 2028 963 2114 σωτήρ.
1012 2029 1117 2096 Πόθεν
1139 2031 1172 2096 δὲ
1186 2029 1275 2098 πάλιν
1285 2029 1451 2118 ἦριόξαντο]

290 2159 367 2210 τινες
382 2137 451 2216 λσην
464 2134 601 2216 άσέβειαν
616 2142 680 2210 τοῖς
695 2134 935 2219 προειρημένοις,
967 2132 1038 2209 ῦςτε
1053 2135 1145 2198 εἰπεῖν
1161 2131 1202 2218 μη
1216 2132 1357 2221 νεότερον
1371 2131 1446 2200 είναι

290 2235 324 2302 τό
343 2242 429 2318 σῶμα
444 2243 498 2320 τῆς
512 2234 672 2323 τοῦλόγου
686 2234 846 2318 θεότητος,
870 2234 941 2300 άλλά
958 2240 1111 2302 σοναλδιον
1129 2233 1210 2326 αῦτῷ
1226 2233 1383 2310 διαπαντός
1396 2259 1440 2320 με-

162 2356 273 2416 mm.
293 2345 450 2425 μενῆσθαι,
481 2337 583 2422 ἐπειδη
596 2341 629 2405 έιι
650 2345 744 2421 Ητῆς
764 2343 871 2420 σοφίας
884 2340 1025 2421 συνέστη,·
1055 2345 1120 2414 πῶς
1135 2339 1168 2404 δέ
1182 2341 1233 2405 ιιαλ
1252 2335 1441 2420 ι’μφιβάλλιιν

158 4022 226 4095 Κιφ.
237 4020 266 4079 ι’.

291 2439 453 2524 ίτόλμησαν
467 2444 498 2507 οί
513 2439 666 2527 λεγόμενοι
681 2443 870 2526 Χριστιανοὶ,
898 2438 956 2507 είό
972 2444 1005 2507 eu
1023 2446 1147 2526 Μαρίας
1161 2437 1311 2527 πρστλθολν
1326 2437 1442 2525 κάρτος,

289 2541 357 2620 υίός
375 2544 428 2626 μέν
443 2550 481 2632 τῇ
498 2542 584 2632 οάσίηι
601 2546 652 2609 ιιαλ
668 2551 704 2634 τῇ
722 2543 810 2625 φῦσει
828 2550 882 2609 τοῦ
902 2551 979 2609 θεοῦ
997 2546 1071 2623 ἐστι,
1103 2541 1136 2609 τό
1153 2543 1186 2609 δλ
1203 2539 1276 2608 m&
1292 2539 1389 2628 σάριιοι
1410 2544 1445 2607 ἐκ

289 2647 456 2732 σπέρματος
472 2649 570 2728 Δαβίδ
586 2648 663 2726 έστι,
692 2646 802 2731 σαριιός
823 2647 855 2712 δέ
870 2653 922 2729 τῆς
950 2643 1035 2732 άγίας
1052 2650 1193 2731 Μαρίαςς
1238 2648 1321 2722 flue
1342 2641 1447 2730 ιοόὶριι

290 2746 369 2813 οῦτοι
388 2751 527 2834 τολμηροὶ
548 2747 704 2835 γεγόνασιν
719 2748 791 2826 όίςτε
810 2753 904 2814 εἰπεῖν
920 2745 973 2814 τόν
990 2747 1119 2833 Χριστόν
1135 2746 1188 2815 τόν
1205 2751 1294 2834 σαριιλ
1308 2745 1448 2812 παθόντα

289 2852 341 2916 ιιαλ
357 2852 579 2936 ἐσταυρωμένον
603 2850 644 2934 μή
667 2849 742 2917 εἶναι
766 2850 873 2937 κόριον
895 2853 947 2916 καὶ
973 2858 1093 2937 σωτῆρα
1112 2852 1163 2916 ιιαλ
1179 2849 1254 2917 θεόν
1273 2851 1365 2914 Πιιιιιλ
1380 2847 1448 2915 υίόν

288 2960 343 3018 τοῦ
361 2952 488 3039 πατρός,
517 2952 616 3036 ἢπῦς
633 2956 806 3038 Χριστιανοὶ
829 2956 968 3020 θέλουσιν
990 2950 1190 3037 ὀνομάζεσθαι
1207 2956 1239 3020 ολ
1253 2954 1384 3038 λέγοντες
1406 2954 1448 3029 είς

289 3052 454 3140 άνθροιπον
468 3055 570 3140 άγιον,
601 3053 642 3132 ῦς
662 3057 711 3122 έπλ
728 3059 779 3121 ἕνα
804 3063 862 3121 τῦν
878 3063 1058 3142 προφητῶν,
1089 3057 1265 3138 ἐληλυθέναι
1281 3053 1334 3120 τόν
1348 3053 1449 3142 λόγον,

287 3158 339 3222 ιιαλ
354 3154 395 3240 μή
411 3156 503 3224 αῦτόν
521 3156 686 3242 άνθρυπον
701 3161 861 3245 γεγονέναι,
882 3157 1011 3241 λαβόντα
1026 3161 1059 3224 ἐν
1077 3162 1201 3244 Μαρίας
1215 3156 1249 3224 τό
1265 3165 1366 3242 σῦμιι,
1388 3153 1450 3222 άλλ’

288 3261 387 3344 ἕτερον
403 3257 478 3326 εἶναι
494 3259 548 3326 τόν
569 3259 714 3345 Χριστόν,
743 3264 795 3327 ιιαλ
816 3259 946 3327 Η’άλλον
966 3259 1019 3326 τόν
1036 3268 1091 3326 τοῦ
1106 3268 1182 3327 θεοῦ
1201 3259 1284 3340 υίόν,
1317 3256 1370 3326 τόν
1385 3257 1447 3345 πρό

288 3366 415 3448 Μαρίας
432 3365 483 3428 ιιαλ
498 3361 557 3449 πρό
572 3356 692 3430 αίσίνων
706 3361 774 3430 υίόν
791 3362 863 3430 ὄντα
879 3370 933 3430 τοῦ
947 3360 1074 3449 πατρόςς
1103 3363 1125 3446 ἢ
1139 3370 1204 3440 ποῦς
1227 3370 1261 3408 ¹⁹
1273 3365 1452 3448 Χριστιανοί

288 3461 364 3531 εἶναι
380 3468 413 3531 οί
428 3466 560 3552 λέγοντες
584 3462 670 3533 άλλον
691 3464 788 3533 ὀτόν
811 3464 886 3532 θεόν
911 3462 1002 3543 εἶναι,
1032 3469 1083 3532 ιισιλ
1106 3464 1194 3533 άλλον
1219 3462 1296 3532 εἶναι
1317 3462 1371 3531 τόν
1392 3471 1452 3532 τοῦ

288 3574 366 3633 θεοῦ
387 3565 489 3654 λόγους

380 4017 478 4076 Ταῦτα
492 4004 531 4095 ἦν
544 4014 577 4077 έν
589 4021 652 4090 τοῖς
665 4009 873 4099 ὑπομνήμασιν
896 4014 1071 4100 ιδιαφόροις
1084 4016 1136 4099 μέν
1150 4016 1303 4102 εἰρημένα,
1324 4016 1397 4097 μίαν
1414 4012 1452 4081 δλ

320 4132 344 4184 2
361 4131 465 4187 πώποτε
480 4137 509 4186 Β.
881 4130 948 4197 ὅλως
964 4136 1032 4204 παρὰ
1051 4137 1098 4204 Χρ.
1116 4138 1143 4189 Β.

320 4199 344 4251 3.
363 4205 541 4253 {lambendum
553 4205 650 4265 (ortam
663 4202 740 4272 νόμος
753 4205 846 4271 κυρίου.
914 4206 939 4269 ‚⁶-
957 4203 986 4260 δὲ
1000 4210 1078 4258 omiss.
1092 4210 1118 4258 ιἰι
1131 4209 1167 4258 ιδ.
1185 4210 1266 4258 Ριισυ.
1282 4207 1360 4256 culm
1374 4211 1451 4268 ττμτλ.

123 4273 125 4276 ’
188 4324 189 4327 ,
244 4276 248 4291 ·“
287 4266 332 4321 καλ
346 4266 421 4335 λόγος
437 4272 513 4334 θεοῦ,
531 4274 557 4321 λδ
573 4275 635 4335 quod
651 4277 700 4323 ίοιιι
715 4278 848 4338 auspicatus
914 4273 938 4328 7.
957 4272 1043 4340 κῦριος
1058 4277 1086 4326 Β.

287 4343 338 4386 ποι
362 4341 488 4389 σοιιλιτίαι
503 4342 605 4390 Menum.
624 4343 672 4392 Vel.
686 4345 772 4394 Εαολιι.
793 4347 847 4393 ιντο.
913 4342 938 4394 λλ
955 4337 974 4406 η’
990 4346 1068 4394 omiss.
1083 4347 1109 4395 ιἰι
1125 4346 1161 4396 ιδ
1178 4345 1261 4397 Ριίου.
1278 4343 1357 4395 colon.
1373 4348 1449 4407 ττμιλ

282 4405 334 4464 111,
351 4421 375 4468 p.
387 4405 453 4469 609,
470 4410 505 4456 ιιιι·
522 4410 589 4457 habet
606 4413 677 4460 etiam
693 4412 720 4461 B.
913 4407 938 4461 9.
957 4404 1023 4476 αῦτη
1042 4414 1070 4463 Β.

321 4471 344 4524 4.
362 4471 392 4525 τό
410 4471 439 4526 ίκ
457 4478 484 4524 Β.
918 4479 955 4530 10.
974 4475 1039 4542 αυίἠ
1063 4496 1107 4530 σοι
1126 4484 1154 4530 Β.

321 4541 344 4591 5.
371 4540 419 4601 Τίς
440 4539 470 4595 a&
484 4535 594 4607 ἤκουσεν
616 4541 641 4597 ίν
663 4542 803 4616 ἐκκλησίᾳ,
827 4538 847 4611 ἧ
916 4547 954 4598 11.
973 4546 1018 4600 καλ
1035 4542 1076 4601 ὅτι
1091 4546 1121 4602 τὸ
1139 4547 1165 4602 ἐν
1183 4541 1250 4619 ξύλῳ
1267 4550 1294 4599 Β.
