3096 5070
413 285 552 338 ruuanu
569 285 632 336 urs.
649 285 695 335 ιιι.
710 283 794 336 rous
808 284 828 335 1.
844 282 946 334 naen.
960 282 1082 335 uxxrr.
1169 286 1171 291 ·
1262 269 1324 333 317

170 423 332 502 sententia,
365 428 418 505 qur·
429 434 589 485 erecturam
609 423 720 494 colunt,
754 442 802 482 coa
817 423 915 502 fotuns
938 423 1063 480 redditos
1082 440 1142 479 esre
1159 423 1319 493 dometur,
1331 431 1397 477 nom
1411 439 1432 491 ι,
1444 435 1477 479 ιι.

170 545 266 591 nonne
283 525 313 590 in
332 526 408 590 istud
426 525 521 611 ipsum
546 525 698 586 incurrere
715 522 831 584 ridetur
848 519 955 584 Aetius
972 541 1005 583 ac
1021 530 1175 583 creaturae
1191 519 1326 583 divinita·

169 640 226 694 tem
245 628 393 707 tribuere,
418 646 541 711 eamque
559 623 730 689 adoratione
745 644 780 686 ac
794 624 989 687 veneratione
1005 621 1161 707 prosequi?
1183 642 1247 685 cnm
1265 622 1325 685 ein·

168 752 237 795 cera
268 731 340 794 bdes
372 729 551 794 adorandum
579 737 738 805 acreato,
773 735 902 788 creatum
934 723 971 786 ab
997 725 1146 787 adorando
1176 725 1322 811 seiungat.

167 832 247 898 Num
265 833 291 896 si
311 832 382 896 nibil
399 831 477 894 inter
504 830 577 893 baec
603 830 718 892 intersit
739 827 858 891 omnino
880 823 1051 892 Christiana
1068 826 1173 911 religio
1191 826 1261 889 nihil
1276 847 1326 891 su·

169 957 222 1021 pra
240 947 395 998 creaturae
412 942 604 995 veneratores
629 930 771 994 eximium
789 940 839 993 aut
858 928 1010 993 excellens
1034 928 1166 992 habitura
1188 940 1251 1008 cst,
1284 940 1328 992 ab

169 1056 225 1122 que
242 1035 385 1100 eiusmodi
405 1034 477 1098 bdcs
496 1032 660 1098 idololatria
685 1032 783 1118 potius
803 1052 888 1115 quam
911 1031 957 1094 dei
985 1031 1080 1095 cultos
1100 1051 1168 1095 csse
1194 1030 1327 1095 censebi-

171 1149 230 1203 tur.
275 1137 353 1201 Nam
371 1146 403 1200 et
416 1136 458 1200 illi
477 1135 589 1216 solem,
621 1136 737 1213 lunam,
769 1135 912 1213 virtutes,
946 1133 1060 1197 coelum
1086 1143 1260 1212 etterrarn,
1292 1154 1327 1197 ac

170 1249 287 1303 ceteras
301 1249 453 1303 creaturas
471 1239 606 1302 adorant.
651 1235 757 1321 Neque
776 1258 849 1301 vero
872 1247 1036 1300 creatarum
1054 1256 1151 1300 rernm
1172 1235 1328 1301 admirabi-

170 1342 207 1405 lis
225 1340 400 1405 excellentie
417 1340 617 1406 diversitatem
634 1340 722 1403 affert
738 1340 842 1418 ullam,
874 1359 970 1423 neque
993 1339 1069 1423 quod
1093 1339 1221 1402 eximiae
1239 1359 1327 1424 quae·

172 1444 238 1507 da'm
253 1443 329 1521 sint,
364 1442 451 1507 ullam
472 1444 501 1506 iu
522 1442 643 1505 bonoria
668 1443 845 1526 aequalitate
870 1442 1044 1506 varietatem
1069 1442 1226 1519 inducent,
1260 1463 1325 1504 cuin

171 1546 273 1609 eodem
291 1546 408 1610 nomine
425 1544 646 1618 contineantur,
671 1545 786 1608 tametsi
804 1565 889 1607 unam
908 1543 993 1607 alteri
1012 1544 1110 1607 multis
1128 1543 1258 1629 partibus
1273 1564 1326 1607 an·

171 1649 297 1712 tecellat.
343 1646 521 1713 Unosenim
539 1646 651 1731 estqui
671 1658 793 1731 utraque
811 1647 928 1710 molitus
944 1657 1007 1723 cst,
1043 1657 1073 1709 et
1092 1645 1248 1730 unicuique
1267 1667 1325 1710 nnn

171 1751 315 1830 nominis,
352 1752 404 1814 sed
433 1750 616 1814 substantiae
647 1748 806 1812 discrimen
838 1746 981 1811 attribuit.
1035 1745 1185 1832 Siquidem
1218 1751 1327 1812 creatis

171 1853 306 1917 omnibus
323 1853 411 1916 rebus
425 1873 483 1915 nou
502 1852 646 1930 liberum,
678 1853 730 1915 aed
746 1850 855 1914 servile
875 1860 1027 1912 creaturae
1046 1872 1151 1915 nomen
1175 1853 1324 1916 courcnit.

172 1956 220 2018 Ac
241 1955 267 2018 si
286 1956 315 2018 in
338 1976 397 2018 ono
420 1973 530 2036 genere
555 1954 632 2037 qood
656 1954 773 2017 servilis
797 1952 973 2016 conditionis
997 1962 1043 2015 est
1066 1954 1222 2032 adoretur,
1257 1953 1327 2017 nihil

171 2056 300 2120 obstabit
313 2078 371 2141 quo
387 2056 482 2119 minus
496 2054 620 2119 etalteri
637 2057 753 2140 generi,
778 2056 894 2119 tametsi
911 2054 1035 2118 interius
1049 2057 1103 2133 sit,
1128 2054 1260 2119 adoratio
1275 2055 1326 2118 tri-

170 2159 288 2222 buatur.
334 2157 469 2242 Aequalc
494 2157 663 2243 quippeest
683 2159 843 2242 quodcum
870 2156 1031 2241 superioris
1057 2158 1168 2221 ordinis
1191 2170 1326 2223 creatura

170 2261 376 2345 cognationem
402 2259 505 2338 babet,
541 2270 639 2343 utpote
661 2261 697 2323 de
719 2260 810 2324 uibilo
836 2261 872 2323 ab
897 2281 933 2324 eo
956 2261 1005 2344 qui
1025 2271 1070 2323 est
1087 2272 1221 2323 naturam
1239 2260 1327 2324 sorti·

167 2375 240 2428 turn.
286 2355 364 2426 Hinc
382 2372 413 2425 et
429 2361 592 2446 ingenitum
609 2362 664 2425 den
679 2373 710 2425 ct
727 2363 799 2426 deus
811 2363 942 2447 ingenito
960 2362 1108 2446 congruit.
1154 2359 1255 2446 Quare
1274 2384 1326 2448 ge·

167 2465 257 2529 uitam
280 2463 413 2530 sobolem
437 2486 496 2528 nou
522 2484 595 2549 opus
622 2464 738 2549 aliquod
760 2465 901 2545 dicimos,
936 2477 987 2528 aut
1009 2464 1143 2528 effectum
1168 2463 1324 2549 quioniam,

167 2570 219 2632 sed
233 2566 383 2645 subolem,
407 2565 582 2630 naturaliter
600 2577 718 2652 epatre
734 2567 798 2631 sine
813 2568 878 2632 laba
894 2569 1089 2655 progenitam,
1114 2566 1244 2630 eiusdem
1261 2588 1326 2631 cum

168 2681 251 2755 patre
265 2669 466 2748 substantiae,
496 2689 531 2732 ac
548 2668 635 2732 sirnul
658 2669 853 2749 adorandam,
885 2672 1018 2756 spiritum
1044 2689 1118 2732 vcro
1134 2681 1266 2733 sanctum
1291 2669 1327 2733 ab

169 2771 220 2833 illo
237 2770 462 2855 procedentem,
486 2790 541 2834 uec
560 2770 706 2851 alienum,
731 2772 768 2835 ob
785 2773 872 2856 idque
893 2773 978 2836 simul
997 2772 1190 2836 adoraudum.
1236 2768 1327 2835 Cete-

171 2894 234 2936 rum
262 2872 308 2935 dci
336 2893 443 2936 nomen
463 2884 628 2937 creatarum
646 2894 743 2938 rerum
769 2875 840 2938 nulli
858 2874 1046 2954 conceditur,
1082 2895 1118 2938 co
1136 2874 1212 2958 quod
1232 2874 1269 2937 ab
1284 2874 1329 2937 in·

169 2975 260 3058 geniti
279 2975 457 3059 proprietate
472 2975 637 3058 discrepet,
668 2977 803 3060 quoniam
821 2998 837 3041 c
853 2977 943 3041 nibiln
959 2988 990 3041 ut
1005 2987 1085 3041 esset
1102 2977 1239 3041 obtinuit.
1285 2975 1328 3039 At

171 3075 287 3140 trinitas
309 3076 488 3161 sempiterna
510 3089 573 3153 est,
599 3099 655 3143 occ
676 3078 754 3143 alind
783 3079 919 3164 quiddam
945 3081 1105 3160 deusest,
1138 3079 1214 3143 aliud
1245 3078 1328 3162 inge·

171 3177 275 3241 nitom.

255 3277 296 3343 ll.
343 3279 392 3344 'l'u
411 3282 608 3363 verobliom,
643 3283 730 3362 uoti,
762 3283 912 3348 irridendo
937 3284 1068 3365 scilicet,
1101 3306 1159 3348 non
1180 3284 1328 3348 bonafide

171 3392 292 3467 apatre
316 3383 447 3467 genitum
475 3385 613 3449 affirmas.
668 3383 814 3470 Quicquid
840 3388 918 3450 enim
943 3387 1074 3471 genitum
1102 3398 1164 3462 cst,
1196 3397 1328 3451 ereetum

172 3505 231 3547 non
253 3497 315 3562 est,
347 3495 378 3548 et
401 3485 536 3570 quicquid
560 3498 691 3550 creatum
717 3499 781 3566 est,
814 3511 872 3553 non
894 3500 941 3553 est
957 3488 1100 3574 genitum.
1147 3486 1233 3572 Quod
1252 3489 1278 3552 si
1298 3488 1327 3553 id

172 3586 248 3670 qood
267 3587 397 3669 genitum
412 3597 543 3650 creatum
562 3588 651 3651 ctiam
667 3599 732 3668 cst,
757 3602 887 3655 creatum
906 3593 964 3655 alin
981 3593 1069 3656 modo
1087 3591 1204 3655 dicitur.
1249 3588 1327 3654 Nam

172 3686 301 3772 exempli
325 3688 420 3772 gram
441 3688 574 3752 bomiues
598 3689 723 3773 gignunt
740 3691 892 3772 bomines,
924 3715 983 3757 non
1007 3704 1128 3769 creant,
1160 3692 1212 3755 sed
1229 3691 1329 3756 olima

173 3790 228 3853 deo
245 3790 339 3854 creati
356 3800 435 3853 sunt.
481 3786 583 3871 Quare
599 3812 674 3874 quae
693 3792 870 3876 gignuntur,
901 3795 1011 3860 abillis
1029 3796 1206 3880 gignuntur,
1238 3794 1329 3857 ndeo

172 3912 247 3955 vero
265 3892 404 3955 universa
421 3901 521 3955 creata
537 3902 616 3955 sunt.
664 3889 723 3956 Sed
739 3915 804 3956 eum
824 3896 896 3958 daus
916 3895 1066 3961 increatus
1083 3897 1138 3974 sit,
1171 3917 1205 3960 ac
1221 3894 1276 3959 sibi
1296 3896 1330 3960 b·

173 3994 241 4057 lium
257 4005 398 4076 generet,
433 4016 491 4057 nou
516 4006 669 4078 procreet,
704 4016 762 4059 non
781 4016 846 4058 cum
869 3997 964 4080 gignit
981 3999 1017 4061 ab
1037 3998 1199 4062 substantia
1217 4019 1270 4063 sua
1286 3998 1330 4063 di·

172 4117 304 4161 versum.
351 4094 498 4179 Quocirca
525 4096 626 4161 fierine
643 4108 742 4183 potest
759 4108 790 4161 ut
809 4099 884 4181 quod
907 4099 943 4162 ab
966 4101 1030 4185 ipso
1051 4099 1179 4184 gignitur
1199 4111 1329 4165 creatum

174 4198 230 4279 sit,
260 4221 325 4264 cum
346 4199 496 4263 increatus
511 4198 551 4264 sit
566 4199 668 4286 pater?
710 4198 790 4264 Nam
809 4200 834 4264 si
853 4212 971 4265 creatus
994 4212 1041 4264 est
1065 4203 1113 4286 qni
1138 4204 1211 4287 apud
1234 4203 1328 4289 ipsorn

176 4311 222 4363 est
243 4301 380 4386 genitus,
418 4324 475 4366 non
500 4302 645 4387 estquod
669 4303 794 4389 amplius
818 4303 936 4388 genitus
965 4303 1090 4367 dicatur.
1142 4302 1238 4369 Multa
1261 4317 1329 4372 suut

176 4422 249 4485 quac
266 4405 406 4469 adversus
424 4415 482 4468 tam
502 4405 656 4470 absurdam
677 4406 845 4492 opinionem
857 4406 1004 4492 'disputari
1027 4419 1160 4495 possunt.
1206 4405 1265 4473 Sed
1285 4409 1331 4473 in·
