3096 5070
297 261 359 324 404
728 269 849 321 εινοτι
869 268 1038 320 εοινιιινιι

298 385 460 470 ίτόλμησαν
480 386 573 471 λέγειν
597 385 652 468 τῆν
676 382 762 471 άγίαν
781 391 906 473 Μαρίαν
933 384 1005 469 μετά
1027 385 1080 470 τῆν
1100 392 1154 451 τοῦ
1176 393 1309 472 Χριστοῦ
1324 391 1463 475 γέννησιν

296 491 383 574 άνδρί
409 496 579 571 συνῆφθαι,
612 491 690 571 φημί
712 491 745 554 δὲ
765 486 845 577 αότρῖ
865 496 906 576 τῷ
925 487 1043 572 Ἰωοῆφ.
1089 491 1168 554 Φασί
1192 490 1239 566 δέ,
1272 488 1312 568 οῖς
1327 490 1389 559 άνω
1407 521 1463 578 μοι

296 596 421 678 είρηται,
452 590 498 657 ότι
515 587 566 656 α’π’
585 592 678 657 αὐτοῦ
694 598 748 658 τοῦ
764 594 934 676 πρεσβύτου
946 592 1157 676 Ἀπολιναρίον
1174 590 1309 675 ἐξήχηται
1328 592 1461 682 όλόγος,

294 693 393 778 ῆόιπό
413 722 502 760 τινων
521 702 581 760 τοῖν
605 693 685 782 αιἰτρῖ
708 695 994 777 μεμαθητευμένων·
1023 696 1074 760 καί
1095 693 1280 778 άμφιβάλλω.
1327 701 1403 783 Περὶ
1426 700 1461 764 δέ

293 806 353 862 τοῖν
367 805 459 863 ταῦτα
475 797 619 882 λεγόντων
635 795 769 881 άνάγιιην
788 799 844 880 έγω
861 798 960 883 λέγειν.
995 796 1062 861 Ἵνα
1079 798 1111 861 δέ
1134 796 1175 880 μῆ
1192 800 1234 874 είς
1249 796 1386 884 δεύτερον
1402 801 1458 867 κά·

161 923 212 969 Μ
223 911 282 957 Μ
295 927 388 983 ματον
402 899 508 966 έαυτόν
523 897 737 985 παραβάλλοιμι,
759 903 892 982 καθεξῆς
907 897 946 982 ῆν
962 908 1107 984 προεῖπον
1122 909 1286 985 γραφεῖσαν
1302 902 1461 988 έπιστολῆν

294 1005 336 1079 είς
357 1001 411 1085 τῆν
431 1001 567 1089 Ἀράβων
585 1000 684 1089 γάρον
705 998 852 1079 όποτάξω.
899 1003 959 1066 Καί
981 1004 1059 1067 ἔστιν
1080 999 1134 1084 ῆδε
1150 1004 1177 1066 *.

158 1119 228 1188 Κεφ.
246 1117 280 1190 β’.
384 1111 512 1190 Κυρίοις
528 1133 586 1188 μου
601 1102 788 1187 τιμιωτάτοις
803 1106 854 1169 καί
868 1102 1088 1186 ποθηνοτάτοις
1103 1105 1226 1183 τέκνοις,
1248 1108 1298 1170 καί
1316 1104 1461 1188 άδελφοῖς

293 1213 441 1294 γνησίοις,
465 1210 516 1274 καί
532 1205 704 1290 δμοπίστοις
721 1204 898 1293 όρθοδόξοις
918 1203 979 1272 άπό
997 1208 1097 1292 ίερέως
1113 1205 1180 1294 άχρι
1195 1217 1316 1289 λαϊιιοῦ,
1338 1212 1390 1276 καί
1403 1239 1459 1278 κα-

293 1312 484 1395 τηηουμένοις
506 1320 570 1388 τοῖς
592 1309 668 1376 κατά
692 1307 744 1393 τῆν
763 1310 924 1395 Ἀραβίαν,
951 1306 1147 1392 Ἐπιφάνιος,
1170 1311 1317 1395 ἐλάχιστος
1335 1314 1455 1382 ἐπισκό-

294 1440 376 1493 πων,
398 1418 516 1498 χαίρειν.

379 1515 546 1600 Θαυμάζειν
561 1518 639 1581 ἔστιν
654 1517 687 1581 έν
701 1521 743 1604 τῷ
759 1512 885 1600 παρόντι
898 1522 1009 1603 καιρρῖ,
1036 1517 1087 1581 καλ
1100 1515 1141 1598 μῆ
1155 1515 1328 1600 θαυμάζειν.
1374 1523 1454 1584 Θαυ-

291 1616 391 1701 μάζειν
406 1618 475 1701 μέν,
505 1617 552 1684 ὅτι
568 1620 617 1683 ἐπὶ
637 1624 675 1707 τῆ
692 1614 818 1704 ῆμετέρμ
835 1624 919 1705 γενεᾷ
933 1615 1032 1682 πάντα
1047 1625 1222 1704 πληροῦται·
1251 1622 1303 1686 καῖ
1319 1619 1360 1703 μῆ
1374 1631 1452 1686 θαν-

290 1719 407 1803 μιίζειν,
430 1725 477 1785 δεῖ
496 1719 551 1806 γάρ
567 1727 765 1804 πληροῦσθαι.
807 1714 966 1806 Ὁσημίραι
982 1719 1037 1805 γάρ
1056 1720 1131 1786 κατά
1155 1720 1322 1808 1πρόθεσιν
1335 1730 1392 1789 νῦν
1408 1729 1453 1809 γί-

289 1849 369 1889 νεται
384 1820 455 1907 ἡμῖν
470 1824 503 1888 έιι
519 1829 666 1908 λογισμῶν
681 1821 884 1908 α’νθρωπίνων
902 1826 954 1888 καί
977 1823 1186 1907 διανοημάτων
1202 1823 1360 1909 σοφιστικῆ
1376 1821 1453 1891 άπό-

288 1952 374 2005 νοια,
404 1928 456 1991 καῖ
479 1927 529 1992 ἐπὶ
551 1924 583 1991 τό
606 1934 704 2010 χεῖρον
728 1923 956 2011 προκόπτουσα,
985 1925 1249 2009 καταλιμπάνουσά
1264 1953 1295 1993 τε
1309 1925 1363 2010 τῆν
1376 1925 1451 1994 άπο-

289 2026 427 2111 στολικῆν
453 2033 661 2107 διδασκαλίαν,
693 2025 799 2103 καθείς
823 2024 840 2092 ό
867 2024 1029 2113 άγιάτατος
1053 2026 1216 2106 άπόστολος
1237 2039 1377 2115 προεῖπεν
1393 2029 1449 2111 ότι,

287 2129 520 2213 Ἀποοτῆσονταί
535 2156 612 2207 τινες
627 2138 679 2213 τῆς
696 2127 888 2216 όγιαινοόσης
904 2135 1110 2209 διδασκαλίας,
1133 2135 1320 2217 προςέχοντες
1335 2131 1448 2215 μάθοις

286 2235 338 2300 καί
362 2237 564 2309 διδασκαλίαις
585 2237 759 2316 δαιμονίων,
789 2235 841 2298 καί
865 2232 901 2298 τά
925 2236 1000 2317 έξῆς.
1046 2238 1089 2299 Er
1106 2260 1135 2300 τι
1151 2233 1209 2321 γάρ
1227 2238 1270 2301 ἔνι
1287 2232 1443 2318 άνερεννιῖν

285 2338 337 2402 καί
354 2338 485 2402 ἐπινοεῖν
501 2334 592 2413 δδοδς
607 2335 752 2419 πονηράς,
773 2344 866 2401 ταῦτα
881 2344 990 2418 μᾶλλον
1006 2337 1223 2416 σπουδάζουσιν
1236 2339 1268 2403 οἱ
1276 2333 1439 2419 ἅνθρωποι,

285 2437 361 2526 ῆπερ
378 2447 560 2525 πληροῦντες
577 2437 631 2521 τῆν
647 2437 767 2521 ένεολῆν
783 2436 835 2520 τῆν
855 2440 999 2526 λέγουσαν
1019 2438 1094 2504 καλά
1110 2442 1161 2505 καί
1178 2435 1373 2523 εάπρόςδειιτα
1393 2443 1409 2514 ζ
1428 2476 1440 2487 -

285 2551 356 2621 τεῖν,
380 2546 448 2623 καί,
470 2539 503 2606 Ὁ
517 2540 604 2628 λόγος
619 2539 705 2606 άλατι
723 2533 742 2632 ῆ
757 2539 934 2626 ῆρτυμένος,
957 2542 1039 2618 ὅπως
1054 2547 1097 2630 δῷ
1112 2541 1194 2628 χάριν
1208 2548 1270 2616 τοῖς
1287 2537 1443 2604 άιιοόουσι.

285 2648 345 2710 Καὶ
373 2648 400 2710 εί
415 2652 509 2710 ταῦτα
527 2649 771 2728 διαυοηθείημεν,
794 2642 840 2708 ὅτι
857 2643 956 2709 πόθεν
977 2650 1134 2729 συμβαίνει
1148 2640 1216 2710 καθ’
1234 2638 1358 2723 ἑκάστην
1373 2638 1446 2723 ῆμέ-

284 2775 339 2834 ραν
355 2744 597 2825 άνακαινίζεσθαι
613 2745 686 2831 ῆμῖν
704 2743 740 2810 τά
758 2752 856 2828 φαῦλα
879 2744 1009 2830 έσόμεθα
1030 2749 1081 2810 καί
1100 2744 1183 2813 αὐτοί
1202 2742 1243 2822 είς
1260 2743 1445 2821 ἀπαίδευτοι,
1535 2746 1536 2749 ’

282 2852 334 2916 καί
361 2847 401 2932 μῆ
424 2852 611 2934 προςέγοντες
632 2858 694 2925 τοῖς
717 2852 813 2924 θείοις
835 2851 886 2915 καλ
907 2856 1145 2934 ’προρρητικοῖς
1163 2847 1271 2935 λόγοις.
1314 2856 1371 2912 Δεῖ
1388 2844 1445 2932 γάρ

282 2959 374 3017 ταῦτα
389 2959 586 3037 πληροῦσθαι.
630 2949 682 3016 Ἐν
707 2951 800 3016 δίπασι
824 2948 879 3037 γάρ
905 2953 1004 3042 μέρεσι
1025 2959 1078 3033 τῆς
1092 2956 1217 3028 πίστεως
1237 2955 1284 3017 δεῖ
1298 2957 1448 3015 τελεῖσθαι

281 3054 314 3120 τό
332 3056 506 3140 εἰρημένον,
540 3046 635 3140 3Ἀρα
650 3053 747 3120 έλθοῖν
765 3051 784 3119 ό
800 3053 866 3130 υἱός
888 3062 941 3119 τοῦ
962 3052 1129 3140 άνθροόπου
1145 3050 1261 3140 εόρῆσει
1274 3050 1327 3136 τῆν
1346 3056 1447 3117 πίστιν

281 3158 331 3223 έπί
348 3165 400 3240 τῆς
415 3166 484 3243 γῆς;
529 3164 626 3223 4Ποῦ
642 3155 697 3242 γάρ
713 3159 847 3237 ἔφθασεν
863 3152 884 3239 ῆ
897 3155 1016 3223 διάνοια
1029 3165 1089 3222 τοῖν
1104 3154 1276 3239 αἰνθροόπων
1291 3156 1445 3240 ίγιιειμένη

280 3261 331 3325 έπλ
348 3259 382 3325 τό
399 3259 531 3343 πονηρόν
548 3262 581 3326 έκ
599 3259 752 3341 νεότητος;
798 3266 881 3324 Ποῖα
896 3261 969 3345 μίρη
988 3267 1039 3343 τῆς
1056 3264 1180 3335 πίστεως
1197 3257 1255 3324 οὐκ
1276 3255 1444 3335 άπάλεσενς

275 3360 329 3426 Ἐν
344 3367 443 3438 ποίοις
460 3363 492 3426 δὲ
506 3361 606 3449 λόγοις
621 3359 641 3445 ῆ
662 3364 844 3443 κακοβουλία
861 3359 893 3427 τό
910 3361 1056 3447 χρήσιμον
1071 3360 1128 3428 οόκ
1145 3360 1280 3447 έτάραξε,
1314 3366 1395 3425 ὅτῶν
1409 3359 1445 3424 δὲ

282 3463 535 3548 πρεπωδεστάτων
561 3466 612 3530 καλ
640 3467 671 3530 έν
685 3463 860 3529 καταστάσει
873 3471 993 3548 λογικῆς
1007 3465 1142 3545 φάσεως,
1170 3457 1207 3546 ῆς
1221 3462 1254 3530 τό
1272 3463 1387 3549 πρέπον
1404 3454 1445 3546 ῆν

281 3565 317 3632 τά
340 3566 431 3649 σεμνά
452 3575 560 3649 μᾶλλον
576 3571 776 3648 διανοεῖσθαι,
805 3569 857 3632 καί
876 3565 992 3643 τούτοις
1008 3568 1200 3652 προςτιθέναι
1216 3562 1384 3647 βιάζεσθαι,
1417 3566 1446 3630 εί

145 3703 197 3749 ηις.
210 3689 271 3738 ιλιι.
283 3670 335 3734 καί
350 3671 409 3734 έδει
425 3668 506 3754 παρά
521 3669 628 3750 φάσιν,
657 3673 709 3736 καί
724 3668 765 3753 μῆ
784 3677 892 3752 μᾶλλον
907 3668 944 3735 τά
961 3668 1090 3753 ἀληθινοί
1108 3672 1151 3746 είς
1168 3667 1204 3734 τά
1221 3665 1331 3749 άσεμνα
1345 3692 1444 3751 παρα-

281 3772 399 3858 τρέπειν
421 3774 613 3856 βιαζομένους
634 3776 684 3839 έπί
705 3770 738 3839 τό
760 3782 867 3859 χεῖρον.

151 4190 259 4259 Κεφη.
362 4181 485 4248 Λοιπόν
499 4181 570 4268 γάρ,
602 4182 704 4266 ἐπειδῆ
727 4182 824 4248 πάντα
846 4179 932 4266 ῆμοῖν
957 4182 1144 4268 πεπλήρωται
1167 4189 1203 4273 τῆ
1220 4185 1322 4269 γενεᾷ,
1354 4180 1442 4247 κάτε

312 4305 398 4357 *Post
419 4297 470 4370 ῆδε
491 4309 517 4357 λιι
540 4320 615 4370 παις.
633 4309 686 4356 libri
707 4308 753 4357 Ιιιι
771 4309 842 4357 rubro
875 4304 941 4356 enim
963 4323 1009 4373 per
1025 4307 1193 4358 accessionem
1210 4302 1356 4369 ampliorem
1375 4320 1442 4355 con-

276 4390 397 4451 ημργργηω
421 4393 506 4455 γεγρα,
528 4374 630 4444 γπωξῖ,
874 4372 949 4441 tingit
963 4375 1035 4426 nobis
1048 4374 1184 4442 sophistica
1201 4372 1285 4440 opinio
1301 4377 1352 4422 οιλλ.

313 4458 364 4505 Cn>
385 4460 415 4506 ΙΙ.
429 4487 460 4498 -
490 4462 511 4509 1.
528 4462 682 4511 Scribendum
695 4456 840 4525 πρόςθεσιν,
908 4461 931 4512 2.
949 4466 1122 4528 προςρητικοῖς
1138 4462 1189 4511 ενδ.
1205 4462 1251 4510 Im.
1266 4463 1288 4508 et
1303 4460 1340 4508 ιδ.
1358 4460 1439 4520 prim.

277 4539 306 4574 ετ
318 4529 432 4576 emendat.
449 4529 567 4589 Cornarii,
583 4533 623 4591 ραι·
636 4534 703 4579 vertit
722 4528 841 4590 Quotidie
875 4537 1033 4596 προρητικοῐς
1050 4532 1101 4580 cod.
1121 4531 1219 4592 Ηλισῖμ.
