3096 5070
265 256 327 321 344
604 254 657 325 σε·
692 263 816 317 omem
832 264 1004 316 εειιιιιιιιι

266 394 362 453 σασθε
373 382 428 466 τὴν
445 385 477 449 έν
493 385 607 472 Νικαίμ
621 379 764 462 σύνοδον,
790 384 863 447 ’καλ
881 379 923 457 οἱς
938 382 1079 464 αίρετικολ
1096 381 1303 465 παρειςφίρετε
1318 388 1427 462 ταῦτα,

266 487 330 573 ἢεί
342 484 487 570 βούλεσθε
499 487 586 550 τέκνα
602 491 662 550 τοῖν
678 486 814 570 πατέρων
829 480 918 562 εἶναι,
941 482 982 566 μὴ
996 492 1132 569 φρονεῖτε
1146 480 1216 568 παρ’
1231 485 1328 548 έκεῖνο
1346 482 1428 570 άπερ
1518 504 1520 506 ·

265 593 400 678 ἔγραψαν
424 588 517 653 αύτοί.
563 588 623 651 Kal
648 586 705 672 γάρ
730 589 792 652 *έκ
817 585 924 652 τούτου
948 584 1006 652 οτύ
1031 584 1143 651 άτοπον
1167 594 1294 671 θεωρεῖν
1319 583 1430 669 οἦμοῖς

265 694 383 772 ἔξεστιν.
428 694 471 754 Εἰ
492 687 653 770 δμοούσιος
675 686 794 775 δλύγος
811 697 853 779 τῷ
870 687 983 771 σάματι
1006 691 1038 754 έκ
1057 695 1113 773 γῆς
1132 689 1227 769 έχοντι
1247 687 1302 770 τὴν
1323 688 1429 772 φύσιν,

267 792 427 879 δμοούσιος
447 794 480 858 δέ
500 789 623 877 ύλύγος
643 798 684 880 τῷ
707 793 812 877 πατρί,
843 790 918 856 κατά
940 789 993 874 τήν
1011 799 1072 856 τῶν
1096 793 1231 875 πατέρων
1255 788 1429 877 ὁμολογίαν,

267 895 429 981 ύμσηύσιος
452 897 532 960 ἔσται
557 895 609 958 καλ
626 891 717 969 αύτδς
738 890 870 979 ύττατῆρ
889 900 931 981 τῷ
948 892 1060 976 σάματι
1083 900 1125 981 τῷ
1148 896 1180 959 έκ
1196 901 1251 979 γῆς
1268 896 1429 984 γενομένῳ.

271 1000 332 1065 Καί
347 1003 375 1063 τί
393 999 436 1062 έτι
454 998 606 1079 μέμφεσθε
621 1004 683 1072 τοῖς
696 993 857 1079 Ἀρειανοῖς
871 997 986 1081 λέγουσι
1000 994 1053 1061 τάν
1067 994 1135 1061 υίύν
1149 1000 1271 1079 κτίσμα,
1294 999 1432 1082 λέγοντες

268 1102 345 1167 ’καί
363 1097 448 1164 αύτολ
462 1097 513 1163 τδν
535 1100 647 1183 πατέρα
666 1095 826 1179 ύμοούσιον
842 1107 905 1174 τοῖς
928 1103 1079 1180 κτίσμασι,
1110 1101 1162 1164 καλ
1179 1101 1221 1174 είς
1237 1100 1339 1183 έτίραν
1356 1097 1432 1164 άσέ-

267 1207 351 1288 βειαν
371 1199 588 1284 μετερχόμενοι,
618 1198 782 1282 φάσκοντες
806 1203 848 1276 είς
869 1199 965 1287 σάρκα
987 1202 1038 1266 καλ
1062 1200 1150 1266 ὀστέα
1175 1204 1225 1266 καλ
1249 1206 1346 1286 τρίχας
1371 1203 1430 1267 κοιλ

268 1313 374 1389 νεῦρα,
403 1304 454 1368 καλ
472 1301 541 1368 ὅλον
558 1309 667 1386 8σοιίμα
683 1307 917 1393 μεταβεβλῆσθαι
936 1302 989 1369 τύν
1005 1301 1110 1389 λύγον,
1140 1306 1191 1368 καλ
1209 1303 1357 1387 ἠλλάχθαι
1370 1311 1430 1387 τῆς

269 1411 347 1484 ίδίας
366 1404 499 1488 φύσεωςς
532 1405 595 1490 άίρα
611 1404 667 1493 γάρ
685 1410 802 1473 οεἰπεῖν
818 1403 897 1489 ἡμᾶς
913 1413 1051 1492 φανεροῖς
1067 1409 1100 1472 έκ
1114 1412 1170 1492 γῆς
1192 1404 1283 1472 ούτδν
1307 1413 1430 1492 γεγτνῆ·

268 1519 351 1576 σθαι.
393 1506 444 1574 Ἐκ
461 1516 516 1594 γῆς
529 1508 586 1594 γάρ
607 1506 628 1591 ἡ
644 1516 703 1575 τῶν
719 1509 831 1574 δστέων
846 1511 897 1574 καί
913 1507 983 1574 ὅλου
1004 1516 1058 1575 τοῦ
1073 1507 1209 1592 σάματος
1225 1511 1323 1588 φύσις.
1373 1513 1430 1586 Τίς

270 1604 327 1680 σύν
352 1608 373 1693 ἡ
397 1611 524 1694 τοσαύτη
548 1612 783 1697 παραφροσύνη,
815 1615 866 1676 ἵνα
892 1613 943 1676 καί
969 1610 1046 1696 πρδς
1071 1609 1198 1688 ἑαυτούς
1222 1610 1430 1695 διαμάχησθες

270 1711 432 1797 ύμοούσιον
466 1715 563 1796 10μέν
586 1715 718 1798 λέγοντες
740 1712 792 1779 τὸν
813 1712 901 1799 λόγον
921 1721 963 1802 τῷ
986 1713 1098 1797 σάματι
1115 1717 1215 1800 έτερον
1236 1713 1312 1800 πρδς
1327 1717 1430 1800 ἕτερον

269 1820 432 1900 σημαίνετε,
458 1813 534 1881 ιιτύ
551 1817 583 1880 δέ
596 1819 638 1892 είς
651 1815 747 1902 σάρκα
760 1820 1008 1899 μεταβεβλῆσθαι,
1029 1817 1122 1883 αὐτοῦ
1142 1824 1239 1884 ι’τοῦ
1254 1816 1345 1904 λύγον
1360 1843 1431 1904 τρο-

271 1917 334 2002 miv
348 1917 538 1998 φαντάζεσθε.
584 1921 645 1983 Καὶ
662 1923 706 1995 τίς
722 1921 764 1984 fn
779 1917 885 1985 λοιπύν
904 1928 939 1967 ¹³
950 1917 1034 2002 ύμαῑν
1050 1918 1178 1998 άνέξεται
1201 1927 1294 1985 ταῦτα
1308 1922 1359 1986 καί
1376 1920 1431 2004 μύ-

271 2046 325 2088 νον
343 2023 572 2106 φθεγγομένων,
618 2020 724 2104 Πάσης
748 2021 803 2107 γάρ
829 2024 968 2107 αἱρέσεως
989 2023 1077 2088 πλέον
1099 2024 1141 2097 τίς
1162 2021 1302 2105 άσέβεεαν
1325 2026 1427 2101 έξεκλί·

132 2146 349 2207 ρις.ισσ1.νατε.
394 2126 437 2187 El
453 2122 508 2209 γάρ
532 2121 692 2205 ύμοούσιος
720 2120 842 2209 ύλύγος
863 2129 904 2212 τῷ
931 2122 1061 2206 σάματι,
1092 2124 1211 2210 περιττὴ
1232 2133 1285 2209 τῆς
1306 2129 1429 2209 Μαρίας

271 2224 291 2311 ἦ
306 2225 406 2310 μνήμη
421 2229 473 2291 καί
489 2223 509 2309 ἡ
523 2231 622 2310 χρεία,
645 2229 814 2308 δυναμένου
829 2233 884 2292 τοῦ
896 2225 1031 2309 σοι’ματος
1052 2234 1085 2272 ¹⁴
1096 2230 1146 2292 καλ
1162 2227 1221 2312 πρά
1237 2235 1290 2310 τῆς
1303 2229 1423 2308 Μαρίας

271 2327 348 2394 εἶναι
362 2328 482 2409 άϊδίως,
506 2329 601 2413 ὥςπερ
617 2321 672 2394 ούν
688 2330 749 2394 έστι
763 2331 815 2393 καλ
832 2326 922 2405 αύτδς
940 2326 958 2394 ύ
973 2328 1073 2415 λόγος,
1097 2333 1155 2415 εἴγε
1170 2327 1242 2395 καθ’
1256 2326 1334 2411 ύμάς
1350 2324 1421 2407 ύμο·

273 2430 377 2507 ούσιός
394 2434 453 2497 έστι
466 2438 507 2520 τῷ
524 2430 645 2512 σάματι.
694 2437 745 2508 Τίς
759 2433 791 2496 δέ
808 2433 859 2496 καί
880 2429 900 2514 ἦ
916 2436 997 2517 χρεία
1015 2439 1068 2514 τῆς
1087 2435 1242 2514 ἐπιδημίας
1255 2434 1307 2496 τοῦ
1319 2427 1420 2514 λόγου,

272 2537 322 2600 ἵνα
337 2531 358 2616 ἢ
374 2532 407 2598 τδ
427 2535 535 2598 ἑαυτοῦ
559 2531 719 2616 ύμοούσιον
739 2533 909 2616 ένδύσηται,
938 2531 1096 2619 ἦτραπελς
1120 2531 1181 2600 α’πδ
1199 2540 1250 2616 τῆς
1272 2534 1348 2608 ἰδίοις
1366 2529 1424 2611 φύ-

273 2659 347 2714 σεως
364 2644 449 2720 σῶμα
468 2643 501 2683 ¹⁶
513 2639 630 2721 γένηται
636 2664 645 2715 ;
675 2632 713 2700 ού
729 2636 784 2721 γάρ
805 2633 926 2719 ιοαὐτη
947 2638 1052 2719 ἑαυτῆς
1069 2635 1089 2720 ἡ
1104 2639 1221 2720 θεότης
1236 2629 1430 2718 ίκιλοιμβάνε·

272 2767 335 2819 ται,
364 2742 415 2804 ῖνα
436 2741 487 2803 καὶ
507 2738 541 2804 τδ
569 2736 730 2819 δμοούσιον
760 2736 895 2821 17αύτῆς
919 2737 1081 2822 ένδύσηται.
1127 2737 1205 2804 Ἀλλ’
1232 2738 1304 2805 ούδλ
1330 2734 1429 2822 18γάρ

273 2840 403 2927 ἥμαρτεν
427 2838 445 2906 δ
466 2839 518 2916 τάς
540 2838 634 2906 άλλων
656 2837 799 2923 άμαρτίας
819 2838 1015 2925 λυτρούμενος
1037 2840 1138 2927 λόγος,
1167 2845 1219 2907 ἵνα
1240 2841 1361 2928 τραπείς
1388 2840 1431 2914 είς

274 2951 361 3026 σῶμα
376 2941 480 3009 ἕαυτδν
496 2939 570 3028 ύιτὲρ
588 2945 695 3009 ἑαυτοῦ
711 2947 822 3008 θυσίαν
837 2946 1028 3035 προςενέγκη,
1050 2947 1100 3010 καί
1118 2943 1225 3011 έουτδν
1238 2944 1429 3029 λυτρώσηται.

139 3378 207 3446 129,
221 3373 252 3442 χ,
360 3347 432 3415 Ἀλλ’
459 3351 515 3416 ούκ
538 3354 616 3417 έστιν
638 3351 748 3433 ούτως,
778 3351 820 3436 μὴ
846 3355 969 3439 γένοιτο.
1015 3356 1191 3440 Σπέρματος
1215 3352 1272 3440 γάρ
1296 3349 1432 3438 Ἀβραάμ

276 3451 520 3537 έπιλαμβάνεται,
550 3451 591 3530 άς
609 3452 689 3521 εἶπεν
705 3454 723 3521 ύ
741 3453 919 3532 άπόστολος·
950 3457 1024 3523 ὅθεν
1043 3456 1148 3538 ύφειλε
1164 3455 1239 3522 κατά
1256 3454 1351 3520 πάντα
1368 3463 1433 3531 τοῖς

274 3556 414 3638 αἰδελφοῖς
428 3554 633 3639 δμοιωθῆναι,
656 3559 708 3622 καλ
721 3562 822 3641 λαβεῖν
836 3558 942 3641 ὅμοιον
955 3557 1026 3641 ἡμῖν
1041 3566 1134 3641 σῶμα.
1179 3556 1240 3623 Διά
1254 3564 1341 3623 τοῦτο
1356 3565 1433 3641 γοῦν

274 3662 324 3725 καί
351 3656 504 3724 ύπύκειται
527 3659 649 3741 άληθῶς
665 3657 686 3742 ἦ
704 3666 826 3743 Μαρία,
857 3665 907 3726 ἵνα
924 3664 953 3740 έξ
972 3661 1066 3743 αὐτῆς
1089 3669 1176 3727 τοῦτο
1199 3659 1293 3749 λάβῃ,
1323 3663 1374 3722 καί
1391 3656 1434 3736 ὥς

275 3764 353 3827 ίδιον
372 3759 447 3843 ύπλρ
471 3758 556 3844 ἡμῶν
576 3761 649 3828 αύτύ
667 3765 853 3854 προςενέγκη.
899 3765 960 3828 Καί
977 3762 1086 3846 ταύτην
1106 3761 1193 3846 ύμέν
1210 3760 1333 3837 Ἡσαΐας
1358 3787 1435 3846 προ·

276 3863 414 3947 φητεύων
428 3866 557 3928 έδείκνυε
572 3867 679 3950 λέγων,
700 3863 778 3930 Ἰδού
795 3864 818 3948 η’
833 3868 987 3951 παρθένος
1010 3874 1021 3912 ¹
1035 3869 1066 3932 έν
1081 3868 1182 3952 γαστρί
1202 3867 1272 3943 ἕξει,
1294 3866 1344 3930 καλ
1359 3866 1437 3941 τέξε·

275 3992 331 4031 ται.
372 3963 406 4030 Ὁ
423 3966 455 4030 δὲ
476 3965 607 4052 Γαβριὴλ
623 3966 823 4033 ἀποστέλλεται
841 3968 916 4056 πρδς
933 3967 1042 4051 αύτην,
1075 3967 1128 4051 ούχ
1148 3966 1249 4044 άπλοῖς
1264 3964 1339 4052 πρδς
1357 3993 1435 4051 παρ-

308 4103 332 4156 δ.
361 4107 509 4158 Panionium
533 4104 591 4171 κοιλ,
625 4122 685 4169 quae
714 4111 780 4158 οδιιί
805 4112 835 4159 οδ
903 4110 927 4160 5.
946 4109 1050 4174 θεωρεῖν
1066 4105 1138 4175 τῐμῖις
1153 4105 1181 4161 τδ
1200 4100 1289 4162 ἄτοπον
1305 4109 1356 4158 eod.
1371 4107 1436 4159 nm-

273 4178 370 4237 υίνοηυι
384 4177 452 4224 codd.
469 4189 524 4225 οιεε.
538 4180 559 4224 τί
574 4178 604 4224 οδ
618 4177 654 4224 ιδ.
670 4179 762 4240 μήπω,
780 4192 837 4240 ταχι-
871 4180 920 4241 δι’ρ.

271 4245 392 4306 μίιυτιατιί
412 4245 542 4293 Carnarius
563 4244 666 4322 ίυενίιοο
691 4249 740 4293 Aut
762 4245 837 4312 igitur
903 4243 928 4296 6.
946 4240 1014 4327 ὑμᾶς
1031 4248 1075 4306 B„
1091 4248 1182 4295 ιιιιλῖαε.

273 4309 708 4448 3:5330933352131'&53:35
717 4321 748 4432 ῗι
761 4313 837 4434 5525}
903 4311 1125 4447 {133‘323333

293 4450 298 4461 ·
903 4447 928 4499 9.
946 4444 1014 4514 ύμᾶς
1029 4466 1087 4515 φαι.
1107 4448 1184 4504 εἰπεῖν
1201 4452 1229 4502 Β.

274 4461 335 4565 ωδ.
350 4511 395 4566 καλ
412 4510 442 4566 έιι
457 4515 485 4565 Β.
907 4516 944 4567 10.
963 4514 1007 4586 μὲν
1025 4515 1073 4586 γάρ
1091 4520 1120 4571 B.
