3096 5070
224 297 264 364 84
651 311 774 364 οιαοτι
791 311 961 363 τοιουτου

221 429 307 494 λίωσί
322 452 373 510 με,
403 427 461 513 πρό
478 427 510 494 ῦί
526 426 647 494 πάντων
663 432 750 517 γεννᾷ
768 454 819 510 με,
849 425 913 494 άντλ
929 429 982 511 μέν
996 436 1064 506 τοῦ,
1090 425 1215 510 Ἀρχὴν,
1243 426 1390 512 ίλαβτνό

224 528 387 607 άπόστολος
401 528 453 609 τό,
478 537 619 615 Πρῶτος,
643 531 707 595 άντί
725 532 759 596 ῦέ
774 539 842 610 τοῦ,
862 538 957 619 Γεννᾷ
976 554 1030 612 με,
1055 529 1105 608 τό,
1137 528 1246 608 Τόπος,
1268 530 1333 598 όντλ
1352 532 1390 600 δέ

223 641 276 699 τοῦ
289 632 360 699 όλου
377 631 455 715 όμοῦ
473 640 567 712 ’τοῦ,
588 631 708 699 Ἕκτισί
724 659 759 715 με
778 633 872 715 ἀρχὴν
889 631 969 699 όίοίν
985 631 1092 711 αῦτοῦ,
1125 635 1191 711 καί,
1221 638 1316 723 Γεννᾷ
1334 657 1384 717 μ,

221 734 270 812 τό,
297 736 495 821 Πρωτότοκος
509 735 607 817 πάσης
623 741 759 813 κτίσεως,
793 735 856 800 άντί
873 737 905 800 δέ
924 742 993 815 τοῦ,
1023 733 1230 817 Ἐθεμελίωσε,
1263 733 1313 815 τό,
1334 733 1414 803 ’Ro‘

221 835 301 926 αῦτῷ
319 842 442 921 ἐκτίσθη
459 837 494 904 τά
510 838 616 919 πάντα,
638 836 703 904 άντί
722 840 754 904 δέ
770 845 834 919 τοῦ,
858 836 905 903 Δι’
921 840 1009 920 ἐμοῦ,
1031 837 1077 916 τά,
1095 834 1163 902 Ἀπ’
1178 840 1302 916 αίοῖνσς,
1323 839 1384 905 thu

219 940 344 1023 θρόνοι,
368 945 423 1007 εἴτε
438 941 623 1027 κυριότητες,
655 945 711 1007 είτε
734 939 836 1025 άργαί,
859 945 916 1006 είτε
933 944 1075 1019 ἐξουσίαι,
1106 938 1143 1005 τά
1160 939 1259 1006 πάντα
1273 936 1311 1006 δι’
1326 939 1385 1008 εὖ·

220 1051 290 1123 τοῦ,
320 1050 372 1109 καί
398 1047 441 1121 είς
464 1042 558 1110 αῦτόν
579 1047 715 1110 ίκττσται.
763 1042 892 1109 Πάντων
918 1034 975 1109 οῦν
998 1041 1074 1126 πρός
1094 1045 1172 1120 λίξιν
1194 1042 1388 1124 ἐξισαζόντον

220 1147 427 1213 αἰποστολικοῦν
452 1145 495 1223 άς
510 1144 545 1211 τά
563 1145 645 1233 παρά
662 1154 716 1229 τῆς
731 1151 853 1226 σοφίας,
884 1147 1015 1210 τουτίσττ
1036 1152 1133 1210 τοῦτο
1152 1144 1245 1229 ἀρχὴν
1258 1145 1337 1231 πρός
1350 1143 1387 1216 τί

222 1255 363 1332 Προῖτος,
394 1253 444 1315 καί
468 1257 522 1315 τοῦ
542 1256 637 1338 Γεννᾷ
664 1249 870 1335 πρωτότοκος,
901 1251 951 1313 καί
978 1254 1070 1326 8τοῦ,
1090 1246 1211 1314 ’Ἐκτισί
1231 1272 1266 1331 με
1288 1247 1388 1335 άργᾷ

219 1350 300 1419 όδοῦν
319 1351 413 1419 αῦτοῦ
436 1354 478 1429 είς
502 1354 574 1437 ἔργα
598 1349 706 1431 αῦτοῦ,
739 1351 815 1435 πρός
832 1349 881 1431 τό,
914 1349 1113 1435 Πρωτότοκος
1136 1350 1233 1434 πάσης
1249 1354 1387 1435 κτίσεις,

219 1451 283 1519 άντὶ
300 1457 331 1520 ῦέ
346 1463 415 1534 τοῦ,
436 1452 630 1537 Ἕθεμελίωσί
644 1480 695 1536 με,
717 1452 768 1534 τό,
786 1454 840 1518 Ἐν
856 1452 937 1542 αὐτῷ
953 1457 1093 1535 ἐκτίσθη,
1116 1454 1182 1519 αἰντλ
1198 1455 1230 1520 ῦέ
1244 1461 1308 1534 τοῦ,
1333 1464 1385 1524 Δι’

219 1558 308 1637 ἐμοῦ,
332 1554 398 1633 4οῦς
414 1556 489 1641 πρός
505 1555 550 1636 τό,
574 1553 622 1623 Δι’
637 1555 743 1635 αῦτοῦ,
767 1555 913 1640 φανερόν,
936 1559 987 1622 καί
1009 1551 1029 1637 ἦ
1046 1554 1134 1621 εέκιόν
1150 1557 1207 1623 οῦκ
1226 1559 1259 1624 ἐν
1273 1556 1382 1638 πάθει,

217 1656 277 1725 αλλ’
292 1659 358 1724 αἰντί
372 1666 444 1738 τοῦ,
469 1657 548 1745 Ἐγά
567 1657 587 1742 ἦ
602 1665 710 1740 σοφία,
738 1664 948 1746 παρείληπται,
982 1660 1040 1723 ίίαί
1058 1655 1099 1734 άς
1113 1655 1132 1741 ἦ
1147 1664 1240 1739 σοφία
1255 1667 1310 1727 τοῦ
1328 1681 1383 1729 σο-
1401 1648 1406 1659 ⁸

219 1770 281 1841 φοῦ
299 1761 365 1837 υίός
386 1761 473 1827 οῦσία
493 1759 612 1841 οῦσίας,
641 1762 737 1840 οῦτως
760 1761 781 1846 ἦ
798 1760 886 1827 είκοίν
912 1759 1015 1837 οῦσίας
1038 1758 1126 1843 όμοία
1144 1765 1211 1827 ἐστί.
1254 1760 1310 1828 Διό
1325 1763 1382 1829 καί

218 1862 307 1930 είκάν
330 1863 444 1947 ἐνοήθη
468 1871 522 1929 τοῦ
546 1872 623 1930 θεοῦ
646 1873 723 1931 ὅτοῦ
747 1863 893 1948 άοράτου,
924 1862 958 1939 ῦς
980 1866 1057 1929 ἐστιν
1079 1862 1152 1939 νίός.
1197 1865 1256 1928 Καί
1272 1865 1382 1946 ίςσςισν

218 1966 406 2046 ἐξισαζοῦσας
417 1965 470 2044 τάς
483 1969 572 2045 λέξεις
589 1965 702 2046 παίσας,
735 1965 801 2033 άντί
819 1967 872 2049 μίν
888 1973 941 2031 τοῦ
957 1974 1057 2047 σοφοῦ
1073 1966 1123 2045 τό,
1152 1967 1241 2046 Θεός,
1263 1964 1332 2031 ἄντί
1346 1965 1383 2034 ῦλ

215 2076 269 2152 τῆς
285 2075 394 2150 σοφίας
415 2067 467 2148 τό,
499 2068 618 2150 Είκάν,
648 2070 715 2135 ἇντλ
738 2071 771 2134 δέ
796 2076 850 2134 τοῦ
871 2066 975 2154 Ἀρχὴ,
1009 2076 1145 2153 Πρῶτος,
1176 2066 1243 2135 άντί
1268 2069 1300 2135 ῦέ
1323 2079 1383 2137 ’τοῦ

216 2177 327 2264 Γεννᾷ,
349 2170 398 2252 τό,
427 2170 537 2252 Τόκος,
561 2168 627 2238 άντί
645 2173 676 2238 δέ
692 2171 764 2238 ὅλου
783 2169 872 2255 όμοῦ,
901 2172 1000 2254 φαμέν
1020 2169 1108 2236 οάντί
1126 2178 1196 2249 τοῦ,
1221 2167 1380 2256 'Amin‘-

215 2277 278 2340 δοῦν
291 2272 384 2341 αὐτοῦ
399 2277 494 2341 ἐκτισί
508 2300 544 2357 με
562 2278 604 2352 είς
623 2277 693 2361 ἔργα
709 2274 819 2354 αῦτοῦ,
854 2278 921 2354 καί,
955 2280 1052 2363 Γεννᾷ
1068 2298 1117 2356 με,
1139 2272 1187 2349 τό,
1220 2271 1376 2353 Πρωτὼ·

215 2403 268 2454 νιος
280 2377 378 2460 πάσης
394 2383 531 2457 κτίσεως,
554 2373 619 2444 άντί
635 2379 666 2442 ιίί
681 2384 749 2456 τοῦ,
775 2375 969 2459 Ἐθεμελίωσί
987 2400 1036 2458 με,
1067 2375 1116 2454 τό,
1134 2375 1188 2440 Ἐν
1203 2372 1286 2467 αῦτρῦ
1304 2377 1379 2443 ἐκί-

213 2489 291 2562 σθη,
313 2481 377 2545 άντί
396 2482 429 2546 όέ
446 2488 518 2560 τοῦ,
542 2477 589 2545 Δι’
605 2482 693 2562 ἐμοῦ,
720 2477 763 2544 Τά
778 2479 874 2545 πάντα
888 2476 926 2544 δι’
940 2476 1033 2543 αῦτοῦ
1045 2480 1097 2542 καί
1111 2481 1152 2554 είς
1167 2476 1267 2545 αῦτόν.
1315 2483 1381 2546 Θι

211 2581 297 2668 νερόν
313 2580 355 2659 σός
371 2580 471 2648 είκόνα
487 2579 655 2658 άιιοῦοντας
674 2579 725 2647 τόν
745 2579 814 2648 νίῦν
836 2589 890 2647 τοῦ
911 2588 987 2646 θεοῦ
1008 2588 1061 2646 τοῦ
1078 2577 1224 2662 ἀοράτου,
1256 2583 1309 2647 καί
1325 2578 1382 2651 οὗ·

213 2710 272 2760 τως
288 2681 419 2761 άναιδοῦς
436 2690 611 2766 σοφίζεσθαι
631 2683 685 2767 τὴν
700 2681 763 2749 κατ’
778 2684 884 2750 οῦσίαν
901 2681 1061 2766 ὁμοιότητα
1075 2690 1128 2748 τοῦ
1143 2686 1212 2749 νίοῦ
1228 2682 1307 2768 πρός
1318 2706 1379 2752 m·

165 2815 169 2824 ²
211 2787 282 2870 τίρα
295 2788 527 2872 ἐπιχειροῦντας,
562 2793 647 2863 ’τοῖς
669 2794 759 2852 πᾶσιν
783 2788 887 2872 ἐλέγχει
909 2784 1141 2870 παραπεσόντας.
1188 2783 1235 2851 Οῦ
1253 2786 1383 2867 name

90 2901 198 2958 Μί.
216 2894 272 2971 ’γε
292 2887 398 2972 γόνος,
430 2887 500 2954 άλλά
520 2892 571 2955 καί
590 2888 648 2971 πρό
665 2887 770 2955 τοῦτου
785 2887 937 2970 Ἰωάννης,
968 2884 1068 2963 όυίός
1083 2887 1176 2964 ὅντως
1192 2892 1321 2972 βροντῆς
1336 2896 1383 2984 τῇ

203 2992 307 3079 ὀίιιείγι
329 2998 553 3082 μεγαλοφωνίᾳ,
579 2991 693 3077 οῦςπερ
711 2994 744 3057 ἐκ
760 3018 849 3057 τινων
864 2997 994 3070 νεφελτῦν
1013 2997 1071 3055 τῶν
1087 2997 1140 3072 τῆς
1154 2997 1265 3073 σοφίας
1279 2994 1380 3080 αίννγ-

211 3089 326 3172 μάτων,
358 3093 413 3177 τήν
433 3092 540 3177 εῦσεβῆ
559 3091 630 3178 ἡμῖν
652 3097 767 3160 ἐννοιαν
788 3101 841 3160 τοῦ
863 3098 930 3159 υίοῦ
959 3091 1035 3157 κατά
1056 3089 1108 3157 τόν
1129 3090 1235 3175 όμοιον
1256 3097 1380 3180 τρόπον

177 3209 180 3212 ’
211 3191 332 3278 άνῆκεν.
1358 3200 1361 3204 ’

74 3619 141 3685 Κεφ,
158 3618 193 3688 η’,
286 3600 366 3688 ’Ὁρα
381 3602 437 3689 γάρ
453 3603 499 3669 ότι
516 3607 568 3670 καί
587 3604 678 3681 αὐτός
701 3605 880 3689 άέιίιόάγθη
896 3608 977 3694 παρά
1001 3619 1053 3693 τῆς
1078 3616 1199 3690 σοφίας,
1230 3618 1326 3679 ταῦτα
1343 3616 1382 3685 h

208 3712 251 3794 τῷ
275 3703 344 3790 παρ’
369 3705 462 3772 αὐτοῦ
480 3711 658 3792 κηρυχθέντι
681 3705 772 3789 1ἡμῖν
789 3707 945 3800 εὐαγγελίῳ
967 3716 1188 3794 ίπαραῦίόωκε.
1238 3721 1299 3797 Τῆς
1314 3715 1381 3807 γάρ

211 3806 330 3885 Σοφίας
347 3807 502 3891 είποῦσης,
517 3808 636 3875 Ἕκτισί
653 3835 688 3891 με
704 3809 798 3894 άργήν
814 3809 894 3878 όδοῖν
915 3813 1023 3893 αῦτοῦ,
1056 3813 1106 3894 τό,
1127 3813 1176 3879 Ἐν
1191 3813 1280 3905 άρχγγ,
1313 3820 1379 3898 ffl-

209 3920 300 3988 θετο,
323 3909 427 3987 εἰπάν,
448 3910 497 3976 Ἐν
511 3912 587 4002 όρχγγ
602 3905 641 3994 ἦν
654 3910 672 3978 ό
685 3910 781 3997 λόγος,
804 3913 870 3980 α’ντὶ
883 3917 914 3981 δέ
930 3924 998 3995 τοῦ,
1013 3915 1131 3982 Ἔκτισέ
1146 3943 1196 4000 με,
1221 3921 1279 3983 Καί
1296 3919 1380 4002 θεός

209 4002 264 4093 ἦν,
294 4016 345 4077 ίνα
360 4013 401 4098 μή
419 4013 471 4079 τόν
489 4018 520 4080 ἐν
535 4021 694 4103 προφορᾷ,
727 4012 800 4081 άλλά
817 4016 868 4082 τόν
884 4021 915 4083 ἐν
930 4016 1088 4084 ῦποστάσει
1105 4025 1197 4108 παγίγι
1213 4017 1322 4104 άπαθῆ
1339 4025 1378 4091 ίπ

210 4112 321 4199 πατρός
333 4114 408 4182 θεόν
425 4116 514 4204 λόγον
530 4117 695 4201 νοήσωμεν·
719 4115 782 4183 άντί
798 4121 832 4184 δὲ
848 4128 916 4198 τοῦ,
943 4119 1061 4204 θἬμην
1077 4121 1144 4208 παρ’
1157 4122 1293 4206 4αὐτοῦ,
1323 4122 1376 4209 τό,

239 4287 264 4338 2.
284 4292 347 4339 [ibri
363 4294 447 4341 λοῦσπί
463 4289 500 4344 τό.
839 4293 864 4345 6.
882 4295 947 4344 libri
963 4300 1034 4358 νυίγο
1051 4292 1106 4350 α’ντὶ
1122 4295 1152 4350 δέ
1169 4298 1222 4350 τοῦ.

239 4354 263 4407 3.
284 4360 348 4407 Libri
363 4361 446 4409 λοοειιί
463 4357 501 4412 τὸ.
839 4360 862 4412 7.
882 4364 985 4413 Fortasse
1002 4361 1060 4423 τοῦς
1077 4364 1157 4417 πᾶσιν.

241 4425 265 4474 4.
285 4429 397 4486 Suspicor
413 4431 569 4489 reponendum
584 4442 632 4479 ται
645 4423 682 4487 τίς
697 4425 773 4494 τρίς·
838 4429 862 4477 ὅ.
881 4431 993 4492 θεσμίων
1009 4430 1039 4486 σί
1056 4431 1136 4498 μόνος.

207 4491 265 4556 θεν,
288 4489 336 4551 τί,
354 4490 391 4545 Δι’
409 4494 487 4547 αὐτοῦ
504 4504 556 4546 ουτ.
838 4490 863 4546 9.
880 4499 987 4550 nemina
1004 4495 1093 4565 ὥςπερ.

241 4563 266 4611 ὁ.
283 4559 328 4612 τοῦ
346 4575 392 4612 σοι.
409 4564 446 4612 ed.
464 4564 548 4616 Ρτλαυ.
