3096 5070
384 259 524 312 ransart
540 260 605 312 urs.
619 260 664 312 ur.
679 260 764 313 rom.
777 260 797 313 r.
812 259 914 312 usna.
926 260 1049 314 uxxrr.
1233 251 1295 318 aba

136 403 197 445 non
212 401 229 445 e
244 380 355 460 nihilo,
387 380 439 444 sed
458 401 498 444 ex
514 402 552 444 eo
568 380 618 464 qui
634 390 680 443 εει
696 379 911 444 convenienter
925 380 1083 465 productos
1103 381 1292 467 intedigitnr3
1320 437 1324 441 .

136 484 209 547 aden
237 493 269 547 ut
294 504 391 567 neque
414 483 570 559 coilatata,
604 502 700 566 neque
724 492 874 546 contracta
899 482 939 545 sit
959 484 1133 548 substantia.
1181 482 1293 550 Verum

136 586 183 671 qni
199 585 320 671 spiritns
343 596 390 649 cst
414 596 498 671 pater
520 584 654 670 spiritum
672 584 794 670 perinde
814 584 909 648 'fllium
932 585 1035 668 gennit
1058 597 1145 669 atque
1162 605 1179 649 e
1194 586 1294 672 seipso

134 699 267 752 sanctum
284 688 416 774 spiritum
432 686 540 751 emisit.
585 683 693 770 Neque
712 707 785 750 varo
803 696 854 750 aut
869 688 1059 771 semetipsum
1075 689 1211 773 ignorat,
1243 701 1294 754 ant

133 801 314 855 contractam
338 790 544 853 coliatatamve
571 809 654 853 suam
683 787 766 851 novit
791 788 1006 868 substantiam,
1040 788 1104 853 sive
1127 790 1223 875 aiiqria
1245 811 1294 855 se·

133 895 231 958 ctione
246 892 408 956 concisam.
454 890 537 954 Haec
562 891 638 954 enim
666 891 764 954 omnia
786 891 822 953 de
841 890 897 953 deo
921 891 1051 975 cogitare
1068 892 1155 955 nimis
1180 902 1227 956 est
1242 893 1294 956 ab·

133 998 273 1073 surdum,
308 1005 339 1058 ut
354 993 421 1078 quid
445 994 484 1056 sit
506 993 625 1078 spiritus
647 1003 768 1056 sauctus
786 993 859 1057 deus
877 992 940 1076 ipse
960 993 1085 1057 nesciat.
1131 994 1178 1057 Ac
1198 1014 1293 1079 nequa

133 1097 283 1182 ingenitus
298 1118 364 1159 curn
382 1095 512 1179 ingenito
529 1095 588 1159 tilio
605 1095 865 1159 consubstantialis
886 1115 945 1158 nun
963 1106 1028 1175 est,
1061 1117 1156 1181 ncqm
1175 1095 1293 1182 genitus

133 1201 197 1285 ipse
213 1218 396 1263 commanem
410 1219 474 1261 cum
489 1209 572 1282 patre
587 1197 792 1260 aeternitatem
810 1218 868 1260 uon
884 1197 1027 1261 continet.
1073 1196 1192 1262 Etenim
1210 1209 1294 1284 pater

133 1301 242 1378 biium,
274 1300 350 1363 iiiios
373 1311 483 1386 patrem
509 1299 673 1385 cognoscit.
721 1297 856 1363 Trinitas
880 1321 969 1384 porro
991 1301 1055 1384 ipsa
1071 1300 1136 1364 sine
1154 1300 1213 1364 aiio
1234 1301 1291 1366 bne

134 1411 233 1464 manet
251 1403 399 1480 increata,
434 1403 599 1488 occiditque
619 1423 779 1487 nunqnam.
832 1398 927 1465 Filius
952 1423 1025 1467 vero
1042 1424 1059 1467 a
1078 1414 1161 1487 patre
1185 1423 1292 1468 revera
1324 1463 1327 1469 ,

134 1526 168 1569 ac
183 1526 300 1590 semper
316 1505 463 1569 existente
480 1505 511 1569 in
528 1505 646 1591 propria
666 1505 855 1590 perfectaque
873 1515 978 1570 natura
999 1507 1116 1589 genitus
1137 1516 1195 1570 εει.
1243 1504 1290 1572 0b

133 1608 160 1670 id
177 1608 362 1693 semetipsum
380 1608 480 1687 novit3
511 1627 607 1692 neque
631 1617 682 1671 eut
698 1606 774 1669 titius
793 1607 953 1691 ingenitam
973 1609 1064 1693 patris
1081 1608 1288 1689 substantiam,

133 1723 183 1774 aut
205 1710 352 1794 ingenitus
378 1711 445 1787 biii,
481 1729 565 1795 quem
593 1709 750 1795 produxit,
783 1708 924 1793 ignorare
949 1720 1058 1795 potest.
1105 1709 1219 1794 Dignus
1243 1723 1290 1776 est

132 1814 209 1876 enirn
226 1813 300 1876 iiius
314 1813 376 1898 ipse
395 1813 442 1875 cni
456 1812 499 1875 sic
515 1812 647 1895 loquenti
663 1813 735 1876 tides
752 1810 944 1875 adhibeatur:
976 1816 1064 1874 Nemo
1082 1819 1161 1875 accit
1171 1826 1284 1895 patrem
1318 1833 1418 1880 mana:

132 1920 192 1978 εἰεί
201 1918 306 1997 stleira,
330 1925 359 1975 et
370 1917 470 1995 filium
491 1919 551 1975 nabi
564 1926 659 1995 poter.
1327 1887 1403 1940 Μ’

217 2015 257 2080 ΙΙ.
304 2013 503 2098 Quamobrem
529 2015 787 2080 circumscribatur
807 2036 824 2078 a
843 2015 1002 2078 temerario
1017 2015 1068 2078 itt·
1085 2014 1192 2096 Aetio,
1224 2029 1289 2080 tan·

131 2141 215 2206 quam
235 2141 251 2181 a
268 2118 384 2198 iudice,
408 2119 602 2203 pronuntiata
614 2119 779 2197 sententia,
812 2140 870 2181 non
888 2118 1011 2180 eundern
1026 2118 1064 2183 da
1080 2118 1178 2205 seipso
1200 2141 1288 2205 posse

129 2223 248 2307 genitae
264 2232 388 2285 naturae
413 2220 499 2283 simui
519 2231 550 2283 et
564 2218 712 2303 ingenitae
729 2219 891 2285 informare
909 2219 1073 2283 scientiam.
1119 2218 1238 2283 Etenim
1253 2222 1288 2286 it·

69 2375 71 2379 .
127 2325 183 2389 lius
206 2326 326 2388 decreto
349 2324 537 2408 iampridem
562 2322 640 2386 unici
663 2323 711 2386 dei
729 2323 779 2386 iiiii
798 2323 959 2386 auctoritas
983 2320 1190 2407 praescripsit,
1221 2344 1287 2388 cuna

127 2449 160 2491 se
186 2439 298 2514 patrem
322 2446 431 2503 nosse,
466 2446 521 2488 nec
544 2424 632 2488 alium
662 2436 834 2510 praeterea,
868 2424 991 2488 definiit.
1044 2421 1160 2506 Quibus
1186 2425 1287 2491 verbis

128 2530 213 2593 etiarn
230 2530 363 2616 spiritum
385 2538 517 2593 sanctum
543 2528 630 2591 simut
653 2527 830 2591 existentem
855 2526 1028 2611 complexus
1050 2537 1114 2604 εει,
1149 2530 1287 2611 quemad·

125 2634 241 2697 modum
256 2631 315 2695 aiio
329 2630 440 2695 induco
459 2630 551 2710 dixit,
576 2634 702 2711 Spu-itas
712 2636 807 2711 pann
819 2632 930 2692 docebit
941 2652 1000 2690 vos.
1048 2626 1134 2711 Quod
1152 2629 1177 2692 si
1194 2631 1284 2712 patris

127 2733 176 2795 itte
193 2732 314 2818 spiritus
329 2743 392 2811 cst,
423 2753 460 2796 ne
476 2733 569 2818 ipsum
590 2731 706 2815 quidem
723 2744 834 2818 patrem
858 2733 986 2817 ignorat.
1033 2728 1107 2796 Cum
1129 2743 1226 2795 antem
1242 2733 1284 2796 di·

126 2835 190 2911 xit,
221 2838 309 2896 Nemo
325 2841 405 2897 ncaa't
414 2848 525 2917 putrem
544 2837 711 2915 nisr'fila'rta,
744 2835 932 2920 semetipsum
951 2836 1062 2920 pariter
1077 2845 1106 2897 et
1122 2843 1233 2919 patrem
1250 2855 1285 2898 ao

126 2937 258 3021 spiritum
275 2949 407 3001 sanctum
423 2948 589 3001 ceterorum
603 2958 677 3022 quse
691 2936 729 3001 sb
745 2948 867 3003 aeteram
883 2958 942 3001 uon
957 2948 1038 3015 sunt,
1063 2938 1113 3001 sed
1130 2951 1285 3023 procreata

126 3048 212 3119 sunt,
244 3039 441 3103 conditionem
463 3040 635 3105 excessisse
658 3039 814 3124 siguibcat.
861 3038 1060 3123 Quamobrem
1086 3061 1151 3103 cnm
1173 3042 1210 3104 ab
1234 3063 1285 3105 ae·

126 3150 212 3204 terno
231 3151 342 3226 patrem
367 3141 442 3206 iilius
458 3142 649 3227 cognoverit,
683 3143 790 3207 trustra
810 3141 895 3205 nobis
912 3141 1019 3206 Aetius
1043 3143 1205 3226 nugacibus
1222 3145 1284 3208 suis

126 3243 225 3307 verbis
249 3242 391 3328 obrepere
417 3257 557 3324 conatur3
591 3267 655 3310 curn
681 3243 952 3310 manifestissimum
976 3245 1015 3307 sit
1038 3245 1131 3330 ipsum
1157 3246 1283 3310 bominis

127 3365 209 3408 more
227 3345 378 3428 cogitare,
403 3368 437 3410 ac
451 3348 609 3410 carnaliter
625 3347 793 3431 inquirere,
817 3357 848 3409 et
865 3347 1020 3410 animalem
1044 3369 1130 3426 esse,
1165 3358 1285 3433 propter

127 3468 193 3510 enm
218 3446 266 3530 qui
287 3456 344 3509 tarn
368 3469 400 3511 se
423 3470 508 3533 quam
529 3461 641 3534 patrem
665 3450 835 3534 cognoscit,
868 3471 923 3513 una
944 3470 1009 3514 cnm
1035 3450 1139 3535 spiritu
1165 3461 1281 3513 sancto.

125 3545 313 3633 Quapropter
331 3549 402 3612 deus
420 3551 456 3613 ab
475 3551 554 3613 omni
572 3570 677 3613 caussa
694 3551 887 3616 vindicandus
912 3564 975 3631 est,
1006 3573 1066 3616 non
1083 3552 1170 3615 modo
1185 3562 1281 3637 pater,

124 3651 176 3712 sed
202 3661 231 3711 et
253 3650 330 3712 iilius
354 3671 388 3712 ac
410 3653 530 3736 spiritus
549 3662 680 3716 sanctus.
726 3649 878 3735 Siquidem
903 3655 1011 3739 patris,
1042 3654 1093 3717 iiiii
1111 3675 1145 3717 ac
1162 3654 1282 3740 spiritus

124 3752 219 3815 sancti
236 3752 393 3831 divinitas,
417 3754 492 3838 qnod
511 3773 597 3817 nemo
613 3774 670 3817 non
693 3753 868 3836 contitetnr,
899 3777 1004 3821 caussa
1027 3767 1073 3821 est
1095 3757 1173 3821 omni
1197 3777 1283 3842 prae·

123 3858 262 3922 stantior.

207 3959 289 4022 Antii
307 3954 404 4044 Caput
419 3961 553 4021 xxxttt.
598 3954 631 4021 Si
646 3956 808 4039 ingenitum
826 3978 960 4023 caussam
975 3960 1082 4023 nuliam
1097 3962 1213 4047 penitus
1229 3961 1281 4024 ba·

123 4061 185 4140 bet,
209 4061 326 4145 sintque
342 4062 473 4146 ingenita
488 4061 650 4146 complura,
673 4058 845 4122 immutabili
860 4081 966 4125 caussa
984 4063 1172 4127 constabunt.
1218 4061 1281 4127 Ne·

124 4183 179 4244 que
200 4164 277 4225 enirn
303 4163 383 4226 vetut
407 4164 544 4227 attributa
568 4162 730 4226 communis
755 4163 906 4225 cniusdam
928 4183 963 4226 ac
981 4164 1136 4248 peculiaris
1156 4175 1279 4230 naturae

125 4264 292 4328 conditione
314 4265 518 4351 particepsque
541 4268 614 4330 tacta
637 4265 730 4329 altera
754 4265 853 4328 molita
877 4276 939 4345 est,
964 4266 1058 4329 attera
1081 4268 1233 4352 producta.

157 4379 182 4432 9.
199 4375 278 4436 odron
293 4387 345 4435 cod.
361 4387 459 4449 ttaedtp
758 4382 1278 4456 1.roaaqpto-tptrnoon.noe.

159 4449 198 4501 ιο.
215 4446 244 4502 τι
261 4466 306 4502 on.
324 4455 374 4503 oa.
392 4455 490 4516 aneso.
644 4451 650 4460 ‘
716 4456 813 4522 anto.

159 4517 197 4568 il.
215 4514 244 4572 τδ
262 4512 332 4585 ἅγιοι
348 4520 448 4587 πνεῦμα
464 4525 516 4574 eod.
534 4524 630 4590 ttbedtp.
