<?xml version="1.0" encoding="UTF-8"?>
<!DOCTYPE html PUBLIC "-//W3C//DTD XHTML 1.0 Transitional//EN"
    "http://www.w3.org/TR/xhtml1/DTD/xhtml1-transitional.dtd">
<html xmlns="http://www.w3.org/1999/xhtml" xml:lang="en" lang="en">
 <head>
  <title>
</title>
<meta http-equiv="Content-Type" content="text/html;charset=utf-8" />
  <meta name='ocr-system' content='tesseract 3.04.00' />
  <meta name='ocr-capabilities' content='ocr_page ocr_carea ocr_par ocr_line ocrx_word'/>
</head>
<body>
  <div class='ocr_page' id='page_1' title='image "./corporishaerese00unkngoog/corporishaerese00unkngoog_0590.png"; bbox 0 0 3096 5070; ppageno 0'>
   <div class='ocr_carea' id='block_1_1' title="bbox 615 263 1359 332">
    <p class='ocr_par' dir='ltr' id='par_1_1' title="bbox 615 263 1359 332">
     <span class='ocr_line' id='line_1_1' title="bbox 615 263 1359 332; baseline -0.008 0"><span class='ocrx_word' id='word_1_1' title='bbox 615 278 939 332; x_wconf 80' lang='lat' dir='ltr'><strong>auncurnacnrosrs.</strong></span> <span class='ocrx_word' id='word_1_2' title='bbox 1297 263 1359 327; x_wconf 75' lang='lat'><strong>583</strong></span> 
     </span>
    </p>
   </div>
   <div class='ocr_carea' id='block_1_2' title="bbox 194 397 1513 3962">
    <p class='ocr_par' dir='ltr' id='par_1_2' title="bbox 196 397 1513 3143">
     <span class='ocr_line' id='line_1_2' title="bbox 201 397 1362 486; baseline -0.004 -21"><span class='ocrx_word' id='word_1_3' title='bbox 201 409 267 465; x_wconf 85' lang='lat' dir='ltr'><strong>etus</strong></span> <span class='ocrx_word' id='word_1_4' title='bbox 283 398 440 484; x_wconf 91' lang='lat' dir='ltr'><strong>unicuique</strong></span> <span class='ocrx_word' id='word_1_5' title='bbox 456 400 617 486; x_wconf 86' lang='lat' dir='ltr'><strong>permissus</strong></span> <span class='ocrx_word' id='word_1_6' title='bbox 634 411 698 480; x_wconf 91' lang='lat' dir='ltr'><strong>est,</strong></span> <span class='ocrx_word' id='word_1_7' title='bbox 730 410 869 484; x_wconf 91' lang='lat' dir='ltr'><strong>quootum</strong></span> <span class='ocrx_word' id='word_1_8' title='bbox 890 418 993 461; x_wconf 90' lang='lat' dir='ltr'><strong>vocem</strong></span> <span class='ocrx_word' id='word_1_9' title='bbox 1013 397 1091 461; x_wconf 84' lang='lat' dir='ltr'><strong>iltius</strong></span> <span class='ocrx_word' id='word_1_10' title='bbox 1109 397 1210 460; x_wconf 88' lang='lat' dir='ltr'><strong>audire</strong></span> <span class='ocrx_word' id='word_1_11' title='bbox 1224 417 1260 460; x_wconf 92' lang='lat' dir='ltr'><strong>ac</strong></span> <span class='ocrx_word' id='word_1_12' title='bbox 1275 406 1362 481; x_wconf 89' lang='lat' dir='ltr'><strong>prout</strong></span> 
     </span>
     <span class='ocr_line' id='line_1_3' title="bbox 200 499 1513 612; baseline -0.006 -46"><span class='ocrx_word' id='word_1_13' title='bbox 200 523 306 588; x_wconf 86' lang='lat' dir='ltr'><strong>capere</strong></span> <span class='ocrx_word' id='word_1_14' title='bbox 324 513 450 588; x_wconf 85' lang='lat' dir='ltr'><strong>poterat.</strong></span> <span class='ocrx_word' id='word_1_15' title='bbox 496 500 537 567; x_wconf 88' lang='lat' dir='ltr'><strong>Ut</strong></span> <span class='ocrx_word' id='word_1_16' title='bbox 551 524 615 566; x_wconf 91' lang='lat' dir='ltr'><strong>eum</strong></span> <span class='ocrx_word' id='word_1_17' title='bbox 631 523 685 587; x_wconf 90' lang='lat' dir='ltr'><strong>per</strong></span> <span class='ocrx_word' id='word_1_18' title='bbox 702 499 808 566; x_wconf 84' lang='lat' dir='ltr'><strong>isaiam</strong></span> <span class='ocrx_word' id='word_1_19' title='bbox 821 501 862 564; x_wconf 92' lang='lat' dir='ltr'><strong>ita</strong></span> <span class='ocrx_word' id='word_1_20' title='bbox 876 499 1020 584; x_wconf 84' lang='lat' dir='ltr'><strong>loquitur:</strong></span> <span class='ocrx_word' id='word_1_21' title='bbox 1049 504 1124 562; x_wconf 80' lang='lat' dir='ltr'><strong>Ecce</strong></span> <span class='ocrx_word' id='word_1_22' title='bbox 1140 502 1277 579; x_wconf 69' lang='lat' dir='ltr'><strong>intelligit</strong></span> <span class='ocrx_word' id='word_1_23' title='bbox 1286 501 1513 612; x_wconf 35' lang='lat' dir='ltr'><strong>praeoptat&amp;</strong></span> 
     </span>
     <span class='ocr_line' id='line_1_4' title="bbox 199 598 1364 689; baseline -0.004 -22"><span class='ocrx_word' id='word_1_24' title='bbox 199 627 276 668; x_wconf 76' lang='lat' dir='ltr'><strong>meus</strong></span> <span class='ocrx_word' id='word_1_25' title='bbox 297 610 426 668; x_wconf 77' lang='lat' dir='ltr'><strong>dilectus.</strong></span> <span class='ocrx_word' id='word_1_26' title='bbox 474 603 560 688; x_wconf 82' lang='lat' dir='ltr'><strong>Quae</strong></span> <span class='ocrx_word' id='word_1_27' title='bbox 588 604 678 689; x_wconf 89' lang='lat' dir='ltr'><strong>patris</strong></span> <span class='ocrx_word' id='word_1_28' title='bbox 702 604 794 689; x_wconf 86' lang='lat' dir='ltr'><strong>ipsius</strong></span> <span class='ocrx_word' id='word_1_29' title='bbox 814 603 906 666; x_wconf 86' lang='lat' dir='ltr'><strong>verba</strong></span> <span class='ocrx_word' id='word_1_30' title='bbox 932 613 1012 666; x_wconf 90' lang='lat' dir='ltr'><strong>sunt.</strong></span> <span class='ocrx_word' id='word_1_31' title='bbox 1059 598 1111 665; x_wconf 91' lang='lat' dir='ltr'><strong>Sic</strong></span> <span class='ocrx_word' id='word_1_32' title='bbox 1138 599 1262 679; x_wconf 81' lang='lat' dir='ltr'><strong>Daniel,</strong></span> <span class='ocrx_word' id='word_1_33' title='bbox 1297 603 1364 662; x_wconf 76' lang='lat' dir='ltr'><strong>Vim</strong></span> 
     </span>
     <span class='ocr_line' id='line_1_5' title="bbox 199 702 1359 792; baseline -0.004 -21"><span class='ocrx_word' id='word_1_34' title='bbox 199 714 345 790; x_wconf 75' lang='lat' dir='ltr'><strong>conquam</strong></span> <span class='ocrx_word' id='word_1_35' title='bbox 361 713 488 783; x_wconf 64' lang='lat' dir='ltr'><strong>dierum</strong></span> <span class='ocrx_word' id='word_1_36' title='bbox 513 708 588 791; x_wconf 88' lang='lat' dir='ltr'><strong>quud</strong></span> <span class='ocrx_word' id='word_1_37' title='bbox 604 707 699 771; x_wconf 88' lang='lat' dir='ltr'><strong>visum</strong></span> <span class='ocrx_word' id='word_1_38' title='bbox 717 704 808 792; x_wconf 88' lang='lat' dir='ltr'><strong>patris</strong></span> <span class='ocrx_word' id='word_1_39' title='bbox 824 705 970 791; x_wconf 90' lang='lat' dir='ltr'><strong>proprium</strong></span> <span class='ocrx_word' id='word_1_40' title='bbox 989 704 1053 767; x_wconf 81' lang='lat' dir='ltr'><strong>tuit.</strong></span> <span class='ocrx_word' id='word_1_41' title='bbox 1100 702 1269 787; x_wconf 78' lang='lat' dir='ltr'><strong>Quinetiam</strong></span> <span class='ocrx_word' id='word_1_42' title='bbox 1285 705 1359 788; x_wconf 92' lang='lat' dir='ltr'><strong>apud</strong></span> 
     </span>
     <span class='ocr_line' id='line_1_6' title="bbox 199 809 1511 896; baseline -0.005 -20"><span class='ocrx_word' id='word_1_43' title='bbox 199 811 287 876; x_wconf 83' lang='lat' dir='ltr'><strong>aliurn</strong></span> <span class='ocrx_word' id='word_1_44' title='bbox 306 811 490 896; x_wconf 85' lang='lat' dir='ltr'><strong>prophetam,</strong></span> <span class='ocrx_word' id='word_1_45' title='bbox 514 813 597 889; x_wconf 81' lang='lat' dir='ltr'><strong>Ego,</strong></span> <span class='ocrx_word' id='word_1_46' title='bbox 621 809 733 893; x_wconf 90' lang='lat' dir='ltr'><strong>inquit,</strong></span> <span class='ocrx_word' id='word_1_47' title='bbox 765 813 884 870; x_wconf 71' lang='lat' dir='ltr'><strong>omrhnes</strong></span> <span class='ocrx_word' id='word_1_48' title='bbox 902 812 1103 889; x_wconf 74' lang='lat' dir='ltr'><strong>multapd&#39;cooi,</strong></span> <span class='ocrx_word' id='word_1_49' title='bbox 1136 819 1166 868; x_wconf 86' lang='lat' dir='ltr'><strong>et</strong></span> <span class='ocrx_word' id='word_1_50' title='bbox 1180 812 1209 868; x_wconf 79' lang='lat' dir='ltr'><strong>io</strong></span> <span class='ocrx_word' id='word_1_51' title='bbox 1228 809 1355 869; x_wconf 82' lang='lat' dir='ltr'><strong>manibus</strong></span> <span class='ocrx_word' id='word_1_52' title='bbox 1365 815 1418 860; x_wconf 78' lang='lat'>⁰⁸⁸·</span> <span class='ocrx_word' id='word_1_53' title='bbox 1432 813 1466 870; x_wconf 68' lang='lat'><strong>¹²»</strong></span> <span class='ocrx_word' id='word_1_54' title='bbox 1479 813 1511 857; x_wconf 64' lang='lat'><strong>¹2</strong></span> 
     </span>
     <span class='ocr_line' id='line_1_7' title="bbox 196 907 1359 996; baseline -0.003 -21"><span class='ocrx_word' id='word_1_55' title='bbox 196 918 397 996; x_wconf 74' lang='lat' dir='ltr'><strong>prophetorum</strong></span> <span class='ocrx_word' id='word_1_56' title='bbox 410 915 669 973; x_wconf 80' lang='lat' dir='ltr'><strong>cestim&#39;lotusscm.</strong></span> <span class='ocrx_word' id='word_1_57' title='bbox 703 909 748 974; x_wconf 81' lang='lat' dir='ltr'><strong>Ea</strong></span> <span class='ocrx_word' id='word_1_58' title='bbox 763 932 824 973; x_wconf 85' lang='lat' dir='ltr'><strong>vox</strong></span> <span class='ocrx_word' id='word_1_59' title='bbox 840 921 886 974; x_wconf 91' lang='lat' dir='ltr'><strong>est</strong></span> <span class='ocrx_word' id='word_1_60' title='bbox 902 910 952 974; x_wconf 85' lang='lat' dir='ltr'><strong>titii</strong></span> <span class='ocrx_word' id='word_1_61' title='bbox 969 912 1098 995; x_wconf 89' lang='lat' dir='ltr'><strong>propria.</strong></span> <span class='ocrx_word' id='word_1_62' title='bbox 1128 910 1215 995; x_wconf 84' lang='lat' dir='ltr'>Apud</span> <span class='ocrx_word' id='word_1_63' title='bbox 1233 907 1359 973; x_wconf 86' lang='lat' dir='ltr'><strong>Ezechi-</strong></span> 
     </span>
     <span class='ocr_line' id='line_1_8' title="bbox 200 1012 1511 1116; baseline -0.002 -38"><span class='ocrx_word' id='word_1_64' title='bbox 200 1017 275 1078; x_wconf 89' lang='lat' dir='ltr'><strong>elem</strong></span> <span class='ocrx_word' id='word_1_65' title='bbox 304 1035 394 1091; x_wconf 91' lang='lat' dir='ltr'><strong>vero,</strong></span> <span class='ocrx_word' id='word_1_66' title='bbox 427 1018 467 1075; x_wconf 79' lang='lat' dir='ltr'><strong>Et</strong></span> <span class='ocrx_word' id='word_1_67' title='bbox 487 1019 638 1094; x_wconf 80' lang='lat' dir='ltr'><strong>assumpsit</strong></span> <span class='ocrx_word' id='word_1_68' title='bbox 661 1037 718 1088; x_wconf 83' lang='lat' dir='ltr'><strong>me,</strong></span> <span class='ocrx_word' id='word_1_69' title='bbox 751 1012 860 1096; x_wconf 90' lang='lat' dir='ltr'><strong>inquit,</strong></span> <span class='ocrx_word' id='word_1_70' title='bbox 893 1018 1012 1093; x_wconf 63' lang='lat' dir='ltr'><strong>prmius</strong></span> <span class='ocrx_word' id='word_1_71' title='bbox 1036 1018 1096 1087; x_wconf 78' lang='lat' dir='ltr'><strong>dei,</strong></span> <span class='ocrx_word' id='word_1_72' title='bbox 1128 1024 1157 1074; x_wconf 86' lang='lat' dir='ltr'><strong>et</strong></span> <span class='ocrx_word' id='word_1_73' title='bbox 1174 1017 1257 1073; x_wconf 79' lang='lat' dir='ltr'><strong>eiecit</strong></span> <span class='ocrx_word' id='word_1_74' title='bbox 1271 1033 1313 1073; x_wconf 85' lang='lat' dir='ltr'><strong>me</strong></span> <span class='ocrx_word' id='word_1_75' title='bbox 1329 1016 1511 1116; x_wconf 60' lang='lat' dir='ltr'><strong>{quth</strong></span> 
     </span>
     <span class='ocr_line' id='line_1_9' title="bbox 199 1099 1474 1200; baseline 0 -22"><span class='ocrx_word' id='word_1_76' title='bbox 199 1138 344 1197; x_wconf 68' lang='lat' dir='ltr'><strong>compium,</strong></span> <span class='ocrx_word' id='word_1_77' title='bbox 369 1116 443 1200; x_wconf 92' lang='lat' dir='ltr'><strong>quod</strong></span> <span class='ocrx_word' id='word_1_78' title='bbox 460 1117 495 1179; x_wconf 86' lang='lat' dir='ltr'><strong>ed</strong></span> <span class='ocrx_word' id='word_1_79' title='bbox 513 1115 646 1199; x_wconf 86' lang='lat' dir='ltr'><strong>spiritum</strong></span> <span class='ocrx_word' id='word_1_80' title='bbox 662 1125 794 1179; x_wconf 91' lang='lat' dir='ltr'><strong>sanctum</strong></span> <span class='ocrx_word' id='word_1_81' title='bbox 808 1115 946 1198; x_wconf 80' lang='lat' dir='ltr'><strong>pertinet.</strong></span> <span class='ocrx_word' id='word_1_82' title='bbox 993 1113 1145 1178; x_wconf 81' lang='lat' dir='ltr'><strong>Eiusmodi</strong></span> <span class='ocrx_word' id='word_1_83' title='bbox 1160 1114 1214 1178; x_wconf 89' lang='lat' dir='ltr'><strong>alia</strong></span> <span class='ocrx_word' id='word_1_84' title='bbox 1233 1115 1359 1199; x_wconf 78' lang='lat' dir='ltr'><strong>proferri</strong></span> <span class='ocrx_word' id='word_1_85' title='bbox 1468 1099 1474 1113; x_wconf 59' lang='lat'>⁸</span> 
     </span>
     <span class='ocr_line' id='line_1_10' title="bbox 199 1216 1357 1304; baseline -0.002 -23"><span class='ocrx_word' id='word_1_86' title='bbox 199 1239 285 1303; x_wconf 85' lang='lat' dir='ltr'><strong>quam</strong></span> <span class='ocrx_word' id='word_1_87' title='bbox 302 1218 424 1304; x_wconf 84' lang='lat' dir='ltr'><strong>piurima</strong></span> <span class='ocrx_word' id='word_1_88' title='bbox 443 1229 583 1303; x_wconf 74' lang='lat' dir='ltr'><strong>possunt,</strong></span> <span class='ocrx_word' id='word_1_89' title='bbox 607 1239 623 1280; x_wconf 91' lang='lat' dir='ltr'><strong>e</strong></span> <span class='ocrx_word' id='word_1_90' title='bbox 641 1216 744 1302; x_wconf 89' lang='lat' dir='ltr'><strong>quibus</strong></span> <span class='ocrx_word' id='word_1_91' title='bbox 762 1237 854 1300; x_wconf 90' lang='lat' dir='ltr'><strong>pauca</strong></span> <span class='ocrx_word' id='word_1_92' title='bbox 871 1216 1013 1300; x_wconf 83' lang='lat' dir='ltr'>quaedam</span> <span class='ocrx_word' id='word_1_93' title='bbox 1029 1216 1125 1279; x_wconf 92' lang='lat' dir='ltr'><strong>obiter</strong></span> <span class='ocrx_word' id='word_1_94' title='bbox 1141 1217 1357 1301; x_wconf 77' lang='lat' dir='ltr'><strong>proposuimus.</strong></span> 
     </span>
     <span class='ocr_line' id='line_1_11' title="bbox 200 1318 1357 1405; baseline -0.002 -22"><span class='ocrx_word' id='word_1_95' title='bbox 200 1320 298 1405; x_wconf 82' lang='lat' dir='ltr'><strong>Atque</strong></span> <span class='ocrx_word' id='word_1_96' title='bbox 324 1333 356 1384; x_wconf 90' lang='lat' dir='ltr'><strong>ut</strong></span> <span class='ocrx_word' id='word_1_97' title='bbox 382 1320 526 1405; x_wconf 88' lang='lat' dir='ltr'><strong>propriam</strong></span> <span class='ocrx_word' id='word_1_98' title='bbox 553 1320 697 1385; x_wconf 82' lang='lat' dir='ltr'><strong>ecclesiae</strong></span> <span class='ocrx_word' id='word_1_99' title='bbox 725 1321 847 1383; x_wconf 83' lang='lat' dir='ltr'><strong>formam</strong></span> <span class='ocrx_word' id='word_1_100' title='bbox 868 1341 903 1382; x_wconf 93' lang='lat' dir='ltr'><strong>ac</strong></span> <span class='ocrx_word' id='word_1_101' title='bbox 923 1329 1008 1382; x_wconf 88' lang='lat' dir='ltr'><strong>notas</strong></span> <span class='ocrx_word' id='word_1_102' title='bbox 1025 1321 1269 1398; x_wconf 81' lang='lat' dir='ltr'><strong>ostenderemus,</strong></span> <span class='ocrx_word' id='word_1_103' title='bbox 1300 1318 1357 1381; x_wconf 87' lang='lat' dir='ltr'><strong>duo</strong></span> 
     </span>
     <span class='ocr_line' id='line_1_12' title="bbox 200 1419 1358 1506; baseline -0.004 -20"><span class='ocrx_word' id='word_1_104' title='bbox 200 1422 295 1486; x_wconf 85' lang='lat' dir='ltr'><strong>triave</strong></span> <span class='ocrx_word' id='word_1_105' title='bbox 321 1422 410 1486; x_wconf 88' lang='lat' dir='ltr'><strong>verba</strong></span> <span class='ocrx_word' id='word_1_106' title='bbox 435 1423 464 1485; x_wconf 90' lang='lat' dir='ltr'><strong>in</strong></span> <span class='ocrx_word' id='word_1_107' title='bbox 482 1422 608 1485; x_wconf 87' lang='lat' dir='ltr'><strong>medium</strong></span> <span class='ocrx_word' id='word_1_108' title='bbox 626 1421 777 1485; x_wconf 75' lang='lat' dir='ltr'><strong>attulimus</strong></span> <span class='ocrx_word' id='word_1_109' title='bbox 800 1441 840 1484; x_wconf 87' lang='lat' dir='ltr'><strong>ex</strong></span> <span class='ocrx_word' id='word_1_110' title='bbox 856 1421 976 1484; x_wconf 88' lang='lat' dir='ltr'><strong>iohnitis</strong></span> <span class='ocrx_word' id='word_1_111' title='bbox 1001 1422 1074 1485; x_wconf 86' lang='lat' dir='ltr'><strong>locis</strong></span> <span class='ocrx_word' id='word_1_112' title='bbox 1093 1442 1169 1506; x_wconf 92' lang='lat' dir='ltr'><strong>quae</strong></span> <span class='ocrx_word' id='word_1_113' title='bbox 1185 1420 1300 1483; x_wconf 83' lang='lat' dir='ltr'><strong>iliorum</strong></span> <span class='ocrx_word' id='word_1_114' title='bbox 1318 1419 1358 1482; x_wconf 93' lang='lat' dir='ltr'><strong>si-</strong></span> 
     </span>
     <span class='ocr_line' id='line_1_13' title="bbox 199 1519 1356 1608; baseline -0.002 -20"><span class='ocrx_word' id='word_1_115' title='bbox 199 1524 278 1588; x_wconf 83' lang='lat' dir='ltr'><strong>milia</strong></span> <span class='ocrx_word' id='word_1_116' title='bbox 304 1524 333 1587; x_wconf 93' lang='lat' dir='ltr'><strong>in</strong></span> <span class='ocrx_word' id='word_1_117' title='bbox 358 1524 511 1608; x_wconf 89' lang='lat' dir='ltr'><strong>scripturis</strong></span> <span class='ocrx_word' id='word_1_118' title='bbox 535 1545 570 1587; x_wconf 84' lang='lat' dir='ltr'><strong>ae</strong></span> <span class='ocrx_word' id='word_1_119' title='bbox 588 1534 646 1586; x_wconf 90' lang='lat' dir='ltr'><strong>tam</strong></span> <span class='ocrx_word' id='word_1_120' title='bbox 672 1534 774 1586; x_wconf 88' lang='lat' dir='ltr'><strong>vetere</strong></span> <span class='ocrx_word' id='word_1_121' title='bbox 796 1545 880 1607; x_wconf 89' lang='lat' dir='ltr'><strong>quam</strong></span> <span class='ocrx_word' id='word_1_122' title='bbox 907 1546 985 1587; x_wconf 88' lang='lat' dir='ltr'><strong>novo</strong></span> <span class='ocrx_word' id='word_1_123' title='bbox 1004 1534 1182 1588; x_wconf 88' lang='lat' dir='ltr'><strong>testamento</strong></span> <span class='ocrx_word' id='word_1_124' title='bbox 1207 1519 1356 1606; x_wconf 82' lang='lat' dir='ltr'><strong>teguntur.</strong></span> 
     </span>
     <span class='ocr_line' id='line_1_14' title="bbox 200 1625 1358 1712; baseline -0.003 -21"><span class='ocrx_word' id='word_1_125' title='bbox 200 1625 272 1692; x_wconf 86' lang='lat' dir='ltr'><strong>ldud</strong></span> <span class='ocrx_word' id='word_1_126' title='bbox 289 1648 361 1689; x_wconf 85' lang='lat' dir='ltr'><strong>vero</strong></span> <span class='ocrx_word' id='word_1_127' title='bbox 378 1627 499 1712; x_wconf 87' lang='lat' dir='ltr'><strong>iusuper</strong></span> <span class='ocrx_word' id='word_1_128' title='bbox 515 1626 639 1689; x_wconf 80' lang='lat' dir='ltr'><strong>ecclesia</strong></span> <span class='ocrx_word' id='word_1_129' title='bbox 654 1626 818 1711; x_wconf 81' lang='lat' dir='ltr'><strong>profitetur,</strong></span> <span class='ocrx_word' id='word_1_130' title='bbox 842 1626 989 1690; x_wconf 91' lang='lat' dir='ltr'><strong>domiuum</strong></span> <span class='ocrx_word' id='word_1_131' title='bbox 1006 1627 1098 1711; x_wconf 90' lang='lat' dir='ltr'><strong>ipsum</strong></span> <span class='ocrx_word' id='word_1_132' title='bbox 1116 1646 1223 1712; x_wconf 89' lang='lat' dir='ltr'><strong>corpus</strong></span> <span class='ocrx_word' id='word_1_133' title='bbox 1242 1625 1358 1688; x_wconf 73' lang='lat' dir='ltr'><strong>Adamo</strong></span> 
     </span>
     <span class='ocr_line' id='line_1_15' title="bbox 200 1727 1484 1813; baseline -0.005 -20"><span class='ocrx_word' id='word_1_134' title='bbox 200 1729 379 1808; x_wconf 82' lang='lat' dir='ltr'><strong>fabricasse,</strong></span> <span class='ocrx_word' id='word_1_135' title='bbox 412 1741 442 1792; x_wconf 88' lang='lat' dir='ltr'><strong>et</strong></span> <span class='ocrx_word' id='word_1_136' title='bbox 464 1734 618 1810; x_wconf 65' lang='lat' dir='ltr'><strong>superasse</strong></span> <span class='ocrx_word' id='word_1_137' title='bbox 638 1732 686 1790; x_wconf 74' lang='lat' dir='ltr'><strong>illa·</strong></span> <span class='ocrx_word' id='word_1_138' title='bbox 702 1732 834 1808; x_wconf 68' lang='lat' dir='ltr'><strong>spiratum</strong></span> <span class='ocrx_word' id='word_1_139' title='bbox 856 1734 944 1802; x_wconf 80' lang='lat' dir='ltr'><strong>uitae,</strong></span> <span class='ocrx_word' id='word_1_140' title='bbox 979 1750 1044 1791; x_wconf 87' lang='lat' dir='ltr'><strong>aum</strong></span> <span class='ocrx_word' id='word_1_141' title='bbox 1068 1730 1216 1794; x_wconf 82' lang='lat' dir='ltr'><strong>viventem</strong></span> <span class='ocrx_word' id='word_1_142' title='bbox 1239 1727 1266 1791; x_wconf 93' lang='lat' dir='ltr'><strong>ei</strong></span> <span class='ocrx_word' id='word_1_143' title='bbox 1286 1749 1354 1813; x_wconf 91' lang='lat' dir='ltr'><strong>pro·</strong></span> <span class='ocrx_word' id='word_1_144' title='bbox 1392 1738 1484 1785; x_wconf 70' lang='lat' dir='ltr'><strong>daea</strong></span> 
     </span>
     <span class='ocr_line' id='line_1_16' title="bbox 200 1827 1355 1916; baseline -0.004 -19"><span class='ocrx_word' id='word_1_145' title='bbox 200 1843 315 1897; x_wconf 88' lang='lat' dir='ltr'><strong>crearet</strong></span> <span class='ocrx_word' id='word_1_146' title='bbox 335 1833 474 1896; x_wconf 85' lang='lat' dir='ltr'><strong>animam.</strong></span> <span class='ocrx_word' id='word_1_147' title='bbox 521 1829 599 1893; x_wconf 83' lang='lat' dir='ltr'><strong>Tum</strong></span> <span class='ocrx_word' id='word_1_148' title='bbox 616 1827 717 1916; x_wconf 83' lang='lat' dir='ltr'><strong>Moysi</strong></span> <span class='ocrx_word' id='word_1_149' title='bbox 734 1827 829 1913; x_wconf 84' lang='lat' dir='ltr'><strong>legem</strong></span> <span class='ocrx_word' id='word_1_150' title='bbox 848 1830 1003 1894; x_wconf 77' lang='lat' dir='ltr'><strong>tradidisse</strong></span> <span class='ocrx_word' id='word_1_151' title='bbox 1020 1833 1105 1895; x_wconf 93' lang='lat' dir='ltr'><strong>deum</strong></span> <span class='ocrx_word' id='word_1_152' title='bbox 1120 1833 1212 1916; x_wconf 92' lang='lat' dir='ltr'><strong>ipsum</strong></span> <span class='ocrx_word' id='word_1_153' title='bbox 1230 1841 1355 1915; x_wconf 87' lang='lat' dir='ltr'><strong>patrem,</strong></span> 
     </span>
     <span class='ocr_line' id='line_1_17' title="bbox 199 1932 1357 2019; baseline -0.004 -20"><span class='ocrx_word' id='word_1_154' title='bbox 199 1936 288 1999; x_wconf 87' lang='lat' dir='ltr'><strong>fitium</strong></span> <span class='ocrx_word' id='word_1_155' title='bbox 306 1946 336 1997; x_wconf 88' lang='lat' dir='ltr'><strong>et</strong></span> <span class='ocrx_word' id='word_1_156' title='bbox 348 1935 481 2019; x_wconf 91' lang='lat' dir='ltr'><strong>spiritum</strong></span> <span class='ocrx_word' id='word_1_157' title='bbox 498 1944 643 2011; x_wconf 89' lang='lat' dir='ltr'><strong>sanctum,</strong></span> <span class='ocrx_word' id='word_1_158' title='bbox 668 1942 803 2016; x_wconf 87' lang='lat' dir='ltr'><strong>quaeest</strong></span> <span class='ocrx_word' id='word_1_159' title='bbox 818 1954 874 1994; x_wconf 90' lang='lat' dir='ltr'><strong>uua</strong></span> <span class='ocrx_word' id='word_1_160' title='bbox 889 1932 1039 1996; x_wconf 86' lang='lat' dir='ltr'><strong>diviuitas.</strong></span> <span class='ocrx_word' id='word_1_161' title='bbox 1070 1933 1185 1997; x_wconf 83' lang='lat' dir='ltr'><strong>Deinde</strong></span> <span class='ocrx_word' id='word_1_162' title='bbox 1201 1932 1237 1997; x_wconf 91' lang='lat' dir='ltr'><strong>ab</strong></span> <span class='ocrx_word' id='word_1_163' title='bbox 1255 1934 1357 1996; x_wconf 90' lang='lat' dir='ltr'><strong>eadem</strong></span> 
     </span>
     <span class='ocr_line' id='line_1_18' title="bbox 199 2032 1358 2121; baseline -0.004 -20"><span class='ocrx_word' id='word_1_164' title='bbox 199 2036 352 2101; x_wconf 86' lang='lat' dir='ltr'><strong>divinitate</strong></span> <span class='ocrx_word' id='word_1_165' title='bbox 377 2035 533 2121; x_wconf 89' lang='lat' dir='ltr'><strong>prophetas</strong></span> <span class='ocrx_word' id='word_1_166' title='bbox 557 2055 624 2098; x_wconf 87' lang='lat' dir='ltr'><strong>esse</strong></span> <span class='ocrx_word' id='word_1_167' title='bbox 643 2036 760 2099; x_wconf 88' lang='lat' dir='ltr'><strong>missos.</strong></span> <span class='ocrx_word' id='word_1_168' title='bbox 808 2036 855 2098; x_wconf 77' lang='lat' dir='ltr'><strong>Ad</strong></span> <span class='ocrx_word' id='word_1_169' title='bbox 872 2034 943 2099; x_wconf 89' lang='lat' dir='ltr'><strong>baec</strong></span> <span class='ocrx_word' id='word_1_170' title='bbox 961 2046 1092 2099; x_wconf 87' lang='lat' dir='ltr'><strong>nostrum</strong></span> <span class='ocrx_word' id='word_1_171' title='bbox 1110 2037 1190 2098; x_wconf 84' lang='lat' dir='ltr'><strong>illum</strong></span> <span class='ocrx_word' id='word_1_172' title='bbox 1209 2037 1293 2099; x_wconf 90' lang='lat' dir='ltr'><strong>deum</strong></span> <span class='ocrx_word' id='word_1_173' title='bbox 1310 2032 1358 2097; x_wconf 85' lang='lat' dir='ltr'><strong>bu·</strong></span> 
     </span>
     <span class='ocr_line' id='line_1_19' title="bbox 199 2134 1356 2222; baseline -0.004 -19"><span class='ocrx_word' id='word_1_174' title='bbox 199 2140 339 2204; x_wconf 81' lang='lat' dir='ltr'><strong>dacorum</strong></span> <span class='ocrx_word' id='word_1_175' title='bbox 355 2158 390 2200; x_wconf 92' lang='lat' dir='ltr'><strong>ac</strong></span> <span class='ocrx_word' id='word_1_176' title='bbox 405 2134 640 2201; x_wconf 89' lang='lat' dir='ltr'><strong>Christianorum</strong></span> <span class='ocrx_word' id='word_1_177' title='bbox 656 2158 724 2201; x_wconf 90' lang='lat' dir='ltr'><strong>esse</strong></span> <span class='ocrx_word' id='word_1_178' title='bbox 739 2159 934 2215; x_wconf 90' lang='lat' dir='ltr'><strong>communem,</strong></span> <span class='ocrx_word' id='word_1_179' title='bbox 959 2137 1007 2222; x_wconf 92' lang='lat' dir='ltr'><strong>qui</strong></span> <span class='ocrx_word' id='word_1_180' title='bbox 1024 2135 1149 2201; x_wconf 84' lang='lat' dir='ltr'><strong>iudaeos</strong></span> <span class='ocrx_word' id='word_1_181' title='bbox 1165 2139 1201 2200; x_wconf 88' lang='lat' dir='ltr'><strong>ad</strong></span> <span class='ocrx_word' id='word_1_182' title='bbox 1214 2136 1356 2201; x_wconf 90' lang='lat' dir='ltr'><strong>iustitiam</strong></span> 
     </span>
     <span class='ocr_line' id='line_1_20' title="bbox 198 2235 1356 2325; baseline -0.003 -21"><span class='ocrx_word' id='word_1_183' title='bbox 198 2263 251 2306; x_wconf 88' lang='lat' dir='ltr'><strong>eos</strong></span> <span class='ocrx_word' id='word_1_184' title='bbox 280 2241 414 2319; x_wconf 82' lang='lat' dir='ltr'><strong>vocarit,</strong></span> <span class='ocrx_word' id='word_1_185' title='bbox 448 2240 497 2324; x_wconf 94' lang='lat' dir='ltr'><strong>qui</strong></span> <span class='ocrx_word' id='word_1_186' title='bbox 520 2239 752 2303; x_wconf 82' lang='lat' dir='ltr'><strong>incarnationem</strong></span> <span class='ocrx_word' id='word_1_187' title='bbox 776 2240 868 2325; x_wconf 90' lang='lat' dir='ltr'><strong>ipsam</strong></span> <span class='ocrx_word' id='word_1_188' title='bbox 896 2241 1004 2303; x_wconf 90' lang='lat' dir='ltr'><strong>domiui</strong></span> <span class='ocrx_word' id='word_1_189' title='bbox 1032 2241 1125 2304; x_wconf 87' lang='lat' dir='ltr'><strong>nostri</strong></span> <span class='ocrx_word' id='word_1_190' title='bbox 1153 2237 1220 2303; x_wconf 84' lang='lat' dir='ltr'><strong>iesu</strong></span> <span class='ocrx_word' id='word_1_191' title='bbox 1244 2235 1356 2304; x_wconf 86' lang='lat' dir='ltr'><strong>Christi</strong></span> 
     </span>
     <span class='ocr_line' id='line_1_21' title="bbox 197 2341 1356 2428; baseline -0.004 -20"><span class='ocrx_word' id='word_1_192' title='bbox 197 2365 378 2428; x_wconf 87' lang='lat' dir='ltr'><strong>nequaquam</strong></span> <span class='ocrx_word' id='word_1_193' title='bbox 405 2343 604 2425; x_wconf 82' lang='lat' dir='ltr'><strong>abnegarent,</strong></span> <span class='ocrx_word' id='word_1_194' title='bbox 636 2341 743 2426; x_wconf 90' lang='lat' dir='ltr'><strong>quique</strong></span> <span class='ocrx_word' id='word_1_195' title='bbox 765 2342 831 2406; x_wconf 88' lang='lat' dir='ltr'><strong>illos</strong></span> <span class='ocrx_word' id='word_1_196' title='bbox 857 2364 960 2406; x_wconf 88' lang='lat' dir='ltr'><strong>ornnes</strong></span> <span class='ocrx_word' id='word_1_197' title='bbox 983 2354 1101 2420; x_wconf 91' lang='lat' dir='ltr'><strong>servat,</strong></span> <span class='ocrx_word' id='word_1_198' title='bbox 1136 2343 1244 2427; x_wconf 85' lang='lat' dir='ltr'><strong>quiex</strong></span> <span class='ocrx_word' id='word_1_199' title='bbox 1267 2362 1356 2404; x_wconf 93' lang='lat' dir='ltr'><strong>verae</strong></span> 
     </span>
     <span class='ocr_line' id='line_1_22' title="bbox 196 2443 1356 2530; baseline -0.003 -20"><span class='ocrx_word' id='word_1_200' title='bbox 196 2447 289 2530; x_wconf 85' lang='lat' dir='ltr'><strong>ipsius</strong></span> <span class='ocrx_word' id='word_1_201' title='bbox 304 2445 369 2508; x_wconf 85' lang='lat' dir='ltr'><strong>bdei</strong></span> <span class='ocrx_word' id='word_1_202' title='bbox 387 2445 567 2530; x_wconf 89' lang='lat' dir='ltr'><strong>praescripto</strong></span> <span class='ocrx_word' id='word_1_203' title='bbox 584 2443 673 2507; x_wconf 91' lang='lat' dir='ltr'><strong>vitam</strong></span> <span class='ocrx_word' id='word_1_204' title='bbox 688 2445 854 2523; x_wconf 87' lang='lat' dir='ltr'><strong>instituunt,</strong></span> <span class='ocrx_word' id='word_1_205' title='bbox 879 2467 973 2530; x_wconf 90' lang='lat' dir='ltr'><strong>neque</strong></span> <span class='ocrx_word' id='word_1_206' title='bbox 989 2447 1105 2509; x_wconf 86' lang='lat' dir='ltr'><strong>sincere</strong></span> <span class='ocrx_word' id='word_1_207' title='bbox 1121 2456 1150 2509; x_wconf 90' lang='lat' dir='ltr'><strong>et</strong></span> <span class='ocrx_word' id='word_1_208' title='bbox 1165 2444 1356 2528; x_wconf 84' lang='lat' dir='ltr'><strong>evangelicae</strong></span> 
     </span>
     <span class='ocr_line' id='line_1_23' title="bbox 196 2545 1353 2634; baseline -0.004 -22"><span class='ocrx_word' id='word_1_209' title='bbox 196 2549 274 2612; x_wconf 86' lang='lat' dir='ltr'><strong>illius</strong></span> <span class='ocrx_word' id='word_1_210' title='bbox 292 2548 443 2611; x_wconf 88' lang='lat' dir='ltr'><strong>doctrinae</strong></span> <span class='ocrx_word' id='word_1_211' title='bbox 468 2547 666 2630; x_wconf 91' lang='lat' dir='ltr'><strong>praedicatum</strong></span> <span class='ocrx_word' id='word_1_212' title='bbox 692 2545 798 2632; x_wconf 90' lang='lat' dir='ltr'><strong>ubique</strong></span> <span class='ocrx_word' id='word_1_213' title='bbox 822 2549 926 2631; x_wconf 86' lang='lat' dir='ltr'><strong>dogma</strong></span> <span class='ocrx_word' id='word_1_214' title='bbox 950 2560 1103 2634; x_wconf 92' lang='lat' dir='ltr'><strong>respuunt.</strong></span> <span class='ocrx_word' id='word_1_215' title='bbox 1150 2545 1241 2610; x_wconf 85' lang='lat' dir='ltr'><strong>Venit</strong></span> <span class='ocrx_word' id='word_1_216' title='bbox 1263 2545 1353 2624; x_wconf 89' lang='lat' dir='ltr'><strong>euim,</strong></span> 
     </span>
     <span class='ocr_line' id='line_1_24' title="bbox 198 2646 1355 2736; baseline -0.004 -22"><span class='ocrx_word' id='word_1_217' title='bbox 198 2650 278 2714; x_wconf 84' lang='lat' dir='ltr'><strong>veuit</strong></span> <span class='ocrx_word' id='word_1_218' title='bbox 295 2649 483 2733; x_wconf 85' lang='lat' dir='ltr'><strong>unigenitus,</strong></span> <span class='ocrx_word' id='word_1_219' title='bbox 516 2649 615 2733; x_wconf 90' lang='lat' dir='ltr'><strong>itaque</strong></span> <span class='ocrx_word' id='word_1_220' title='bbox 640 2659 735 2712; x_wconf 90' lang='lat' dir='ltr'><strong>mater</strong></span> <span class='ocrx_word' id='word_1_221' title='bbox 759 2649 885 2713; x_wconf 82' lang='lat' dir='ltr'><strong>ecclesia</strong></span> <span class='ocrx_word' id='word_1_222' title='bbox 902 2652 1066 2736; x_wconf 82' lang='lat' dir='ltr'><strong>profitetur.</strong></span> <span class='ocrx_word' id='word_1_223' title='bbox 1112 2649 1197 2734; x_wconf 83' lang='lat' dir='ltr'><strong>Quae</strong></span> <span class='ocrx_word' id='word_1_224' title='bbox 1214 2646 1355 2732; x_wconf 91' lang='lat' dir='ltr'><strong>tranquil-</strong></span> 
     </span>
     <span class='ocr_line' id='line_1_25' title="bbox 198 2749 1507 2836; baseline 0 -22"><span class='ocrx_word' id='word_1_225' title='bbox 198 2750 243 2815; x_wconf 82' lang='lat' dir='ltr'><strong>lus</strong></span> <span class='ocrx_word' id='word_1_226' title='bbox 266 2753 344 2836; x_wconf 82' lang='lat' dir='ltr'><strong>pacis</strong></span> <span class='ocrx_word' id='word_1_227' title='bbox 367 2761 468 2835; x_wconf 89' lang='lat' dir='ltr'><strong>portus</strong></span> <span class='ocrx_word' id='word_1_228' title='bbox 487 2762 548 2829; x_wconf 84' lang='lat' dir='ltr'><strong>est,</strong></span> <span class='ocrx_word' id='word_1_229' title='bbox 585 2761 614 2814; x_wconf 88' lang='lat' dir='ltr'><strong>et</strong></span> <span class='ocrx_word' id='word_1_230' title='bbox 629 2749 761 2815; x_wconf 82' lang='lat' dir='ltr'><strong>suavitas</strong></span> <span class='ocrx_word' id='word_1_231' title='bbox 777 2753 918 2836; x_wconf 82' lang='lat' dir='ltr'><strong>quaedam</strong></span> <span class='ocrx_word' id='word_1_232' title='bbox 937 2753 1005 2817; x_wconf 87' lang='lat' dir='ltr'><strong>vitis</strong></span> <span class='ocrx_word' id='word_1_233' title='bbox 1024 2776 1140 2835; x_wconf 76' lang='lat' dir='ltr'><strong>cyprum</strong></span> <span class='ocrx_word' id='word_1_234' title='bbox 1155 2755 1300 2827; x_wconf 83' lang='lat' dir='ltr'><strong>redolens,</strong></span> <span class='ocrx_word' id='word_1_235' title='bbox 1325 2762 1355 2811; x_wconf 84' lang='lat' dir='ltr'><strong>et</strong></span> <span class='ocrx_word' id='word_1_236' title='bbox 1366 2770 1432 2816; x_wconf 74' lang='lat' dir='ltr'><strong>cue</strong></span> <span class='ocrx_word' id='word_1_237' title='bbox 1445 2767 1507 2822; x_wconf 74' lang='lat' dir='ltr'><strong>tte</strong></span> 
     </span>
     <span class='ocr_line' id='line_1_26' title="bbox 197 2850 1355 2941; baseline 0.001 -26"><span class='ocrx_word' id='word_1_238' title='bbox 197 2855 307 2915; x_wconf 84' lang='lat' dir='ltr'><strong>botrum</strong></span> <span class='ocrx_word' id='word_1_239' title='bbox 332 2850 417 2916; x_wconf 91' lang='lat' dir='ltr'><strong>uobis</strong></span> <span class='ocrx_word' id='word_1_240' title='bbox 443 2852 656 2916; x_wconf 81' lang='lat' dir='ltr'><strong>benedictionis</strong></span> <span class='ocrx_word' id='word_1_241' title='bbox 678 2856 851 2938; x_wconf 81' lang='lat' dir='ltr'><strong>proterens,</strong></span> <span class='ocrx_word' id='word_1_242' title='bbox 883 2877 938 2918; x_wconf 92' lang='lat' dir='ltr'><strong>nec</strong></span> <span class='ocrx_word' id='word_1_243' title='bbox 957 2878 1015 2919; x_wconf 94' lang='lat' dir='ltr'><strong>non</strong></span> <span class='ocrx_word' id='word_1_244' title='bbox 1035 2868 1066 2919; x_wconf 91' lang='lat' dir='ltr'><strong>et</strong></span> <span class='ocrx_word' id='word_1_245' title='bbox 1084 2854 1355 2941; x_wconf 89' lang='lat' dir='ltr'><strong>praesentissimum</strong></span> 
     </span>
     <span class='ocr_line' id='line_1_27' title="bbox 196 2953 1354 3040; baseline 0 -22"><span class='ocrx_word' id='word_1_246' title='bbox 196 2955 266 3018; x_wconf 86' lang='lat' dir='ltr'><strong>ittut</strong></span> <span class='ocrx_word' id='word_1_247' title='bbox 285 2954 481 3040; x_wconf 76' lang='lat' dir='ltr'><strong>abstergendo</strong></span> <span class='ocrx_word' id='word_1_248' title='bbox 508 2956 635 3018; x_wconf 91' lang='lat' dir='ltr'><strong>moerori</strong></span> <span class='ocrx_word' id='word_1_249' title='bbox 657 2967 771 3040; x_wconf 92' lang='lat' dir='ltr'><strong>potum,</strong></span> <span class='ocrx_word' id='word_1_250' title='bbox 804 2979 916 3021; x_wconf 87' lang='lat' dir='ltr'><strong>merum</strong></span> <span class='ocrx_word' id='word_1_251' title='bbox 935 2957 1048 3022; x_wconf 90' lang='lat' dir='ltr'><strong>scilicet</strong></span> <span class='ocrx_word' id='word_1_252' title='bbox 1064 2980 1099 3021; x_wconf 93' lang='lat' dir='ltr'><strong>ae</strong></span> <span class='ocrx_word' id='word_1_253' title='bbox 1122 2979 1222 3021; x_wconf 88' lang='lat' dir='ltr'><strong>verum</strong></span> <span class='ocrx_word' id='word_1_254' title='bbox 1242 2953 1354 3020; x_wconf 84' lang='lat' dir='ltr'><strong>Christi</strong></span> 
     </span>
     <span class='ocr_line' id='line_1_28' title="bbox 197 3058 706 3143; baseline -0.004 -21"><span class='ocrx_word' id='word_1_255' title='bbox 197 3058 389 3140; x_wconf 82' lang='lat' dir='ltr'><strong>sanguinem,</strong></span> <span class='ocrx_word' id='word_1_256' title='bbox 414 3058 552 3143; x_wconf 76' lang='lat' dir='ltr'><strong>quotidie</strong></span> <span class='ocrx_word' id='word_1_257' title='bbox 567 3058 706 3142; x_wconf 84' lang='lat' dir='ltr'><strong>largiens.</strong></span> 
     </span>
    </p>

    <p class='ocr_par' dir='ltr' id='par_1_3' title="bbox 194 3157 1353 3962">
     <span class='ocr_line' id='line_1_29' title="bbox 280 3157 1352 3247; baseline 0 -25"><span class='ocrx_word' id='word_1_258' title='bbox 280 3157 440 3224; x_wconf 85' lang='lat' dir='ltr'><strong>Praeterea</strong></span> <span class='ocrx_word' id='word_1_259' title='bbox 459 3157 610 3224; x_wconf 84' lang='lat' dir='ltr'><strong>Christum</strong></span> <span class='ocrx_word' id='word_1_260' title='bbox 625 3182 641 3224; x_wconf 91' lang='lat' dir='ltr'><strong>e</strong></span> <span class='ocrx_word' id='word_1_261' title='bbox 655 3157 754 3223; x_wconf 86' lang='lat' dir='ltr'><strong>Maria</strong></span> <span class='ocrx_word' id='word_1_262' title='bbox 771 3181 889 3246; x_wconf 87' lang='lat' dir='ltr'><strong>semper</strong></span> <span class='ocrx_word' id='word_1_263' title='bbox 907 3162 1022 3247; x_wconf 83' lang='lat' dir='ltr'><strong>virgine</strong></span> <span class='ocrx_word' id='word_1_264' title='bbox 1041 3182 1146 3225; x_wconf 85' lang='lat' dir='ltr'><strong>revera</strong></span> <span class='ocrx_word' id='word_1_265' title='bbox 1165 3171 1264 3224; x_wconf 90' lang='lat' dir='ltr'><strong>natum</strong></span> <span class='ocrx_word' id='word_1_266' title='bbox 1284 3179 1352 3223; x_wconf 88' lang='lat' dir='ltr'><strong>esse</strong></span> 
     </span>
     <span class='ocr_line' id='line_1_30' title="bbox 197 3262 1353 3349; baseline 0 -24"><span class='ocrx_word' id='word_1_267' title='bbox 197 3262 307 3335; x_wconf 85' lang='lat' dir='ltr'><strong>credit,</strong></span> <span class='ocrx_word' id='word_1_268' title='bbox 332 3262 466 3345; x_wconf 87' lang='lat' dir='ltr'><strong>espiritu</strong></span> <span class='ocrx_word' id='word_1_269' title='bbox 481 3274 584 3327; x_wconf 88' lang='lat' dir='ltr'><strong>sancto</strong></span> <span class='ocrx_word' id='word_1_270' title='bbox 599 3283 657 3327; x_wconf 91' lang='lat' dir='ltr'><strong>nou</strong></span> <span class='ocrx_word' id='word_1_271' title='bbox 675 3284 714 3326; x_wconf 87' lang='lat' dir='ltr'><strong>ex</strong></span> <span class='ocrx_word' id='word_1_272' title='bbox 737 3263 813 3326; x_wconf 81' lang='lat' dir='ltr'><strong>virili</strong></span> <span class='ocrx_word' id='word_1_273' title='bbox 831 3264 961 3344; x_wconf 89' lang='lat' dir='ltr'><strong>semine,</strong></span> <span class='ocrx_word' id='word_1_274' title='bbox 985 3266 1036 3328; x_wconf 89' lang='lat' dir='ltr'><strong>scd</strong></span> <span class='ocrx_word' id='word_1_275' title='bbox 1054 3286 1092 3328; x_wconf 88' lang='lat' dir='ltr'><strong>ex</strong></span> <span class='ocrx_word' id='word_1_276' title='bbox 1110 3265 1233 3349; x_wconf 90' lang='lat' dir='ltr'><strong>ipsamet</strong></span> <span class='ocrx_word' id='word_1_277' title='bbox 1252 3283 1353 3326; x_wconf 89' lang='lat' dir='ltr'><strong>saero-</strong></span> 
     </span>
     <span class='ocr_line' id='line_1_31' title="bbox 195 3364 1353 3451; baseline 0 -23"><span class='ocrx_word' id='word_1_278' title='bbox 195 3375 297 3428; x_wconf 79' lang='lat' dir='ltr'><strong>saneta</strong></span> <span class='ocrx_word' id='word_1_279' title='bbox 310 3364 437 3448; x_wconf 85' lang='lat' dir='ltr'><strong>virgine,</strong></span> <span class='ocrx_word' id='word_1_280' title='bbox 460 3387 495 3428; x_wconf 95' lang='lat' dir='ltr'><strong>ac</strong></span> <span class='ocrx_word' id='word_1_281' title='bbox 511 3366 610 3450; x_wconf 91' lang='lat' dir='ltr'><strong>reipsa</strong></span> <span class='ocrx_word' id='word_1_282' title='bbox 625 3387 744 3451; x_wconf 86' lang='lat' dir='ltr'><strong>corpus,</strong></span> <span class='ocrx_word' id='word_1_283' title='bbox 769 3388 827 3429; x_wconf 93' lang='lat' dir='ltr'><strong>non</strong></span> <span class='ocrx_word' id='word_1_284' title='bbox 843 3368 942 3450; x_wconf 89' lang='lat' dir='ltr'><strong>specie</strong></span> <span class='ocrx_word' id='word_1_285' title='bbox 961 3369 1104 3431; x_wconf 82' lang='lat' dir='ltr'><strong>duntaxat</strong></span> <span class='ocrx_word' id='word_1_286' title='bbox 1119 3367 1262 3444; x_wconf 87' lang='lat' dir='ltr'><strong>induisse,</strong></span> <span class='ocrx_word' id='word_1_287' title='bbox 1288 3387 1353 3429; x_wconf 90' lang='lat' dir='ltr'><strong>car·</strong></span> 
     </span>
     <span class='ocr_line' id='line_1_32' title="bbox 195 3467 1352 3553; baseline 0.003 -25"><span class='ocrx_word' id='word_1_288' title='bbox 195 3486 280 3543; x_wconf 90' lang='lat' dir='ltr'><strong>nem,</strong></span> <span class='ocrx_word' id='word_1_289' title='bbox 304 3467 440 3550; x_wconf 89' lang='lat' dir='ltr'><strong>inquam,</strong></span> <span class='ocrx_word' id='word_1_290' title='bbox 465 3487 629 3552; x_wconf 91' lang='lat' dir='ltr'><strong>corpusque</strong></span> <span class='ocrx_word' id='word_1_291' title='bbox 645 3487 766 3545; x_wconf 86' lang='lat' dir='ltr'><strong>verum,</strong></span> <span class='ocrx_word' id='word_1_292' title='bbox 791 3490 856 3531; x_wconf 91' lang='lat' dir='ltr'><strong>cum</strong></span> <span class='ocrx_word' id='word_1_293' title='bbox 872 3469 988 3533; x_wconf 88' lang='lat' dir='ltr'><strong>ossibus</strong></span> <span class='ocrx_word' id='word_1_294' title='bbox 1006 3491 1041 3533; x_wconf 89' lang='lat' dir='ltr'><strong>ac</strong></span> <span class='ocrx_word' id='word_1_295' title='bbox 1059 3471 1158 3535; x_wconf 84' lang='lat' dir='ltr'><strong>nervis</strong></span> <span class='ocrx_word' id='word_1_296' title='bbox 1175 3469 1352 3553; x_wconf 81' lang='lat' dir='ltr'><strong>reliquisque</strong></span> 
     </span>
     <span class='ocr_line' id='line_1_33' title="bbox 195 3568 1352 3657; baseline 0.003 -26"><span class='ocrx_word' id='word_1_297' title='bbox 195 3589 270 3651; x_wconf 88' lang='lat' dir='ltr'><strong>quae</strong></span> <span class='ocrx_word' id='word_1_298' title='bbox 288 3568 373 3631; x_wconf 92' lang='lat' dir='ltr'><strong>nobis</strong></span> <span class='ocrx_word' id='word_1_299' title='bbox 388 3568 488 3632; x_wconf 91' lang='lat' dir='ltr'><strong>insunt</strong></span> <span class='ocrx_word' id='word_1_300' title='bbox 510 3568 663 3647; x_wconf 89' lang='lat' dir='ltr'><strong>omnibus,</strong></span> <span class='ocrx_word' id='word_1_301' title='bbox 697 3568 767 3632; x_wconf 86' lang='lat' dir='ltr'><strong>nihil</strong></span> <span class='ocrx_word' id='word_1_302' title='bbox 791 3581 822 3633; x_wconf 90' lang='lat' dir='ltr'><strong>ut</strong></span> <span class='ocrx_word' id='word_1_303' title='bbox 840 3591 856 3632; x_wconf 89' lang='lat' dir='ltr'><strong>a</strong></span> <span class='ocrx_word' id='word_1_304' title='bbox 875 3572 959 3635; x_wconf 90' lang='lat' dir='ltr'><strong>nobis</strong></span> <span class='ocrx_word' id='word_1_305' title='bbox 983 3572 1056 3657; x_wconf 85' lang='lat' dir='ltr'><strong>ipsis</strong></span> <span class='ocrx_word' id='word_1_306' title='bbox 1077 3582 1281 3657; x_wconf 82' lang='lat' dir='ltr'><strong>praeterquam</strong></span> <span class='ocrx_word' id='word_1_307' title='bbox 1297 3592 1352 3634; x_wconf 86' lang='lat' dir='ltr'><strong>ex·</strong></span> 
     </span>
     <span class='ocr_line' id='line_1_34' title="bbox 194 3670 1353 3759; baseline 0.003 -27"><span class='ocrx_word' id='word_1_308' title='bbox 194 3670 312 3734; x_wconf 86' lang='lat' dir='ltr'><strong>cedenti</strong></span> <span class='ocrx_word' id='word_1_309' title='bbox 329 3672 450 3755; x_wconf 86' lang='lat' dir='ltr'><strong>quadarn</strong></span> <span class='ocrx_word' id='word_1_310' title='bbox 470 3671 634 3734; x_wconf 89' lang='lat' dir='ltr'><strong>sanctitatis</strong></span> <span class='ocrx_word' id='word_1_311' title='bbox 653 3691 687 3734; x_wconf 91' lang='lat' dir='ltr'><strong>ac</strong></span> <span class='ocrx_word' id='word_1_312' title='bbox 707 3671 867 3735; x_wconf 83' lang='lat' dir='ltr'><strong>divinitatis</strong></span> <span class='ocrx_word' id='word_1_313' title='bbox 885 3673 979 3756; x_wconf 83' lang='lat' dir='ltr'><strong>gloria</strong></span> <span class='ocrx_word' id='word_1_314' title='bbox 1001 3675 1165 3759; x_wconf 89' lang='lat' dir='ltr'><strong>discrepet,</strong></span> <span class='ocrx_word' id='word_1_315' title='bbox 1197 3684 1257 3737; x_wconf 92' lang='lat' dir='ltr'><strong>tum</strong></span> <span class='ocrx_word' id='word_1_316' title='bbox 1276 3675 1353 3757; x_wconf 94' lang='lat' dir='ltr'><strong>quod</strong></span> 
     </span>
     <span class='ocr_line' id='line_1_35' title="bbox 195 3772 1353 3861; baseline 0.002 -23"><span class='ocrx_word' id='word_1_317' title='bbox 195 3773 360 3838; x_wconf 78' lang='lat' dir='ltr'><strong>sanctitatis</strong></span> <span class='ocrx_word' id='word_1_318' title='bbox 387 3795 421 3837; x_wconf 91' lang='lat' dir='ltr'><strong>ac</strong></span> <span class='ocrx_word' id='word_1_319' title='bbox 445 3774 574 3838; x_wconf 87' lang='lat' dir='ltr'><strong>iustitiae</strong></span> <span class='ocrx_word' id='word_1_320' title='bbox 598 3795 651 3836; x_wconf 89' lang='lat' dir='ltr'><strong>vas</strong></span> <span class='ocrx_word' id='word_1_321' title='bbox 675 3773 724 3836; x_wconf 90' lang='lat' dir='ltr'><strong>sit.</strong></span> <span class='ocrx_word' id='word_1_322' title='bbox 772 3772 869 3837; x_wconf 85' lang='lat' dir='ltr'><strong>Habet</strong></span> <span class='ocrx_word' id='word_1_323' title='bbox 893 3786 990 3838; x_wconf 90' lang='lat' dir='ltr'><strong>autem</strong></span> <span class='ocrx_word' id='word_1_324' title='bbox 1016 3777 1115 3840; x_wconf 91' lang='lat' dir='ltr'><strong>omnia</strong></span> <span class='ocrx_word' id='word_1_325' title='bbox 1140 3776 1353 3861; x_wconf 81' lang='lat' dir='ltr'><strong>perfectissime</strong></span> 
     </span>
     <span class='ocr_line' id='line_1_36' title="bbox 194 3874 1352 3962; baseline 0.002 -23"><span class='ocrx_word' id='word_1_326' title='bbox 194 3875 266 3940; x_wconf 89' lang='lat' dir='ltr'><strong>eitra</strong></span> <span class='ocrx_word' id='word_1_327' title='bbox 284 3889 446 3962; x_wconf 87' lang='lat' dir='ltr'><strong>peceatum.</strong></span> <span class='ocrx_word' id='word_1_328' title='bbox 493 3874 594 3959; x_wconf 93' lang='lat' dir='ltr'><strong>Quare</strong></span> <span class='ocrx_word' id='word_1_329' title='bbox 613 3876 738 3938; x_wconf 84' lang='lat' dir='ltr'><strong>humana</strong></span> <span class='ocrx_word' id='word_1_330' title='bbox 754 3896 862 3940; x_wconf 84' lang='lat' dir='ltr'><strong>revera</strong></span> <span class='ocrx_word' id='word_1_331' title='bbox 880 3888 926 3940; x_wconf 92' lang='lat' dir='ltr'><strong>est</strong></span> <span class='ocrx_word' id='word_1_332' title='bbox 944 3879 1041 3942; x_wconf 91' lang='lat' dir='ltr'><strong>anima</strong></span> <span class='ocrx_word' id='word_1_333' title='bbox 1060 3879 1225 3962; x_wconf 87' lang='lat' dir='ltr'><strong>praeditus,</strong></span> <span class='ocrx_word' id='word_1_334' title='bbox 1251 3879 1352 3947; x_wconf 88' lang='lat' dir='ltr'><strong>buma-</strong></span> 
     </span>
    </p>
   </div>
   <div class='ocr_carea' id='block_1_3' title="bbox 193 3978 1352 4064">
    <p class='ocr_par' dir='ltr' id='par_1_4' title="bbox 193 3978 1352 4064">
     <span class='ocr_line' id='line_1_37' title="bbox 193 3978 1352 4064; baseline 0.002 -22"><span class='ocrx_word' id='word_1_335' title='bbox 193 3999 289 4064; x_wconf 85' lang='lat' dir='ltr'><strong>oaque</strong></span> <span class='ocrx_word' id='word_1_336' title='bbox 307 3991 424 4060; x_wconf 84' lang='lat' dir='ltr'><strong>meute3</strong></span> <span class='ocrx_word' id='word_1_337' title='bbox 455 4001 513 4042; x_wconf 92' lang='lat' dir='ltr'><strong>non</strong></span> <span class='ocrx_word' id='word_1_338' title='bbox 531 3979 607 4063; x_wconf 92' lang='lat' dir='ltr'><strong>quod</strong></span> <span class='ocrx_word' id='word_1_339' title='bbox 627 3988 753 4040; x_wconf 90' lang='lat' dir='ltr'><strong>mentem</strong></span> <span class='ocrx_word' id='word_1_340' title='bbox 773 3978 943 4063; x_wconf 81' lang='lat' dir='ltr'><strong>hypostasin</strong></span> <span class='ocrx_word' id='word_1_341' title='bbox 964 4000 1031 4043; x_wconf 91' lang='lat' dir='ltr'><strong>esse</strong></span> <span class='ocrx_word' id='word_1_342' title='bbox 1050 3981 1197 4060; x_wconf 90' lang='lat' dir='ltr'><strong>dicamus,</strong></span> <span class='ocrx_word' id='word_1_343' title='bbox 1229 3992 1260 4044; x_wconf 92' lang='lat' dir='ltr'><strong>ut</strong></span> <span class='ocrx_word' id='word_1_344' title='bbox 1276 3981 1352 4044; x_wconf 90' lang='lat' dir='ltr'><strong>affir-</strong></span> 
     </span>
    </p>
   </div>
   <div class='ocr_carea' id='block_1_4' title="bbox 192 4182 1352 4316">
    <p class='ocr_par' dir='ltr' id='par_1_5' title="bbox 192 4182 1352 4316">
     <span class='ocr_line' id='line_1_38' title="bbox 192 4182 1352 4266; baseline 0.001 -30"><span class='ocrx_word' id='word_1_345' title='bbox 192 4187 262 4236; x_wconf 81' lang='lat' dir='ltr'><strong>codd</strong></span> <span class='ocrx_word' id='word_1_346' title='bbox 279 4200 335 4236; x_wconf 79' lang='lat' dir='ltr'><strong>mas.</strong></span> <span class='ocrx_word' id='word_1_347' title='bbox 352 4190 454 4266; x_wconf 77' lang='lat' dir='ltr'><strong>uterque.</strong></span> <span class='ocrx_word' id='word_1_348' title='bbox 821 4182 862 4235; x_wconf 81' lang='lat'><strong>31.</strong></span> <span class='ocrx_word' id='word_1_349' title='bbox 871 4202 927 4250; x_wconf 69' lang='lat' dir='ltr'><strong>equ,</strong></span> <span class='ocrx_word' id='word_1_350' title='bbox 942 4188 1005 4248; x_wconf 84' lang='lat' dir='ltr'><strong>quod</strong></span> <span class='ocrx_word' id='word_1_351' title='bbox 1018 4188 1089 4249; x_wconf 80' lang='lat' dir='ltr'><strong>vntqe</strong></span> <span class='ocrx_word' id='word_1_352' title='bbox 1103 4187 1168 4236; x_wconf 80' lang='lat' dir='ltr'><strong>obest</strong></span> <span class='ocrx_word' id='word_1_353' title='bbox 1181 4187 1211 4236; x_wconf 88' lang='lat' dir='ltr'><strong>ob</strong></span> <span class='ocrx_word' id='word_1_354' title='bbox 1225 4187 1301 4249; x_wconf 73' lang='lat' dir='ltr'><strong>editis,</strong></span> <span class='ocrx_word' id='word_1_355' title='bbox 1315 4200 1352 4237; x_wconf 87' lang='lat' dir='ltr'><strong>re·</strong></span> 
     </span>
     <span class='ocr_line' id='line_1_39' title="bbox 226 4248 1052 4316; baseline 0.002 -14.005"><span class='ocrx_word' id='word_1_356' title='bbox 226 4248 304 4305; x_wconf 78' lang='lat' dir='ltr'><strong>at.</strong></span> <span class='ocrx_word' id='word_1_357' title='bbox 285 4272 302 4316; x_wconf 86' lang='grc' dir='ltr'>η</span> <span class='ocrx_word' id='word_1_358' title='bbox 323 4257 401 4303; x_wconf 78' lang='lat' dir='ltr'><strong>emim</strong></span> <span class='ocrx_word' id='word_1_359' title='bbox 419 4257 444 4303; x_wconf 87' lang='grc' dir='ltr'><strong>ιιι</strong></span> <span class='ocrx_word' id='word_1_360' title='bbox 461 4256 516 4304; x_wconf 82' lang='lat' dir='ltr'><strong>edtt.</strong></span> <span class='ocrx_word' id='word_1_361' title='bbox 534 4254 616 4304; x_wconf 83' lang='lat' dir='ltr'><strong>Petcv.</strong></span> <span class='ocrx_word' id='word_1_362' title='bbox 786 4255 853 4303; x_wconf 77' lang='grc' dir='ltr'>ιιιιιιι</span> <span class='ocrx_word' id='word_1_363' title='bbox 868 4267 898 4302; x_wconf 75' lang='lat' dir='ltr'><strong>eo</strong></span> <span class='ocrx_word' id='word_1_364' title='bbox 913 4256 980 4303; x_wconf 73' lang='lat' dir='ltr'><strong>codd</strong></span> <span class='ocrx_word' id='word_1_365' title='bbox 999 4269 1052 4304; x_wconf 82' lang='lat' dir='ltr'><strong>mes.</strong></span> 
     </span>
    </p>
   </div>
   <div class='ocr_carea' id='block_1_5' title="bbox 191 4315 1352 4598">
    <p class='ocr_par' dir='ltr' id='par_1_6' title="bbox 191 4315 1352 4450">
     <span class='ocr_line' id='line_1_40' title="bbox 227 4315 1352 4390; baseline 0.002 -20"><span class='ocrx_word' id='word_1_366' title='bbox 227 4321 268 4371; x_wconf 69' lang='lat' dir='ltr'><strong>Qu.</strong></span> <span class='ocrx_word' id='word_1_367' title='bbox 295 4324 388 4383; x_wconf 75' lang='grc' dir='ltr'>ιιφοιιι</span> <span class='ocrx_word' id='word_1_368' title='bbox 407 4318 453 4385; x_wconf 79' lang='grc' dir='ltr'><strong>την</strong></span> <span class='ocrx_word' id='word_1_369' title='bbox 480 4318 569 4386; x_wconf 64' lang='lat' dir='ltr'><strong>scapo</strong></span> <span class='ocrx_word' id='word_1_370' title='bbox 595 4335 625 4371; x_wconf 79' lang='lat' dir='ltr'><strong>ec</strong></span> <span class='ocrx_word' id='word_1_371' title='bbox 649 4322 755 4373; x_wconf 80' lang='lat' dir='ltr'><strong>Poocrro</strong></span> <span class='ocrx_word' id='word_1_372' title='bbox 822 4320 864 4372; x_wconf 74' lang='lat'><strong>32.</strong></span> <span class='ocrx_word' id='word_1_373' title='bbox 881 4318 970 4381; x_wconf 63' lang='lat' dir='ltr'><strong>subd&lt;</strong></span> <span class='ocrx_word' id='word_1_374' title='bbox 992 4315 1063 4376; x_wconf 78' lang='grc' dir='ltr'>ἄλλοι</span> <span class='ocrx_word' id='word_1_375' title='bbox 1084 4321 1185 4390; x_wconf 79' lang='grc' dir='ltr'>λέγουσι</span> <span class='ocrx_word' id='word_1_376' title='bbox 1207 4319 1273 4375; x_wconf 77' lang='grc' dir='ltr'><strong><em>κατὰ</em></strong></span> <span class='ocrx_word' id='word_1_377' title='bbox 1296 4325 1352 4373; x_wconf 73' lang='lat' dir='ltr'><strong>edm</strong></span> 
     </span>
     <span class='ocr_line' id='line_1_41' title="bbox 191 4388 1351 4452; baseline 0.003 -13"><span class='ocrx_word' id='word_1_378' title='bbox 191 4400 249 4450; x_wconf 73' lang='lat' dir='ltr'><strong>paq.</strong></span> <span class='ocrx_word' id='word_1_379' title='bbox 263 4388 335 4439; x_wconf 80' lang='grc'><strong>1090.</strong></span> <span class='ocrx_word' id='word_1_380' title='bbox 787 4392 886 4452; x_wconf 81' lang='lat' dir='ltr'><strong>Petam,</strong></span> <span class='ocrx_word' id='word_1_381' title='bbox 910 4394 990 4441; x_wconf 78' lang='grc' dir='ltr'>ιιιυιιιι</span> <span class='ocrx_word' id='word_1_382' title='bbox 1013 4393 1078 4441; x_wconf 79' lang='lat' dir='ltr'><strong>ttbrta</strong></span> <span class='ocrx_word' id='word_1_383' title='bbox 1100 4406 1156 4441; x_wconf 82' lang='lat' dir='ltr'><strong>mse.</strong></span> <span class='ocrx_word' id='word_1_384' title='bbox 1196 4392 1351 4442; x_wconf 77' lang='lat' dir='ltr'><strong>scribendum</strong></span> 
     </span>
    </p>

    <p class='ocr_par' dir='ltr' id='par_1_7' title="bbox 226 4451 1348 4538">
     <span class='ocr_line' id='line_1_42' title="bbox 226 4451 1348 4538; baseline 0.005 -32.082"><span class='ocrx_word' id='word_1_385' title='bbox 226 4455 269 4506; x_wconf 84' lang='grc'><strong>’.9.</strong></span> <span class='ocrx_word' id='word_1_386' title='bbox 288 4459 361 4538; x_wconf 80' lang='lat' dir='ltr'><strong>Vutpo</strong></span> <span class='ocrx_word' id='word_1_387' title='bbox 377 4451 571 4521; x_wconf 70' lang='lat' dir='ltr'><strong>tcbriu’tqbtadc.</strong></span> <span class='ocrx_word' id='word_1_388' title='bbox 787 4463 844 4521; x_wconf 77' lang='lat' dir='ltr'><strong>puto</strong></span> <span class='ocrx_word' id='word_1_389' title='bbox 870 4456 962 4510; x_wconf 76' lang='grc' dir='ltr'>καὶτὰ</span> <span class='ocrx_word' id='word_1_390' title='bbox 983 4455 1064 4511; x_wconf 79' lang='grc' dir='ltr'>πάντα</span> <span class='ocrx_word' id='word_1_391' title='bbox 1084 4461 1122 4509; x_wconf 80' lang='lat' dir='ltr'><strong>oet</strong></span> <span class='ocrx_word' id='word_1_392' title='bbox 1145 4457 1179 4511; x_wconf 79' lang='grc' dir='ltr'><strong>τὰ</strong></span> <span class='ocrx_word' id='word_1_393' title='bbox 1194 4454 1276 4512; x_wconf 75' lang='grc' dir='ltr'>πάντα</span> <span class='ocrx_word' id='word_1_394' title='bbox 1295 4463 1348 4513; x_wconf 77' lang='grc' dir='ltr'><strong>κτλ.</strong></span> 
     </span>
    </p>

    <p class='ocr_par' dir='ltr' id='par_1_8' title="bbox 226 4519 1290 4598">
     <span class='ocr_line' id='line_1_43' title="bbox 226 4519 1290 4598; baseline 0.005 -19"><span class='ocrx_word' id='word_1_395' title='bbox 226 4519 299 4579; x_wconf 73' lang='lat' dir='ltr'><strong>dd*</strong></span> <span class='ocrx_word' id='word_1_396' title='bbox 285 4529 395 4580; x_wconf 74' lang='grc' dir='ltr'>οοιιιιιι.</span> <span class='ocrx_word' id='word_1_397' title='bbox 414 4529 439 4578; x_wconf 87' lang='grc' dir='ltr'><strong>ιιι</strong></span> <span class='ocrx_word' id='word_1_398' title='bbox 456 4528 510 4577; x_wconf 76' lang='lat' dir='ltr'><strong>ertit.</strong></span> <span class='ocrx_word' id='word_1_399' title='bbox 529 4528 611 4579; x_wconf 84' lang='lat' dir='ltr'><strong>Petov.</strong></span> <span class='ocrx_word' id='word_1_400' title='bbox 791 4526 937 4591; x_wconf 40' lang='grc' dir='ltr'>ΟιΗΡαιιιιι</span> <span class='ocrx_word' id='word_1_401' title='bbox 952 4527 1051 4598; x_wconf 76' lang='lat' dir='ltr'><strong>(Eopm.</strong></span> <span class='ocrx_word' id='word_1_402' title='bbox 1066 4527 1131 4598; x_wconf 73' lang='lat' dir='ltr'><strong>rto.)</strong></span> <span class='ocrx_word' id='word_1_403' title='bbox 1148 4542 1205 4597; x_wconf 81' lang='lat' dir='ltr'><strong>pop</strong></span> <span class='ocrx_word' id='word_1_404' title='bbox 1199 4527 1290 4584; x_wconf 81' lang='grc'><strong>1-097</strong></span> 
     </span>
    </p>
   </div>
   <div class='ocr_carea' id='block_1_6' title="bbox 0 0 1552 5070">
    <p class='ocr_par' dir='ltr' id='par_1_9' title="bbox 0 0 1552 5070">
     <span class='ocr_line' id='line_1_44' title="bbox 0 0 1552 5070; baseline 0 2"><span class='ocrx_word' id='word_1_405' title='bbox 0 0 1552 5070; x_wconf 95' lang='lat' dir='ltr'><strong> </strong></span> 
     </span>
    </p>
   </div>
  </div>
 </body>
</html>
