3096 5070
425 269 561 320 ennena
578 269 642 320 nra.
657 270 700 320 nr.
715 266 797 331 ran.
811 269 843 319 n.
861 267 963 320 narn.
979 268 1112 320 nxxrn.
1289 256 1351 322 nrt

193 386 283 473 igitar
307 388 465 472 perlectam
491 388 571 452 illum
598 389 744 451 hominem
770 389 860 452 luisse
883 388 1009 451 censes?
1051 387 1099 451 nt
1123 386 1195 451 baec
1216 387 1266 451 ille
1283 388 1352 453 inti·

193 512 256 553 mos
272 490 362 554 animi
378 491 424 554 sui
442 511 548 554 sensus
566 490 650 553 nabis
666 491 796 572 apernit,
822 500 862 565 et,
887 488 1033 567 Eatenus,
1057 489 1163 574 inquit,
1189 491 1350 575 perlectum

194 592 337 670 bominem
355 595 445 658 luisse
464 594 604 669 dicimus,
629 594 653 655 si
672 591 853 655 divinitatem
870 591 910 655 illi
932 592 997 655 loca
1015 592 1122 655 mentis
1138 592 1350 672 adscribamus,

192 706 223 759 et
238 716 374 773 carnem,
406 705 493 780 atque
518 694 644 757 animam
670 695 880 777 adiungamus,
912 693 955 756 sic
978 703 1009 754 ut
1030 694 1177 777 perlectus
1201 693 1288 757 homo
1311 714 1352 760 ex

192 818 299 876 carne,
330 799 444 876 anima,
476 797 648 875 divinitate,
680 817 755 880 quae
782 797 821 859 sit
847 794 953 858 mentis
974 794 1084 869 instar,
1118 795 1239 860 existat.
1286 794 1352 860 Hoc

191 900 282 983 igitur
298 901 384 963 moda
404 899 589 983 deprebensa·
609 898 638 960 in
657 899 706 961 illo
732 908 811 961 tanta
840 897 1038 960 cantentionis
1057 896 1196 976 libidine,
1231 897 1352 961 eumad

191 1024 256 1066 eam
276 1022 337 1063 rem
358 1002 487 1085 pluribus
507 1001 755 1087 disputassemus,
780 1011 866 1063 etex
884 1019 1034 1062 sacrarum
1053 999 1202 1064 literarum
1223 999 1352 1064 auctari·

193 1114 252 1167 tate
269 1103 563 1188 comprobassemus‚
588 1103 758 1167 necessario
775 1103 859 1166 lateri
878 1123 931 1164 nos
950 1113 1088 1186 oportere
1106 1102 1203 1166 omnia
1224 1122 1240 1164 a
1258 1101 1351 1166 verbo

193 1209 330 1291 periente
343 1205 433 1269 inisse
458 1216 612 1290 suscepta,
647 1217 677 1269 et
694 1207 723 1268 in
742 1216 889 1289 assumpta
914 1225 1005 1267 carne
1030 1205 1160 1286 perlecta
1183 1204 1283 1266 itidem
1301 1204 1353 1267 ad·

192 1307 374 1385 ministrate,
406 1329 490 1391 quam
509 1318 574 1393 post
596 1309 843 1371 resurrectionem
861 1327 942 1369 saram
966 1308 1096 1392 perlecta
1118 1307 1174 1370 sibi
1189 1305 1349 1392 copularit,

193 1410 268 1474 adeo
286 1421 316 1472 ut
335 1410 456 1473 eandem
473 1410 559 1473 modo
577 1411 757 1495 spiritualem
774 1410 893 1472 omnino
910 1409 1072 1486 redditam,
1105 1409 1284 1487 nonaliam,
1315 1429 1352 1472 ac

192 1513 356 1591 diversam,
390 1533 454 1575 cnm
480 1514 596 1598 propria
615 1513 768 1576 divinitate
791 1512 820 1574 in
843 1510 1001 1596 semetipso
1024 1512 1211 1575 coniunctam
1232 1509 1349 1589 babeat,

192 1625 222 1678 et
238 1635 295 1678 nna
318 1636 357 1678 ex
376 1615 425 1678 illa
448 1616 630 1700 perfectione
651 1615 789 1678 divinitas
812 1624 989 1696 consurgat,
1025 1625 1113 1698 atque
1134 1613 1182 1676 illa
1201 1624 1351 1698 postrema

192 1727 295 1781 natura
318 1717 354 1780 ad
378 1719 532 1781 dexteram
555 1718 646 1803 patris
670 1716 803 1779 incaelo
826 1726 856 1777 et
874 1716 904 1777 in
924 1715 1121 1798 sempiternae
1143 1714 1351 1780 dominationis

193 1842 227 1884 nc
262 1821 344 1904 regni
373 1819 582 1903 augustissimo
614 1820 718 1883 throno
745 1819 908 1881 consideat.
956 1816 1038 1880 Hace
1070 1816 1118 1879 ubi
1143 1817 1348 1892 disseruimus,
1410 1868 1412 1875 .

192 1944 258 1986 enm
273 1923 389 2005 utrique
405 1921 479 2005 parti
494 1933 614 2006 propter
631 1922 793 1984 animarum
812 1919 1001 2005 pertinaciam
1015 1921 1293 2004 contentionemque
1305 1920 1350 1983 ni·

192 2025 230 2093 bil
251 2025 514 2109 persuaderemus,
552 2042 583 2084 re
602 2024 709 2086 inlecta
732 2024 933 2087 discessimus.
980 2019 1163 2085 intellectum
1179 2044 1253 2086 sero
1272 2022 1352 2085 istud

192 2137 254 2203 est,
292 2148 350 2188 non
379 2127 414 2188 de
442 2127 503 2187 sala
527 2134 624 2188 mente
648 2125 872 2210 disputationem
900 2125 974 2186 banc
997 2123 1064 2188 illos
1092 2125 1262 2207 ingressos,
1296 2124 1349 2187 sed

191 2239 312 2315 praeter
328 2229 396 2292 illnd
415 2228 566 2290 demente
584 2226 660 2290 alind
680 2248 795 2312 quaqua
812 2229 916 2310 dogma
934 2226 1054 2290 sectori.
1100 2225 1250 2289 interdum
1270 2227 1349 2290 enim

190 2352 227 2395 ne
253 2331 379 2394 animam
405 2329 520 2412 quidem
546 2325 696 2391 Christum
721 2333 915 2414 assumpsisse
939 2328 1084 2391 ferebant.
1141 2325 1255 2393 Contra
1275 2349 1349 2412 quae

187 2433 257 2498 illud
275 2432 502 2510 adiiciebamus,
536 2428 615 2515 Quid
634 2432 749 2494 tandem
772 2432 878 2516 putatis
899 2451 966 2494 esse
984 2433 1132 2493 mentcml
1176 2428 1348 2496 Utrumnam

189 2535 359 2620 hypostasin
386 2555 453 2597 esse
478 2535 620 2618 quandam
647 2534 677 2595 in
697 2533 813 2596 bomine
832 2533 972 2596 creditis?
1014 2530 1172 2617 Multiplex
1195 2545 1241 2596 est
1260 2533 1350 2617 igitur

188 2637 288 2700 bomo.
341 2637 464 2700 Adhaea
490 2635 638 2699 nonnullis
662 2635 794 2719 placebat
825 2636 895 2699 nihil
914 2656 981 2699 esse
1008 2645 1135 2697 mentem
1160 2634 1237 2697 alind
1262 2656 1349 2719 quam

188 2738 340 2823 spiritum,
372 2739 419 2822 qui
450 2738 557 2801 homini
583 2738 691 2822 passim
717 2739 745 2800 in
770 2738 923 2822 scripturis
950 2737 1097 2800 tribuitur.
1145 2734 1256 2801 Verum
1280 2758 1346 2800 oum

190 2851 317 2904 mentem
334 2860 515 2924 nequaquam
534 2840 667 2925 spiritum
690 2861 757 2904 esse
775 2840 1065 2918 demonstraremus,
1098 2859 1136 2902 cx
1156 2860 1193 2903 eo
1211 2840 1287 2924 quod
1305 2839 1348 2903 di·

189 2953 270 3004 serte
286 2941 404 3026 scripsit
425 2943 592 3026 apostolos,
624 2947 746 3005 Psallam
765 2956 870 3015 mente,
901 2946 1022 3023 psallam
1037 2947 1200 3022 etspeta'tu,
1236 2942 1344 3006 multus
1374 2972 1394 3017 1.
1408 2968 1461 3015 σω,

190 3063 224 3106 ea
242 3045 277 3106 de
296 3065 329 3107 re
348 3044 432 3107 nabis
451 3056 535 3108 natus
551 3057 596 3109 ost
611 3067 727 3124 sermo,
759 3066 813 3108 neo
828 3045 900 3131 ipsis
919 3056 1015 3107 tamen
1031 3044 1215 3108 coartentiase
1231 3056 1346 3108 certan-
1382 3023 1416 3079 η’
1429 3021 1462 3066 ¹⁸

191 3145 266 3209 tibus
289 3149 466 3230 persuadere
489 3149 647 3232 potuimus.

275 3245 383 3312 Postea
408 3270 480 3312 vero
505 3271 570 3312 oum
595 3251 750 3314 nonnullos
770 3271 809 3313 ex
835 3250 871 3312 iis
891 3249 966 3313 huno
984 3251 1013 3312 in
1032 3250 1147 3312 modum
1168 3249 1346 3332 aggredere·
1388 3262 1421 3313 ce
1442 3298 1449 3315 .

190 3372 272 3429 mur,
305 3348 382 3431 Quid
408 3353 545 3415 tandem'l
579 3375 645 3415 naam
673 3352 842 3437 hypostasin
871 3373 938 3413 esse
963 3362 1089 3414 mentem
1117 3351 1269 3415 asseritis?
1300 3350 1347 3413 cui
1435 3333 1466 3386 v·

190 3474 254 3514 aum
269 3452 308 3513 ita
323 3451 437 3535 quidam
451 3466 642 3516 accurrerent
659 3465 692 3516 nt
711 3453 880 3538 hypostasin
896 3465 1041 3537 negarent
1058 3454 1213 3538 essequod
1228 3453 1270 3515 eis
1281 3473 1347 3535 per·

190 3574 379 3616 suaseramus
398 3576 456 3616 non
474 3556 500 3617 id
518 3576 585 3618 esse
603 3569 747 3632 montem,
772 3576 866 3639 neque
881 3561 1012 3636 speratum
1029 3560 1108 3618 illum
1124 3556 1171 3639 qni
1185 3554 1348 3639 appellatur

189 3659 325 3729 domrne's,
352 3678 417 3718 cum
434 3658 574 3741 scriptum
591 3656 646 3729 sit,
668 3661 790 3718 Psallam
806 3671 913 3732 mente,
942 3663 1063 3739 psallam
1081 3670 1111 3719 et
1126 3661 1246 3738 spartea,
1280 3676 1346 3719 cunr

189 3760 332 3822 adversus
352 3757 422 3822 haec
443 3759 512 3820 nihil
530 3759 671 3821 heberent
690 3759 765 3840 qnod
784 3772 982 3843 opponerent,
1016 3772 1075 3823 tum
1094 3779 1199 3843 urgere
1217 3757 1261 3822 sic
1278 3778 1347 3821 coe·

189 3861 301 3946 pimus:
335 3858 368 3923 Si
387 3882 470 3923 mens
491 3883 549 3923 nan
567 3859 734 3945 hypostasis
752 3870 813 3938 est,
848 3862 899 3923 sed
918 3864 1008 3927 tatius
1032 3861 1201 3946 hypostasis
1227 3869 1347 3923 nostrae

189 3965 329 4049 quaedam
352 3964 460 4042 motio,
496 3985 562 4026 cnm
582 3959 732 4026 Christum
752 3972 878 4024 mentem
903 3985 970 4027 esse
995 3965 1047 4027 hac
1068 3985 1106 4027 ex
1126 3974 1208 4047 parte
1234 3961 1344 4042 velitis,

189 4066 312 4129 eundem
331 4065 449 4128 minime
465 4066 674 4129 subsistentem
697 4062 822 4148 tingitis,
856 4084 889 4127 aa
912 4065 1012 4127 verbis
1033 4076 1119 4127 tenus
1138 4078 1167 4127 et
1184 4062 1283 4148 specie
1301 4075 1346 4128 to-

189 4174 248 4229 tum
266 4167 334 4230 illud
353 4168 503 4250 negotium
525 4165 736 4231 incarnationis
752 4165 874 4230 obiisse.
920 4163 1023 4230 Nihilo
1039 4167 1133 4248 magis
1151 4166 1186 4229 ad
1208 4166 1281 4229 haee
1298 4187 1345 4230 ra·

190 4299 298 4367 gloriare
328 4302 481 4370 spiritualem
515 4312 610 4363 totam,
646 4312 672 4354 et
697 4320 748 4354 non
816 4299 839 4353 l.
858 4306 965 4354 Fortasse
988 4304 1187 4366 transponendum
1207 4296 1272 4370 np‘pela
1294 4296 1343 4357 ἀπὸ

189 4368 277 4426 olium,
308 4388 362 4420 cunr
387 4372 488 4438 propria
509 4371 603 4421 deitate
624 4371 649 4421 in
670 4371 751 4438 seipso
784 4366 874 4424 τούτου
891 4365 931 4424 ὅτι
947 4366 995 4440 οὐχ
1011 4372 1064 4424 κτλ.

190 4436 283 4487 onium
298 4437 405 4501 hebere,
424 4448 552 4508 totamque
571 4439 751 4507 perlectionem
819 4440 975 4493 cmxxv.
993 4468 1024 4482 ··
1062 4439 1083 4495 l.
1104 4428 1154 4508 dae
1170 4441 1239 4494 codd.
1255 4452 1310 4492 mut.

189 4521 264 4559 uuam
279 4505 396 4559 deitatem
413 4508 542 4576 decim,
561 4519 588 4563 et
602 4507 689 4562 aedera
700 4513 751 4561 cett.
1330 4511 1335 4522 ‘
