3096 5070
369 263 506 317 ransart
523 265 586 316 ma.
600 266 643 316 nr.
662 265 743 317 ron.
757 267 787 315 n.
805 265 921 316 nxros.
943 264 1006 316 rin.
1025 264 1168 317 cirson
1284 252 1349 315 507

193 393 327 471 petraut,
359 395 390 447 et
406 385 454 469 qui
471 383 578 470 stupidi
597 384 801 470 desperatique
823 394 903 448 sunt.
949 380 1082 467 Quorum
1109 383 1223 469 singula
1248 404 1349 469 perse·

194 486 241 573 qui
259 497 289 549 et
307 486 454 551 horrenda
473 487 604 551 laoiuora
623 507 856 550 commemorare
880 506 1133 571 supervacaneum
1143 496 1183 549 et
1199 484 1348 570 indignum

193 588 309 676 putavi,
342 600 422 652 tanta
440 601 487 653 est
507 588 630 652 istorum
654 587 802 653 bominum
824 588 971 672 nequitiae
994 587 1228 672 flagitiorumque
1247 609 1349 652 eorru-

192 692 282 778 ptela.
327 689 405 755 Nam
421 691 450 755 in
467 689 567 755 Media
584 712 699 755 rursum
717 711 773 754 sex
790 710 857 754 essa
874 692 1009 754 feruntur
1021 701 1121 754 saetae
1138 711 1155 751 a
1172 688 1348 754 seinvicem

192 794 338 858 diversae.
387 790 418 857 ln
436 793 593 879 Aethiopia
610 813 683 858 vero
700 812 734 856 ao
750 789 894 871 Perside,
922 790 1062 871 Parthia,
1085 790 1260 872 Elamitide,
1290 788 1349 856 Ca·

192 897 274 983 spia,
311 894 488 974 Germania,
524 893 674 960 Sarmatia
704 895 778 979 apud
810 892 950 974 Daunus,
988 893 1133 972 Zioubos,
1165 894 1347 973 Amazonas,

191 997 310 1075 Lazos,
335 995 457 1075 lberos,
482 994 711 1084 Bosphoranos,
736 994 846 1076 Gelos,
872 995 984 1079 Seras,
1008 997 1139 1082 aliasque
1156 979 1276 1081 gentes,
1307 997 1349 1060 le·

192 1121 311 1185 gumen
328 1110 474 1163 saetarum
492 1112 521 1163 et
538 1100 701 1164 haereseon
719 1120 754 1163 ue
771 1100 919 1164 variorum
945 1100 1144 1165 institutorum
1168 1099 1281 1164 inhnita
1298 1120 1350 1184 ga-

193 1223 265 1266 nera
281 1213 361 1266 sunt.
406 1199 545 1288 Exempli
563 1222 668 1266 eaussa
685 1203 760 1286 apud
779 1199 872 1268 Seras
890 1203 945 1267 viri
964 1203 1084 1289 capillos
1102 1202 1288 1287 intorquent,
1313 1222 1349 1266 aa

193 1304 271 1368 domi
296 1303 446 1383 resident,
480 1304 637 1389 unguentis
661 1304 781 1368 delibuti
805 1327 839 1369 ao
865 1305 999 1369 muliebri
1024 1305 1103 1368 uultu
1128 1305 1347 1390 lenocinioque,

193 1429 250 1492 quo
268 1408 410 1472 uxoribus
429 1408 580 1495 plaeeaut,
605 1407 740 1493 expoliti.
785 1405 813 1471 Ε
830 1410 980 1472 contrario
996 1409 1121 1472 feminae
1138 1419 1224 1472 tonso
1240 1409 1347 1493 capite,

193 1531 228 1574 aa
250 1509 328 1574 virili
352 1510 469 1595 oingnlo
492 1511 679 1597 praecinotae
704 1511 913 1595 agriculturam
940 1523 1095 1575 exercent.
1142 1511 1228 1596 Apud
1256 1508 1349 1576 Gelos

192 1634 334 1699 perversa
348 1613 482 1693 ratione,
517 1613 566 1698 qni
591 1612 667 1676 mala
686 1623 856 1698 perpetrant
872 1613 908 1676 ab
923 1615 994 1698 ipsis
1013 1614 1126 1699 legibue
1144 1614 1350 1678 commendan-

192 1726 251 1779 tur.
299 1713 358 1779 lam
378 1717 452 1801 apud
472 1714 608 1780 Graecos
632 1735 719 1799 qnam
737 1715 826 1778 multa
844 1716 985 1801 mysteria
1002 1717 1246 1801 ceremoniasque
1263 1715 1348 1780 suutl

193 1814 365 1882 Cuiusmodi
383 1827 452 1882 sunt
469 1815 621 1901 Megarioa
640 1816 794 1879 mulierum
813 1837 915 1895 saera,
941 1817 1193 1904 Thesmophoria,
1224 1838 1348 1903 quorum

192 1920 266 1984 ritus
282 1941 300 1984 a
315 1941 348 1984 se
366 1906 466 1984 mutuo
481 1919 660 2004 discrepant.
706 1917 785 1983 Tum
801 1917 971 1997 Eleusinia,
995 1941 1069 2004 qnae
1085 1922 1114 1984 iu
1131 1920 1273 1985 honorem
1289 1917 1349 1985 Ce-

192 2022 269 2086 reris
285 2043 320 2085 aa
337 2019 535 2108 Proserpinae
559 2020 763 2100 celebrantur,
798 2033 828 2085 et
850 2041 925 2105 quae
950 2021 1009 2084 illie
1027 2022 1057 2085 in
1074 2023 1273 2107 penetralibus
1297 2022 1350 2086 ob·

192 2145 303 2188 seoena
324 2124 465 2188 committi
482 2124 596 2203 solent,
628 2124 710 2187 velut
732 2145 798 2187 oum
820 2123 958 2187 mulieres
976 2125 1177 2202 denudantur,
1209 2135 1242 2188 nt
1259 2124 1350 2188 hone·

193 2226 444 2290 atissimedieam.
491 2222 607 2309 Quibus
623 2226 766 2290 aeoednnt
783 2237 939 2312 tympana,
972 2226 1047 2305 liba,
1080 2226 1239 2306 rhombus,
1273 2227 1350 2292 oola·

193 2327 280 2407 hirs,
312 2329 379 2392 lana
399 2330 493 2408 laeta,
524 2328 706 2415 cymbalum,
739 2328 844 2393 oinnus
862 2329 891 2392 in
908 2329 1011 2414 poculo
1028 2339 1218 2415 temperatus.
1265 2330 1349 2394 Adde

194 2442 225 2494 et
239 2428 366 2517 Pythia,
390 2431 510 2516 quaein
529 2432 670 2495 bonorem
685 2431 880 2512 Archemori,
904 2443 934 2494 et
951 2429 1090 2511 lsthmia,
1114 2453 1189 2516 quae
1208 2431 1238 2495 in
1256 2431 1350 2495 Atha-

194 2533 301 2597 mantis
320 2544 349 2596 et
366 2531 541 2599 Melicertae
557 2532 628 2598 lnus
655 2533 703 2596 lilii
723 2533 893 2597 memoriam
912 2533 1090 2598 indicuntur.
1138 2533 1215 2598 Tum
1233 2554 1285 2597 eos
1301 2535 1349 2620 qni

192 2632 325 2701 Phallum
342 2636 570 2716 circumierunt,
594 2655 724 2720 quaeque
740 2633 878 2720 Priapeia
892 2657 975 2700 saera
992 2635 1158 2721 turpissima
1173 2658 1207 2701 ac
1224 2637 1350 2721 flagitio-

193 2738 311 2801 sissima
337 2739 535 2822 frequentant.
581 2739 629 2802 Ad
653 2738 726 2802 haee
748 2735 851 2802 Rheae
875 2739 1004 2802 cultores
1028 2740 1127 2818 viros,
1160 2739 1208 2824 qui
1231 2749 1351 2803 teneros

135 2910 139 2916 ,
193 2861 292 2903 mares
313 2851 472 2918 exsecant,
506 2841 648 2904 etvirilia
672 2840 801 2904 funditus
825 2851 991 2925 amputant,
1023 2841 1096 2904 adeo
1121 2852 1153 2904 ut
1176 2862 1270 2926 neque
1294 2841 1349 2905 viri

193 2942 317 3026 amplius
335 2962 402 3006 esse
421 2941 552 3026 possint,
583 2964 677 3027 neque
697 2943 836 3006 mulieres
860 2943 920 3007 siut
935 2964 951 3006 a
964 2948 1075 3007 'natura
1102 2944 1183 3008 laeti.
1229 2942 1307 3009 Sunt
1321 2955 1352 3006 at

193 3044 242 3106 alii
263 3042 453 3130 Dionysiaoi,
478 3044 526 3130 qui
544 3041 686 3110 Curetum
703 3045 798 3109 saeris
814 3056 845 3109 et
861 3046 992 3110 earnium
1009 3045 1146 3110 divisioni
1164 3046 1282 3111 initiare
1302 3067 1351 3109 so·

194 3145 274 3222 lent,
299 3147 432 3210 coronati
450 3147 654 3234 serpentibus,
684 3159 827 3226 ovantes,
859 3157 890 3211 et
905 3153 966 3211 Ouo
984 3171 1037 3210 oua
1056 3151 1270 3228 vociferantes,
1295 3147 1351 3212 hou

193 3245 352 3312 estllvam
370 3250 465 3327 illam,
497 3272 583 3334 quam
604 3271 729 3337 serpens
751 3251 885 3336 decepit,
917 3252 1107 3331 invocantes,
1138 3253 1202 3314 sive
1222 3250 1349 3336 aspirata

192 3371 268 3414 vooe
289 3362 456 3436 serpentem
481 3350 628 3416 llebraiea
650 3354 749 3438 lingua
773 3354 809 3417 ad
834 3354 964 3418 fraudem
989 3374 1072 3417 suam
1097 3365 1129 3417 et
1148 3374 1280 3418 errorem
1297 3374 1351 3416 vo-

193 3464 307 3516 oantes.
352 3449 430 3516 Nam
446 3451 512 3516 Eva
532 3454 557 3518 si
575 3455 655 3518 tenui
680 3455 784 3540 spiritu
806 3456 1013 3539 pronuntietur
1038 3457 1173 3520 laminam
1191 3455 1348 3540 signifieat,

192 3554 239 3618 sia
261 3555 428 3641 aspiratur,
452 3552 583 3620 Hebraei
606 3556 661 3619 hou
683 3556 827 3623 venabulo
849 3563 926 3621 Hera
948 3570 1115 3645 serpentem
1139 3558 1318 3642 intelligunt.

277 3654 317 3720 Et
331 3656 404 3741 'quid
431 3656 537 3721 attinet
561 3658 643 3742 plura
667 3656 787 3723 diuersi
831 3659 963 3746 Tempus
987 3682 1033 3724 me
1054 3661 1168 3725 deliciet
1191 3660 1216 3722 si
1235 3659 1348 3723 inlinita
1374 3673 1436 3743 cap.
1453 3673 1501 3725 xl.

191 3757 241 3822 illa
260 3758 408 3822 hominum
429 3758 598 3822 discrimina
617 3758 648 3823 ia
663 3770 816 3844 utramque
838 3774 968 3846 partem,
1000 3763 1055 3827 hoo
1079 3774 1125 3826 eat
1151 3761 1290 3826 virtutem
1313 3784 1348 3827 aa

191 3897 247 3947 adit.
261 3899 339 3959 patae.
372 3893 531 3961 Μαλαέρτου
546 3898 631 3946 Mum
651 3899 684 3946 es
700 3897 754 3947 edil.
789 3899 844 3948 edit.
860 3902 941 3950 Psteu.

191 3966 274 4017 Putea.
294 3966 372 4015 Cotem
388 3969 459 4026 repat.
824 3966 862 4018 ll.
882 3965 953 4032 ῥαίαν
969 3969 1036 4018 redd
1054 3983 1109 4019 mas.
1127 3972 1228 4031 uterque.

225 4031 250 4085 9.
265 4027 331 4084 Ἰνοῠ
349 4032 399 4082 aad.
418 4032 516 4095 hlauta.
824 4034 861 4085 lt.
879 4031 1005 4101 κουρήτας
1027 4038 1079 4088 aad.
1093 4038 1157 4102 lem,
1181 4051 1236 4087 eum
1250 4051 1349 4088 rum

227 4101 266 4152 10.
284 4102 403 4163 Petuntur
418 4103 550 4162 suspicatus
568 4106 601 4152 est
621 4100 754 4166 φαλλῑζου·
787 4105 909 4166 wamia,
934 4110 955 4155 st
980 4106 1034 4155 edit.
1055 4108 1130 4168 priua
1165 4101 1274 4170 κόρυτας
1297 4108 1348 4156 esd

192 4183 249 4229 σαι,
267 4170 363 4218 dohech.
378 4168 491 4229 Aptuepb
506 4184 530 4230 p.
543 4166 602 4221 704.
619 4170 754 4236 φαλλαγω-
788 4171 883 4233 ithediq.

190 4236 295 4301 γοῦσαι,
320 4238 357 4285 uel
374 4235 581 4304 praemicantem.
614 4239 673 4288 tttbt
688 4239 754 4288 etde·
824 4236 862 4290 13.
880 4239 1014 4307 xpseaopla
1029 4241 1081 4291 aod.
1098 4242 1195 4303 Rhedtq.

192 4305 260 4352 tatur
299 4307 444 4354 rehamdum
477 4319 525 4356 rasa
558 4304 754 4372 φαλλαρίζουσαι
822 4304 1079 4370 teramnanae
1099 4308 1237 4372 (Sutmurhl
1257 4311 1348 4374 Censet.

192 4368 273 4434 (verbe
297 4373 350 4433 teto
372 4387 389 4420 u
411 4369 560 4438 pausaret,
590 4376 649 4424 ba.
671 4374 754 4424 minor
785 4377 927 4426 dalmatius.
943 4378 997 4426 Ant.
1016 4379 1126 4427 curedis·
1140 4392 1196 4441 pop.
1213 4377 1289 4443 82sq.

191 4435 305 4503 phallus,
330 4434 561 4509 dnoxapuoruaaie),
577 4445 613 4492 uti
629 4445 714 4506 taqttur
727 4446 752 4492 ta
821 4443 860 4494 15.
875 4439 905 4496 ου’
918 4459 962 4506 pre
974 4436 994 4510 ἦ
1008 4448 1117 4496 mandore
1128 4452 1253 4498 muratum
1264 4448 1349 4512 lepttur

191 4507 242 4558 eod.
266 4508 313 4560 tea.
339 4513 361 4557 et
390 4510 427 4561 am
449 4513 526 4572 patae.
569 4509 752 4580 φαλαρίζουσαι
782 4514 809 4564 tn
825 4513 880 4569 edit·
899 4514 980 4568 raas.
1000 4515 1079 4567 cura
1095 4518 1166 4579 repet
