3096 5070
357 291 494 345 ruusmr
511 289 575 342 nm.
589 290 632 340 ιιι.
649 283 733 341 rou.
745 289 776 339 ιι.
794 286 894 340 nunu.
913 283 1057 340 Lxxvsst.
1227 272 1289 340 tos

132 420 278 495 tironem,
317 414 372 476 boc
397 422 444 476 cst
466 411 619 474 collectam
641 430 657 472 e
677 408 809 471 fidelibus
833 407 1009 484 ecclesiam,
1043 406 1124 470 velut
1147 407 1289 490 quendam

132 520 278 605 virginem
296 514 456 599 acceperit,
480 514 554 575 odeo
570 521 600 574 ut
616 510 861 595 praestantiorem
877 509 977 589 elium,
1003 509 1138 572 nimirum
1155 530 1292 571 consum·

133 635 275 687 matorem
296 616 409 694 lesum,
434 616 527 697 legis,
560 615 602 676 sic
620 623 757 697 tanquam
774 610 952 696 paedagogi,
984 611 1127 674 beneficio
1145 632 1293 695 cognove-

133 726 243 799 rimus,
277 740 375 785 nonne
401 737 512 781 summo
536 734 576 778 cx
596 715 707 797 ingenii
733 713 830 798 inopia
852 734 887 775 ec
912 713 1035 777 stultitia
1051 716 1212 798 proiectum
1235 724 1292 790 est,

134 829 209 914 qood
225 826 261 889 ab
274 824 351 886 illius
368 820 512 902 dogmatis
525 817 658 902 patronis
674 816 828 892 asseritur,
849 826 914 900 post
929 816 1063 878 collatam
1079 816 1156 878 illam
1173 838 1189 879 a
1207 812 1295 880 Chri·

134 941 182 995 sto
199 925 409 1014 perfectionem
429 921 596 1005 paedagogo
612 919 717 981 iterum
738 939 812 1002 opus
826 938 904 994 csse,
930 927 962 980 ut
978 917 1011 981 ad
1030 919 1128 1002 priora
1144 918 1193 981 itta
1209 923 1439 1006 trinorciense.

135 1045 165 1095 et
178 1035 329 1099 elementa,
355 1021 575 1104 doctrinamque
591 1042 625 1083 ac
642 1041 778 1083 manuum
794 1019 1009 1104 impositionem
1026 1023 1229 1084 revertemur?
1262 1032 1295 1084 ut
1327 999 1352 1036 ss
1364 996 1415 1047 m

137 1131 244 1197 alicubi
260 1129 398 1211 scriptum
416 1135 478 1203 est3
503 1145 567 1186 cum
584 1133 681 1186 temen
700 1123 850 1207 apostolus
867 1123 977 1185 diserte
994 1143 1048 1185 nos
1064 1123 1184 1202 doceat,
1210 1127 1372 1202 (lure-nest,
1385 1147 1406 1201 n,
1417 1146 1449 1191 ιι,
1531 1205 1532 1208 ¹

138 1237 207 1316 quid
227 1237 409 1292 inveteratum
434 1239 490 1299 est,
522 1247 557 1286 ue
570 1231 647 1287 senio
662 1227 836 1306 confectum,
863 1230 995 1304 procliue
1017 1229 1056 1286 ud
1070 1230 1215 1286 cirteritum
1233 1248 1296 1306 spe·
1433 1315 1435 1320 Ι

139 1347 232 1396 ctare:
266 1332 340 1414 quod
365 1332 400 1392 de
423 1338 524 1392 vetere
553 1337 727 1391 testamento
752 1349 786 1390 ec
805 1329 869 1410 lege
895 1328 1112 1412 pronuntiavit:
1148 1332 1451 1408 Translitonenmo,

139 1441 227 1508 curin,
257 1432 366 1516 inquit,
398 1435 571 1504 sacerdotio,
603 1434 761 1491 necessurt'o
778 1432 822 1509 fit
838 1441 868 1490 et
888 1432 960 1509 legis
976 1434 1138 1491 translatio.
1193 1428 1295 1513 Quare

140 1560 205 1603 eum
225 1547 327 1600 vetere
344 1543 520 1597 testamento
537 1533 680 1595 translato
700 1552 807 1594 novum
826 1532 1020 1595 instauratum
1039 1533 1145 1610 luerit,
1170 1534 1236 1616 quis
1254 1544 1301 1596 est

139 1640 261 1705 audacia
280 1649 359 1701 tenta
385 1633 533 1720 praeditus
558 1634 606 1718 qui
624 1644 710 1698 vetus
735 1634 769 1695 ad
789 1654 872 1696 usum
894 1635 990 1696 denno
1013 1656 1154 1698 revocare
1178 1646 1301 1699 conten-

141 1744 200 1818 dat,
226 1762 333 1805 novum
352 1750 448 1802 autem
463 1737 498 1799 ad
515 1737 601 1800 sitnm
619 1746 855 1818 vetustatemque
872 1739 1047 1816 transferre,
1072 1748 1150 1802 utet
1166 1759 1300 1802 caussam

141 1844 225 1908 nobis
243 1842 382 1929 praebeat
399 1860 451 1902 cur
468 1839 638 1902 excidamus
653 1859 670 1900 a
684 1837 792 1922 gratia,
816 1849 846 1901 et
859 1837 895 1900 eb
912 1859 947 1900 eo
963 1841 1057 1902 fructu
1076 1843 1123 1923 qui
1142 1861 1194 1925 per
1214 1837 1302 1905 Chri·

142 1957 218 2010 stum
242 1944 327 2007 rionis
350 1951 536 2026 comparatus
559 1952 605 2003 est
627 1952 763 2031 avertere
786 1942 932 2002 conetur?

228 2045 283 2109 llis
301 2045 432 2108 breviter
447 2043 483 2106 ad
509 2064 574 2105 eum
593 2043 709 2106 modum
728 2043 902 2128 explicatis,
934 2064 1008 2127 quae
1033 2065 1087 2107 nos
1109 2066 1161 2129 pro
1177 2046 1303 2109 instituti

143 2149 242 2235 operis
258 2147 373 2211 ratione
401 2145 474 2209 satis
498 2165 566 2208 esse
589 2146 751 2224 credimus,
785 2145 819 2207 ad
843 2146 954 2228 reliqna
978 2156 1182 2227 transeamus,
1205 2169 1240 2212 ec
1255 2148 1302 2211 dei

142 2249 275 2336 inprimis
294 2270 377 2335 opem
392 2246 593 2332 imploremus,
617 2257 649 2310 ut
663 2247 697 2309 ad
712 2257 811 2310 cetera
831 2249 994 2327 tractanda,
1015 2251 1193 2330 enarranda,
1217 2270 1304 2315 ever·

146 2354 291 2437 tendoque
315 2351 440 2415 feliciter
462 2351 647 2412 accedemus.

214 2590 521 2670 ADVERSUS
567 2589 1236 2682 Aurlutcuunu1nu1rn8‚

310 2736 392 2807 quae
419 2718 471 2786 est
495 2711 645 2786 haeresis
670 2709 819 2803 Ltus,
846 2711 918 2788 sire
943 2710 1140 2786 Lxxvffl.

233 2860 311 2926 ldem
340 2863 409 2926 illud
439 2865 544 2948 dogma
573 2865 673 2946 (cuius
701 2874 867 2928 assertores
894 2864 981 2927 etiam
1005 2861 1187 2927 Dimoeritee
1217 2862 1306 2945 vulgo
1336 2887 1398 2954 ⁶⁸1>-
1415 2889 1432 2937 ι,

149 2971 369 3048 nuncupantur)
384 2968 459 3050 quod
477 2978 632 3051 susceptae
648 2967 774 3030 hominis
798 2988 814 3030 a
833 2964 953 3031 Christo
973 2978 1096 3029 staturae
1113 2976 1239 3029 mentem
1258 2968 1308 3029 de·

150 3067 256 3145 trahit,
288 3067 361 3131 elias
378 3069 499 3153 insuper
519 3070 671 3134 molestias
687 3092 723 3133 uc
740 3071 857 3154 negotia
875 3071 1006 3153 peperit,
1041 3081 1129 3153 etque
1148 3070 1177 3132 in
1195 3068 1309 3132 Arabia

150 3171 342 3257 praesertim,
375 3172 410 3233 du
428 3172 532 3254 quibus
548 3194 565 3236 e
581 3173 729 3258 religiosis
754 3172 925 3255 quibusdem
945 3172 1017 3235 viris
1036 3192 1138 3235 sumus
1155 3171 1307 3235 admoniti.

151 3275 198 3338 Ac
216 3273 285 3336 licet
306 3283 392 3336 autea
410 3275 446 3336 de
463 3275 565 3338 eodem
589 3286 763 3360 argumento
782 3274 935 3359 epistolam
954 3274 1178 3359 scripserimus,
1211 3286 1308 3337 tamen

152 3380 229 3462 quod
244 3375 316 3438 hacc
332 3375 465 3438 haeresis
482 3377 584 3440 ordine
601 3400 656 3441 suo
676 3398 857 3460 numeroque
877 3379 1033 3455 succedat,
1058 3378 1132 3441 hanc
1147 3378 1238 3462 ipsam
1256 3397 1311 3438 nos

153 3479 323 3565 epistolem,
356 3476 525 3560 quibusdam
549 3479 655 3542 merito
671 3481 718 3543 vel
738 3480 843 3543 additis
860 3481 907 3542 vel
925 3481 1084 3561 detractis,
1116 3479 1311 3544 adversusil·

154 3581 211 3645 lum
234 3579 433 3644 subiiciemus.

240 3681 356 3745 Etenim
381 3702 420 3744 ex
441 3681 803 3744 Antidicomarinnitarum
831 3704 922 3767 grege
945 3685 1094 3764 nonnulli,
1125 3685 1208 3770 quasi
1228 3706 1312 3770 pree·

155 3787 241 3872 cipno
259 3785 382 3870 quodam
404 3784 432 3846 in
452 3783 595 3866 virginem
616 3784 682 3845 odio
707 3795 862 3868 suscepto,
896 3798 927 3848 ut
943 3788 1007 3852 eius
1029 3788 1150 3871 gloriam
1175 3788 1314 3852 obscure·

155 3902 240 3969 rent,
271 3886 482 3963 siveinvidia,
514 3886 578 3949 sive
596 3886 707 3949 erroris
723 3887 852 3949 tenebris
872 3891 1038 3968 occaecati,
1072 3911 1129 3973 qno
1148 3891 1312 3954 mortalium

155 3995 270 4058 animos
294 3990 500 4074 inquinarent,
534 4011 570 4052 eo
587 3986 762 4052 temeritatis
787 3993 937 4073 progressi
959 4003 1027 4055 suot
1050 4004 1079 4054 ut
1098 3993 1313 4058 sanctissimam

155 4130 254 4181 tertiam
273 4138 382 4196 portem,
410 4129 489 4194 ipsam
504 4136 612 4177 mentem
630 4125 655 4176 in
672 4127 719 4176 od·
754 4129 810 4177 editi
827 4130 888 4177 libri.
924 4131 997 4179 enuit
1014 4131 1064 4180 cod.
1080 4132 1127 4180 ltu.
1161 4131 1241 4183 ταῦτα
1262 4138 1314 4186 cod.

156 4209 233 4249 ventu
249 4197 340 4249 Christi
358 4197 382 4246 in
399 4213 472 4246 corne
489 4207 563 4262 negot
577 4203 626 4247 cett
755 4201 844 4260 Poris,
862 4203 883 4247 et
897 4199 995 4261 Rhedip.
1012 4213 1035 4246 n.
1051 4213 1082 4246 m.
1096 4213 1151 4261 pm,
1168 4203 1193 4249 in
1210 4216 1255 4262 quc
1270 4207 1316 4253 cir-

191 4268 216 4318 2.
234 4263 315 4334 ταύτῃ
337 4268 489 4316 emendarunt
508 4267 635 4316 comorius
657 4271 721 4324 (vcr-
755 4269 864 4331 complexi
896 4272 1002 4315 occentus
1026 4268 1104 4316 eddim
1133 4274 1221 4318 restent
1250 4275 1318 4320 uesti-

159 4342 208 4387 tens
225 4350 288 4402 quae
306 4363 339 4376 -
355 4334 403 4401 ipsi
420 4332 506 4384 addito
527 4336 596 4400 sunt)
614 4340 636 4385 et
650 4338 720 4387 Petn-
754 4339 809 4399 pio,
834 4336 986 4396 superaddito
1005 4339 1087 4396 posteo
1104 4341 1173 4385 acuto
1189 4341 1209 4385 et
1226 4342 1316 4400 rpttnbu

158 4409 226 4465 utus,
250 4418 322 4465 quom
343 4407 499 4467 scripturum,
524 4406 583 4465 siqlo
603 4405 635 4453 ld.
653 4410 720 4454 uoto·
755 4406 823 4467 finali
844 4409 950 4466 mutato,
975 4405 1015 4452 sed
1041 4406 1074 4451 ito
1097 4411 1122 4453 ut
1144 4407 1201 4466 quid
1220 4409 1318 4457 voleurit

159 4480 224 4535 tum,
248 4474 340 4521 inuenio
362 4476 433 4523 ctiam
455 4475 480 4521 in
499 4475 606 4534 morpine
622 4475 721 4534 exempli
754 4475 866 4522 librarius
882 4475 972 4522 dinosci
987 4475 1030 4522 uic
1045 4478 1121 4533 quent.

159 4543 299 4602 Selottiuui,
316 4542 378 4602 qnod
390 4554 461 4602 penes
474 4555 510 4590 me
524 4542 605 4591 dobeo
627 4536 723 4604 ταύτην
790 4542 815 4592 3.
831 4535 874 4593 oirt’
893 4534 974 4605 αὐτῆς
990 4541 1041 4590 eod.
1055 4542 1151 4604 liludip.

1045 4626 1113 4695 26*
