3096 5070
279 247 341 310 430
699 258 825 314 τινσιι
840 260 1011 313 τοιοιιιτιιι
1097 291 1100 297 ⁵

278 374 312 443 τό
328 373 424 458 όνομα
441 376 550 455 αὐτοῦ,
573 376 680 459 ταχέως
694 375 865 456 σκύλευσον,
887 377 979 455 ὀξέως
993 375 1214 461 προνόμευσον,
1237 375 1288 442 καί
1306 375 1343 445 τοί
1356 379 1436 463 έξῆς.

278 483 423 561 Σημαίνει
437 479 469 544 δέ
486 480 618 545 ἐνταῦθα
633 476 687 561 την
703 487 758 546 τοῦ
778 477 907 564 Γαβριὴλ
923 482 1037 557 είςοδον
1055 478 1130 566 πρός
1149 478 1203 564 τὴν
1220 484 1362 567 Μαρίαν,
1385 480 1437 549 ὅτε

280 582 427 664 4ἐξῆλθεν
445 580 687 667 εὐαγγελίσασθαι
707 577 797 671 αὐτῇ,
829 580 876 647 ότι
900 583 992 664 μέλλει
1007 589 1113 667 γεννᾶν
1134 579 1202 648 υἱόν
1218 590 1294 650 θεοῦ
1316 591 1436 670 σωτῆρα

278 689 321 772 τῷ
338 682 455 773 κόσμῳ,
484 681 543 749 ούκ
564 680 625 749 dud
651 685 816 768 σπέρματος
840 680 968 768 ιἰνδρός,
997 681 1069 749 ιίλλιί
1087 682 1137 750 διοί
1156 685 1322 768 πνεύματος
1336 683 1435 772 ύγίοα.

264 783 363 851 Lm&
380 787 431 850 καί
448 792 490 874 τῷ
511 791 651 875 Φιλίππῳ
673 793 715 875 τῷ
731 784 918 876 εόαγγελιστῇ
940 787 1076 873 τέσσαρες
1091 779 1167 870 ἦσαν
1181 782 1343 873 θυγατέρες
1361 814 1436 875 προ·

278 885 473 970 φητεύουσαι·
496 887 702 974 ἐπροφήτευον
718 886 744 953 δ’
759 887 816 974 ι’ίρα
830 886 867 954 δι’
887 889 948 972 θῆν
964 894 1155 971 κατηξιοῦντο
1171 892 1244 972 ἔχειν
1259 896 1435 975 παρθενίαν.

278 993 339 1056 Καί
363 992 458 1056 Θέκλα
476 991 530 1074 μέν
546 997 680 1079 συναντᾷ
699 989 809 1080 Παύλῳ
826 998 866 1080 τῷ
882 989 973 1081 οίγίρι,
1002 992 1053 1056 καί
1076 990 1224 1057 διαλύεται
1241 990 1354 1078 γόμου,
1385 990 1437 1078 όρ·

276 1092 387 1177 μαστόν
404 1096 510 1176 ἔχουσα
527 1091 742 1173 εὐωδέστατον,
775 1093 963 1179 πρωτεύοντα
979 1094 1011 1158 δέ
1028 1091 1155 1171 πόλεως,
1186 1092 1328 1161 πλούσιον
1345 1093 1435 1181 όίγαν,

276 1196 481 1283 εέγενέστατον
500 1196 533 1261 δέ
548 1199 581 1262 έν
597 1203 639 1284 τῷ
662 1199 717 1285 βίρο
740 1198 791 1260 καλ
818 1197 1070 1278 διαφανέστατον,
1103 1197 1154 1261 καί
1178 1206 1354 1283 περιφρονεῖ
1374 1204 1437 1263 τῶν

277 1301 414 1386 ἐπιγείων
432 1296 452 1382 ἡ
470 1295 556 1384 ἇγία,
586 1302 637 1363 ἵνα
651 1305 710 1364 τῶν
734 1300 918 1384 ἐπουρανίων
940 1296 1084 1384 ἐγκρατής
1107 1300 1232 1384 γένηται.
1278 1303 1321 1364 Et
1335 1279 1437 1367 τοίνυν

278 1394 361 1470 ούτοι
376 1409 482 1480 ταῦτα,
506 1400 590 1489 πόσρτ
610 1424 642 1485 γε
656 1406 765 1483 μᾶλλον
779 1397 799 1484 ἦ
813 1406 936 1485 Μαρία,
959 1399 1006 1482 ἐφ’
1025 1399 1063 1483 ἢν
1080 1397 1100 1483 ἡ
1116 1406 1273 1484 θαυμασία
1292 1410 1373 1468 πᾶσα
1392 1405 1434 1469 οί-

279 1508 404 1588 κονομία
421 1506 585 1590 γεγένηται,
634 1501 738 1567 Πόθεν
762 1508 862 1569 τοίνυν
884 1505 1000 1581 συνοίξω
1026 1507 1158 1580 διανοίας
1178 1507 1220 1580 τίς
1245 1502 1278 1570 τό
1303 1502 1436 1591 όγαθόν,

278 1609 329 1674 καί
345 1608 478 1692 ἐκτρέψω
496 1602 547 1670 τόν
564 1607 657 1686 ζόφον
676 1612 735 1670 τῶν
751 1604 785 1670 τό
804 1604 886 1672 δεινοί
902 1605 1154 1692 ἐγκισσησοίντων,
1176 1603 1316 1692 καθάπερ
1333 1608 1436 1694 γέγρα-

212 1748 214 1753 ·
278 1736 366 1788 πται,
388 1708 538 1790 Συνέλαβε
551 1705 661 1786 πόνον,
683 1709 734 1772 καλ
748 1710 843 1774 ίτεκεν
858 1708 1002 1790 οίνομίαν,
1049 1701 1140 1775 Ούτοι
1156 1706 1213 1795 γδρ
1229 1706 1350 1792 ύληθοίς
1366 1718 1435 1777 συλ·

278 1809 463 1896 λαμβάνουσι
483 1807 577 1876 πόνον
597 1809 822 1894 διανοημάτων,
845 1816 976 1878 τίκτουσι
998 1811 1029 1876 δέ
1050 1811 1178 1894 ἀνομίαν
1199 1815 1405 1898 βλασφημιῶν.

144 2232 212 2302 Κιφι
224 2224 263 2295 ῑί·
361 2219 450 2291 Ἀλλό
466 2221 507 2308 μή
524 2251 567 2300 τις
582 2224 677 2290 ἐκεῖνα
690 2217 861 2302 ύπονοείτω,
884 2225 935 2288 καί
949 2224 1055 2307 ἑτέρως
1070 2219 1146 2288 αύτοί
1164 2219 1351 2308 ύποσιτείρειν
1363 2223 1427 2286 έαυ-

281 2335 323 2419 τῷ
337 2327 518 2414 πειρώμενος
537 2329 657 2413 λεγέτω,
690 2332 763 2401 Πῶς
780 2319 837 2391 οὖν
854 2322 917 2390 είπε
932 2324 965 2391 τό
983 2326 1151 2412 εὐαγγέλιον
1168 2324 1228 2405 ότι,
1256 2321 1377 2408 Εύρέθη
1393 2323 1425 2386 ἐν

146 2432 386 2518 μωΜγαστρί
405 2432 509 2513 ίγουσα
533 2432 566 2497 ἐκ
589 2427 756 2511 πνεύματος
782 2425 868 2514 ύγίου
887 2425 908 2511 ἡ
926 2434 1048 2514 Μαρία,
1080 2430 1151 2514 πρίν
1169 2425 1350 2511 ἧσννελθεῖν
1373 2423 1427 2488 αό-

282 2532 366 2611 τούςς
416 2530 508 2615 1’Ἁρα
525 2523 579 2597 οὖν
595 2535 796 2617 προςεδοκᾶτο
819 2527 840 2613 η
855 2532 1038 2609 συνέλευσις,
1065 2533 1118 2596 καί
1134 2527 1237 2597 τούτου
1253 2526 1339 2613 χάριν
1355 2522 1429 2604 είπε,

285 2634 352 2722 Πρό
378 2641 431 2700 τοῦ
454 2642 621 2712 συνελθεῖν,
664 2631 748 2698 Ἀλλδ
770 2634 820 2698 καλ
844 2630 932 2697 πόλιν
951 2635 983 2698 ἐν
1005 2631 1081 2721 ι’ίλλφ
1104 2633 1186 2722 τόπη)
1207 2628 1240 2696 τό
1255 2627 1329 2695 αιἰτδ
1344 2624 1433 2694 πόλιν

283 2735 452 2823 ιόαγγέλιόν
464 2758 547 2819 φησι,
571 2738 652 2801 mai
671 2732 781 2820 εύρέθη
795 2737 827 2800 ἐν
840 2736 942 2820 γαστρί
957 2737 1065 2818 ἐχουσα
1079 2736 1151 2821 πρίν
1165 2735 1303 2811 είςελθεῖν
1314 2728 1436 2809 αὐτούς,

282 2839 388 2924 ἢκαί,
418 2836 585 2924 Ἑγέννησε,
614 2841 665 2904 καί
687 2836 743 2904 ούκ
760 2840 834 2924 έγνω
853 2836 962 2920 αὐτὴν,
994 2836 1097 2920 ἢκαλ,
1124 2836 1280 2922 Ἐγέννησι
1300 2832 1353 2901 τόν
1371 2830 1438 2898 υλόν

283 2941 376 3025 αὐτῆς
391 2939 442 3007 τόν
459 2939 662 3026 πρωτότοκον,
693 2943 745 3007 καί
763 2940 819 3007 οδιι
839 2938 903 3030 ᾔδει
918 2936 1026 3023 αὐτὴν,
1054 2941 1123 3019 καί,
1160 2939 1226 3004 Οὐκ
1242 2940 1318 3024 έγνω
1332 2932 1438 3018 αὐτὴν,

282 3046 340 3121 δας
356 3042 427 3109 ὅτου
443 3045 576 3128 ἐγέννησε
595 3042 645 3110 τόν
660 3041 728 3109 υίόν
745 3040 838 3126 αὐτῆς
857 3041 909 3108 τόν
926 3040 1123 3128 πρωτότοκον.
1170 3043 1230 3106 Καί
1247 3040 1306 3108 οίικ
1321 3042 1440 3105 οίδιισιν

287 3150 342 3213 *ολ
351 3144 405 3222 τός
418 3150 547 3230 θεωρίας
563 3154 623 3212 των
639 3153 762 3232 γραφων
774 3149 900 3229 διαιρεῖν
915 3144 1166 3231 ἐπαγγελλόμενοι,
1188 3145 1240 3208 καί
1254 3140 1289 3208 τό
1307 3142 1439 3227 μετέωρα

283 3252 334 3317 καλ
353 3247 510 3333 βαθύτατα
526 3248 766 3335 περιεργάζεσθαι
781 3250 1012 3334 ἐπιχειροῦντες,
1043 3247 1088 3313 ότι
1105 3244 1126 3330 η
1146 3250 1286 3332 *θεωρία
1301 3251 1440 3311 τοιοῦτον

284 3353 340 3436 ἐχει
356 3349 408 3418 τόν
422 3349 542 3438 τρόπον.
587 3355 630 3416 Εί
640 3349 694 3437 γιίρ
711 3349 799 3417 πόλιν
817 3353 969 3434 ἐγέννησεν
985 3347 1005 3433 ἡ
1020 3354 1142 3436 Μαρία,
1173 3351 1232 3414 ἔδει
1248 3349 1299 3439 καί
1315 3354 1375 3412 τῶν
1389 3343 1440 3410 32-

285 3461 344 3520 λων
362 3452 500 3534 ιἰδελφοίν
520 3456 613 3521 είπεῖν
634 3452 670 3518 τοί
687 3451 827 3536 όνόματα.
872 3455 915 3517 Εἰ
929 3453 961 3518 δέ
977 3450 1079 3535 ἐπειδὴ
1097 3448 1285 3536 πρωτότοκός
1305 3451 1365 3516 ἐστι
1382 3447 1441 3512 ποί·

286 3578 340 3640 σης
354 3560 476 3632 κτίσεως
493 3553 511 3621 ό
526 3556 702 3642 μονογενής,
725 3554 766 3639 μὴ
781 3559 927 3640 θορυβοῦ.
975 3555 1021 3621 Ου’
1038 3554 1092 3641 γοίρ
1109 3551 1190 3619 εἶπεν
1203 3551 1266 3631 ότι,
1284 3551 1441 3637 Ἐγέινησε

285 3658 337 3726 τόν
351 3658 540 3744 πρωτότοκον
558 3660 668 3742 αὐτῆς,
691 3656 765 3739 ἀλλ’,
797 3657 861 3723 Οὐκ
878 3660 953 3744 ἐγνω
969 3656 1063 3742 αὐτὴν
1082 3659 1137 3733 ἕως
1153 3654 1225 3721 ότου
1240 3656 1373 3740 ἐγέννησε
1387 3651 1442 3719 τόν

286 3761 353 3829 υλόν
367 3760 467 3847 αὐτῆς.
513 3765 573 3828 Καί
589 3763 646 3828 οὐκ
661 3759 739 3844 είπε,
766 3758 825 3827 Τόν
841 3758 1031 3845 πρωτότοκον
1044 3759 1148 3843 αὐτῆς,
1171 3757 1259 3839 ιἰλλιί,
1287 3756 1344 3823 Τόν
1359 3782 1441 3840 πρω-

284 3863 416 3931 τότοκον.
458 3862 525 3930 Ἐπί
543 3866 596 3948 μέν
612 3863 667 3951 γοίρ
683 3873 723 3954 τῷ
744 3868 808 3952 Τίῷ
829 3863 922 3945 αὐτῆς
946 3861 1089 3946 ἐσήμανεν
1106 3865 1136 3941 ἐξ
1149 3862 1243 3945 αὐτῆς
1257 3861 1331 3926 κατιί
1344 3856 1442 3942 σύρκα

285 3975 496 4055 γεγεννῆσθαι,
528 3971 577 4034 έπί
593 3969 626 4034 δέ
643 3975 679 4058 τῇ
698 3975 751 4035 τοῦ
774 3963 967 4051 πρωτοτόκου
992 3968 1146 4054 ἐπωνυμίη
1167 3965 1269 4031 οὐκέτι
1284 3961 1316 4028 τό
1338 3956 1442 4044 Λύτῆς

319 4173 343 4227 4.
369 4177 482 4242 τίςῆλὲτν
498 4181 582 4242 tegitur
604 4181 629 4228 ι’κι
646 4192 721 4240 mara.
746 4179 846 4238 ταεωφλκ·
912 4173 936 4224 2.
963 4175 1037 4224 Verba
1061 4172 1115 4226 Καὶ
1139 4167 1232 4239 εὑρέθη
1257 4199 1272 4208 -
1290 4196 1304 4206 -
1328 4167 1372 4219 καὶ
1394 4161 1442 4220 οιίκ

273 4245 430 4322 flammam,
455 4248 538 4296 οιιιιο
552 4249 611 4308 τιμε
625 4247 656 4295 ιι.
672 4273 705 4284 -
740 4247 844 4295 αιτιοι
877 4234 938 4310 ᾔτει
951 4237 1032 4308 αὐτὴν
1047 4246 1071 4292 οι
1083 4245 1175 4294 uncinis
1188 4241 1310 4292 ωιιιωοιι
1321 4238 1442 4297 Petamus,

286 4314 317 4376 cs.
333 4316 404 4362 ιλίιιιιι
421 4317 497 4363 Grabc
514 4317 623 4377 Ερίωλις.
641 4316 666 4376 1,
683 4327 737 4375 ρας.
753 4310 793 4363 99.
812 4312 845 4360 αδ
878 4315 1008 4362 comorius
1022 4314 1047 4361 in
1060 4314 1164 4362 versione
1172 4312 1259 4360 Latina
1271 4319 1368 4367 prorsus
1382 4306 1443 4354 οπλ-

288 4382 344 4432 Μ·
879 4381 915 4430 εἱλ-
935 4407 968 4418 -
1004 4382 1040 4442 Cf.
1062 4381 1127 4441 infra
1147 4393 1201 4440 τορ.
1218 4375 1259 4426 ¹20.
1285 4379 1306 4423 τε
1329 4373 1443 4422 eomer.

321 4450 345 4497 ὁ.
365 4437 398 4515 ἦν
414 4449 451 4498 οδ.
469 4452 550 4501 Ριλοο.
568 4449 685 4500 mendum
703 4502 715 4528 γ
880 4449 973 4498 Παιπλ.
985 4449 1013 4496 de
1025 4449 1083 4497 Νουὶ
1093 4446 1241 4497 instrumenti
1253 4444 1318 4504 stylo
1335 4455 1387 4502 οομ.
1404 4440 1444 4502 11,

323 4515 380 4566 (λιιι.
398 4517 479 4569 xvn.
502 4545 529 4555 -
567 4516 587 4566 l.
607 4518 680 4579 Υαίμο
696 4532 753 4582 (τρι
878 4514 953 4578 Ρ-ῖδ.
990 4517 1065 4564 Grabe
1083 4517 1164 4576 spicit
1181 4517 1196 4561 ί.
1216 4516 1231 4561 ί.
