3096 5070
441 308 577 360 raanan
594 304 657 358 mc.
673 306 716 357 ru.
734 306 817 360 noar.
830 306 849 356 r.
866 305 966 357 naas.
981 296 1100 356 uxxtu.
1223 313 1229 329 ·
1307 291 1349 356 td

191 427 332 516 uim'aire
347 428 547 513 maguitudino
565 447 705 511 superare
723 427 842 504 dixerit,
862 424 1102 510 quemadmodum
1119 424 1232 487 coelam
1250 434 1349 486 moute

192 530 290 616 aliquo
321 530 369 593 vel
399 530 474 593 colle
503 529 595 592 maius
628 538 692 606 est,
725 530 760 590 ud
784 550 904 614 operum
928 525 1115 590 uilailominus
1138 526 1347 604 conditionem,

192 634 378 718 quamumris
409 631 608 714 magnitudine
636 631 812 694 antecedere
836 631 924 705 velit,
957 629 1080 691 eundem
1111 625 1190 690 illum
1213 628 1347 691 subiiciet:

192 735 257 799 sive
283 757 337 799 usu
362 747 392 798 et
416 733 559 816 obsequio
583 742 733 816 praestare
758 733 866 795 ceteris
892 731 979 807 velit,
1011 729 1087 813 quod
1116 729 1227 813 reliqua
1252 729 1351 793 omnia

193 838 408 922 praecesserit,
439 836 528 897 etad
554 856 655 898 eorum
681 835 899 919 productionem
926 854 1046 918 operam
1070 852 1152 894 suam
1179 831 1348 909 condolent,

193 939 284 1003 uiliilo
301 950 398 1002 tamen
415 936 508 1019 magis
524 937 559 999 ab
576 936 759 1021 opiliciorum
778 936 899 998 uotiuuc
913 935 1081 999 diiudicabit.
1130 932 1168 999 Ut
1185 935 1262 997 euim
1280 933 1350 997 uibil

193 1041 335 1118 intereat,
370 1039 396 1101 si
413 1039 541 1124 forcipe,
573 1059 734 1101 nonmaou
753 1037 833 1123 ipsa,
864 1037 953 1101 carbo
970 1038 1005 1101 de
1022 1036 1105 1100 altari
1125 1037 1267 1119 capiatur,
1292 1055 1350 1120 qno

192 1142 272 1206 illius
289 1139 435 1204 beneficio
451 1141 561 1204 fabrilis
575 1162 624 1204 ars
643 1141 768 1202 ferream
788 1140 923 1202 laminam
940 1140 1076 1219 inducat,
1101 1150 1255 1226 propterea
1273 1139 1349 1222 quud

193 1255 253 1308 tam
272 1244 387 1327 forceps
408 1264 492 1327 qoam
512 1236 634 1320 ferrum,
658 1245 734 1326 quod
751 1264 804 1327 per
821 1242 897 1306 illam
916 1243 1050 1321 ducitur,
1075 1244 1153 1307 iuter
1170 1262 1260 1327 opera
1280 1262 1350 1304 cea-

194 1356 312 1424 uentur‚
344 1346 382 1408 ita
403 1346 500 1409 nilrila
520 1347 667 1431 productis
683 1345 821 1431 operibus
839 1346 888 1409 ille
906 1367 958 1430 per
974 1367 1059 1429 quem
1074 1348 1148 1409 lancta
1167 1355 1234 1410 suut
1252 1343 1349 1406 omniu

195 1449 327 1526 differet,
360 1447 416 1510 uisi
445 1448 521 1511 lilius
546 1450 602 1528 sitq
642 1450 882 1533 quemadmodum
910 1448 1051 1511 naturalis
1077 1447 1152 1511 ratio
1180 1447 1347 1532 persuadet.

194 1548 273 1632 Quin
299 1552 390 1613 lactus
414 1552 477 1636 ipsc
501 1550 623 1635 primum
640 1552 697 1613 ecit
714 1550 843 1613 cunradum
862 1571 952 1635 opus,
983 1571 1018 1613 ac
1034 1551 1114 1614 velut
1131 1549 1291 1613 conditoris
1305 1548 1350 1611 iu·

192 1664 402 1731 strumentum
428 1673 480 1737 per
502 1654 577 1737 quud
601 1654 740 1716 universa
764 1654 912 1716 moliatur.

276 1753 383 1839 Ncque
407 1776 480 1819 vero
498 1777 537 1818 ex
557 1756 593 1817 iis
613 1756 659 1840 qui
679 1756 767 1838 vulgo
785 1755 834 1817 lilii
854 1757 1041 1818 nominantur
1064 1755 1180 1840 proprie
1206 1754 1273 1817 dicti
1301 1776 1351 1838 pa·
1378 1761 1441 1834 cap.
1457 1766 1488 1818 v.

192 1856 264 1934 tris,
290 1868 341 1920 aut
358 1858 406 1919 lilii
424 1858 567 1920 rationem
586 1857 769 1920 ‹eavittuone
788 1857 875 1920 debet
892 1856 1024 1919 eludere.
1067 1855 1145 1920 Nam
1163 1857 1268 1941 alioqui
1289 1857 1350 1941 plu-

191 1979 242 2022 res
261 1970 349 2022 eruut
365 1958 412 2021 dei
427 1958 489 2021 lilii.
534 1957 624 2023 Velut
642 1981 706 2022 oum
727 1959 814 2038 dicit,
839 1963 1046 2040 Filiusgenur',
1078 1971 1108 2021 et
1120 1962 1261 2033 exultavi,
1295 1964 1489 2040 psincus

193 2082 259 2123 vero
279 2073 446 2142 spreverunt
468 2082 528 2138 me3
560 2061 647 2140 item,
680 2064 781 2124 Nonne
797 2074 882 2142 poter
902 2083 975 2123 unias
999 2074 1043 2123 est
1064 2067 1185 2123 omnium
1207 2066 1351 2123 vernum?
1376 2067 1477 2114 Mdttk

192 2162 282 2241 item,
316 2167 458 2244 Quotquot
467 2175 638 2243 receperunt
651 2185 730 2238 earm,
764 2168 843 2226 dedit
858 2169 898 2225 eis
913 2176 1078 2244 potestatem
1094 2167 1179 2245 fidos
1201 2168 1250 2226 ded
1262 2166 1347 2245 fieri,
1363 2121 1502 2229 ¹⁰⁸²·itll'd2·

192 2270 244 2348 qui
256 2287 312 2327 non
327 2289 365 2326 ear
381 2268 523 2326 uoluntate
540 2287 652 2340 carnis,
684 2288 772 2348 neque
787 2289 825 2328 eu
839 2269 982 2328 uoluentute
1003 2271 1072 2340 ucri,
1105 2270 1156 2328 sed
1171 2289 1209 2327 eu
1222 2270 1274 2328 deo
1289 2270 1354 2327 nuti

189 2380 267 2430 nme.
315 2365 393 2449 Quid
416 2368 491 2451 quud
517 2379 547 2430 et
562 2366 697 2430 inanimis
711 2388 825 2453 quoque
850 2368 938 2432 rebus
956 2367 1079 2453 idipsum
1098 2368 1253 2431 tribuitur?
1297 2371 1460 2448 (ludlow.
1469 2376 1503 2420 ὃ·

188 2475 307 2552 gmuc't,
332 2469 442 2553 inquit,
473 2472 569 2531 stillas
586 2475 675 2540 romi.
722 2468 770 2533 Ex
789 2470 834 2534 lais
850 2470 928 2534 enim
946 2470 1080 2533 omuibus
1103 2481 1134 2532 ut
1152 2471 1304 2553 plurimum
1321 2470 1348 2533 id

191 2572 333 2636 efficietur
352 2583 382 2635 ut
399 2593 439 2635 ex
457 2571 604 2636 communi
630 2572 677 2635 illa
700 2572 913 2656 significatione
935 2573 980 2635 dei
1006 2573 1081 2636 lilius
1104 2572 1184 2635 nullu
1209 2573 1295 2635 modo
1312 2573 1351 2635 sit

191 2674 285 2752 filius,
317 2675 358 2737 uti
377 2695 431 2738 uec
450 2674 498 2737 illu
520 2674 583 2759 ipsa
601 2684 686 2753 suut,
719 2676 770 2737 sed
789 2697 862 2761 opus
888 2675 927 2739 sit
947 2675 993 2738 dei
1021 2676 1164 2738 duntaxat
1185 2694 1286 2737 corum
1306 2676 1351 2736 iu·

191 2786 270 2856 star,
301 2797 336 2839 ac
357 2777 449 2841 solius
466 2777 668 2862 appellationis
692 2778 849 2862 particeps.
896 2776 1031 2841 Ecclesia
1051 2797 1139 2862 porro
1157 2777 1241 2839 deum
1259 2777 1353 2840 credit

192 2897 251 2940 non
268 2878 354 2940 modo
373 2891 537 2942 creatarum
555 2900 652 2943 rorum
670 2899 737 2942 csse
757 2879 938 2943 corcditorem
955 2880 1026 2960 (huc
1043 2879 1121 2943 carim
1140 2878 1237 2942 ludaei
1256 2877 1352 2943 Grae·

192 2980 276 3065 cique
300 2980 409 3064 pariter
435 2989 633 3066 agnoscunt),
664 2982 716 3045 sed
741 2992 769 3044 et
791 2981 867 3045 urrici
888 2982 936 3045 tilii
957 2995 1085 3067 patrcm3
1113 2982 1161 3066 qui
1182 3003 1239 3043 oon
1257 2981 1351 3044 sistrum

191 3084 417 3167 procreatricem
443 3084 587 3147 actionem
612 3084 733 3162 habeat,
768 3093 997 3169 propterquam
1023 3094 1141 3147 creator
1165 3083 1349 3168 intelligitur,

191 3186 243 3250 sed
271 3195 301 3248 ct
325 3186 440 3271 proprio
464 3187 606 3270 unicoque
631 3185 810 3270 generandi,
846 3207 886 3249 ex
912 3208 967 3271 qua
987 3186 1063 3249 unici
1082 3184 1131 3249 lilii
1154 3197 1265 3272 patrem
1283 3207 1351 3250 esso

191 3289 410 3372 cognoscimus.
455 3287 520 3352 Hoc
538 3289 614 3352 euim
632 3288 735 3352 beatus
751 3311 805 3352 uus
820 3285 930 3353 Paulus
950 3288 995 3353 lais
1011 3288 1111 3352 verbis
1130 3291 1264 3353 edocuits
1290 3293 1351 3351 llu-

190 3394 251 3464 c‘us,
276 3391 386 3475 iuquit,
406 3396 522 3471 graleu,
538 3395 629 3475 flecto
644 3413 741 3473 ganan
758 3412 818 3453 meu
833 3395 873 3452 od
885 3403 1012 3471 putrem
1044 3413 1131 3473 aquo
1150 3396 1239 3454 omneis
1250 3403 1348 3472 puter-
1360 3397 1504 3458 Romu&

190 3496 266 3553 nctus
281 3498 311 3555 in
333 3497 410 3556 coelo
424 3507 453 3555 et
465 3499 494 3556 in
510 3506 588 3555 terra
603 3499 775 3557 cumulantem.
823 3491 863 3558 Ut
880 3492 956 3556 euim
977 3505 1075 3579 patres
1093 3494 1133 3556 illi
1150 3494 1179 3557 iu
1198 3505 1277 3557 terra
1297 3516 1350 3558 ao·

191 3592 356 3672 minantur,
380 3598 427 3679 qui
446 3598 480 3659 ad
496 3616 567 3658 sarae
582 3607 705 3659 naturae
722 3597 940 3660 similitudinem
956 3616 1118 3683 expressos
1137 3595 1245 3658 linlrcut
1261 3595 1347 3675 lilios,

190 3692 234 3756 sic
252 3693 280 3756 iu
300 3695 383 3758 coelo
400 3708 482 3781 pater
503 3697 551 3761 ille
568 3698 674 3760 dicitur
689 3718 707 3761 a
723 3720 780 3781 quo
798 3699 907 3762 terreni
925 3710 1042 3783 patres,
1075 3698 1123 3780 qui
1144 3708 1266 3760 naturae
1282 3719 1350 3782 pro·

190 3795 329 3859 ducturus
346 3807 431 3876 suut,
463 3809 625 3874 vocantur3
657 3801 733 3882 quod
759 3801 879 3863 omnino
895 3802 930 3863 ad
951 3811 1073 3863 naturae
1093 3819 1164 3861 suae
1185 3799 1349 3862 similitudi·

190 3919 258 3961 nean
275 3898 404 3982 genitum
423 3919 461 3962 ex
476 3919 511 3960 ca
527 3920 595 3961 sese
610 3900 696 3961 lilium
721 3899 817 3962 lubet.
861 3899 969 3987 Neque
987 3913 1085 3988 potest
1104 3921 1206 3967 corum
1226 3903 1348 3966 tiliorum

190 3999 292 4079 notio,
316 4000 363 4085 qui
379 3999 521 4063 abusione
537 4000 657 4083 quadam
673 4000 774 4078 vocis,
799 4012 829 4063 et
846 4001 1038 4090 homonymos
1054 4002 1205 4082 dicuutur,
1230 4007 1266 4067 ad
1285 4005 1349 4068 oni-

189 4123 255 4167 cum
274 4104 321 4167 dei
346 4102 435 4167 lilium
460 4102 686 4165 accommodari.
732 4098 982 4182 Quemadmodum
1001 4105 1089 4192 pyxis
1110 4126 1144 4169 ca
1162 4105 1278 4192 proprie
1297 4129 1349 4170 vo·

223 4259 247 4310 5.
264 4261 315 4311 Nun
329 4259 477 4322 dubitoquin
491 4257 647 4320 reponendum
659 4259 689 4307 au
706 4273 750 4321 μο·
785 4253 891 4306 cundum
909 4255 1063 4324 propriarum
1087 4258 1246 4310 montiacum
1262 4258 1348 4312 cimili-

190 4326 311 4405 ucpcntc
352 4391 359 4412 ,
531 4397 536 4408 ,
784 4323 895 4406 tudinem
913 4324 975 4375 lilino
990 4324 1093 4408 f'llss‘ntg
1107 4325 1212 4412 siccet&-
1242 4330 1347 4413 Supplqo

222 4397 376 4463 optumas
393 4397 445 4446 cod.
462 4395 560 4457 ltdedtp.
784 4398 805 4443 et
822 4408 912 4457 compo
930 4392 989 4446 Καθ
1020 4411 1159 4481 cumurqru
1175 4414 1225 4451 των
1240 4399 1292 4450 καθ
1316 4414 1347 4450 o·

223 4461 246 4516 7.
265 4464 361 4523 ..voest
377 4462 483 4512 tortasse
499 4459 618 4529 aliquid.¹‘
633 4464 751 4514 Petuntur.
786 4456 909 4529 μοιὸτητα
923 4460 973 4514 τῶν
988 4459 1087 4518 οἰκείων
1102 4464 1195 4520 uncinis
1208 4459 1347 4526 rodculoda

190 4531 318 4582 Comuntur
341 4535 410 4583 oerttt
431 4529 501 4582 sicut
523 4530 588 4581 enim
607 4527 634 4581 hi
650 4529 692 4599 qui
708 4545 752 4584 ce·
785 4523 909 4600 (pirrus,
926 4523 993 4586 uduo
1010 4535 1059 4584 cett.
