3096 5070
304 242 312 253 ’
426 273 565 331 raanan
581 274 645 331 nn.
659 230 704 332 nn.
720 279 803 332 ron.
817 281 850 331 u.
866 273 968 332 nsua.
982 278 1115 350 nxxvn
1283 258 1346 332 aad

274 519 487 573 ATHANASlUS
504 517 682 569 Ertscontts
699 518 942 569 nnnxnnntttsa
959 516 1124 568 saturano
1143 517 1260 568 contn-

595 603 753 655 Tritonum
771 603 938 654 nrtscoro

275 707 417 794 Equidem
443 705 608 769 arbitrabar
630 705 863 783 haereticorum,
899 715 1041 788 quotquot
1067 724 1192 788 unquam
1218 706 1347 785 luerunt,
1369 706 1429 774 ⁰⁸9·
1444 706 1484 755 ¹¹¹·

190 813 319 878 amnium
334 831 441 874 vanam
457 808 672 892 absurdumque
687 806 892 891 loquacitatem
908 807 944 868 ab
954 805 1089 870 Nicaena
1102 809 1216 892 syuodo
1234 808 1349 891 penitus

186 907 258 981 ¹esse
273 931 484 997 compressam.
531 906 615 990 Quae
635 909 713 972 euim
730 910 789 972 illic
811 929 828 970 a
847 909 976 994 patribus
996 931 1034 972 ex
1054 929 1204 972 sacrarum
1223 909 1352 972 auctori-

189 1029 251 1081 tate
267 1017 416 1079 literarum
439 1012 588 1097 proposita
610 1011 677 1073 iidei
696 1011 820 1075 formula
837 1022 899 1088 est,
932 1032 997 1075 cum
1017 1014 1052 1075 ad
1078 1033 1165 1076 omne
1186 1032 1281 1094 genus
1299 1013 1352 1075 im·

193 1117 308 1206 pietatis
323 1109 526 1192 evertendum,
551 1123 609 1176 tum
627 1113 662 1176 ad
680 1111 849 1197 religiosam
865 1114 896 1176 iu
913 1109 1034 1177 Christo
1051 1113 1135 1177 iidem
1153 1115 1352 1178 affirmandam
1459 1200 1463 1208 Ι

194 1221 328 1285 sufficere
350 1215 477 1280 videtur.
524 1213 723 1298 Quamobrem
748 1236 818 1290 ,cum
844 1236 897 1299 per
915 1214 1061 1294 Galliam,
1093 1215 1266 1301 Hispaniam
1289 1215 1353 1279 Ro·

195 1340 318 1404 maeque
341 1319 415 1382 adeo
431 1319 595 1402 frequentia
617 1317 672 1380 hoc
691 1327 824 1401 tempore
845 1317 969 1381 coucilia
994 1320 1141 1383 celebrata
1159 1320 1236 1398 sint,
1270 1329 1353 1403 quot-

196 1432 268 1509 quot
280 1423 309 1485 in
324 1421 381 1484 illis
396 1420 566 1503 congregati
584 1430 664 1497 suut,
689 1420 820 1482 occultos
835 1420 902 1483 Arii
922 1422 1064 1498 lautores,
1090 1421 1272 1485 Auxentium
1289 1421 1354 1484 dico

195 1523 467 1601 Mediolanensem,
492 1532 522 1586 et
536 1518 705 1599 Ursatium,
729 1542 764 1584 ac
783 1520 951 1600 Valentem,
977 1519 1082 1587 Caium
1102 1544 1216 1607 qnoque
1235 1521 1355 1587 Panno-

196 1628 294 1705 nium,
319 1626 400 1689 velut
418 1624 505 1688 unius
522 1625 618 1687 afflatu
634 1623 766 1709 spiritus,
792 1625 937 1687 communi
954 1626 1094 1708 suffragio
1110 1628 1352 1706 condemnarunt,

196 1741 227 1793 et
243 1728 409 1813 encyclicas
432 1726 534 1790 literas
558 1727 759 1810 scripserunt,
791 1726 896 1809 quibus
914 1729 988 1810 quod
1013 1728 1060 1791 isti
1084 1729 1263 1812 synodorum
1284 1730 1354 1792 laisa

196 1831 314 1894 uoruisra
338 1833 502 1907 iactarcut,
534 1828 621 1891 ullam
642 1828 674 1891 in
692 1828 818 1891 ecclesia
837 1829 978 1891 catholica
997 1830 1140 1916 synodum
1164 1843 1280 1913 praeter
1299 1829 1356 1894 Ni-

196 1953 319 1997 csenam
337 1931 484 1996 nominari
499 1940 674 2010 vetuerunt3
705 1951 779 2015 quae
798 1951 863 1993 cum
881 1932 917 1994 dc
933 1931 1041 1993 ceteris
1058 1932 1209 2011 omnibns,
1244 1945 1303 1996 tum
1320 1936 1355 1997 de

197 2036 311 2098 Ariana
334 2034 517 2119 potissimum
540 2033 657 2095 haeresi
678 2032 883 2116 triumphavit,
919 2033 1002 2096 cuius
1021 2035 1107 2097 unius
1124 2037 1219 2118 gratia
1239 2036 1356 2121 potissi-

198 2159 275 2201 mum
289 2147 336 2198 est
350 2137 488 2199 collecta.
534 2133 609 2198 Post
623 2156 659 2198 ea
676 2156 747 2199 vcro
761 2145 805 2198 tot
819 2146 968 2220 tardaque,
994 2137 1061 2220 quid
1074 2146 1120 2198 est
1133 2137 1209 2219 quod
1225 2137 1357 2202 nossnulli

198 2238 431 2303 controversiam
455 2239 554 2301 lacere
576 2258 612 2300 aa
632 2236 821 2321 quaestiones
846 2239 958 2321 agitare
981 2240 1146 2301 conantur?
1190 2235 1257 2320 Qui
1271 2240 1295 2303 si
1319 2260 1357 2304 cx

198 2344 312 2408 Ariana
336 2341 464 2405 factione
486 2351 572 2416 sunt,
605 2338 676 2402 nihil
706 2340 810 2403 nisum
841 2352 887 2403 est
918 2341 983 2404 illos
1006 2361 1080 2425 quac
1108 2351 1211 2403 contra
1234 2361 1267 2405 se
1289 2353 1357 2405 suut

198 2445 307 2530 scripta
332 2444 495 2507 criminari.
542 2440 795 2524 Queuuadmodum
820 2454 851 2505 ct
873 2443 999 2526 gentiles
1023 2465 1086 2506 cum
1106 2463 1123 2505 e
1142 2444 1261 2527 psalmis
1281 2444 1358 2507 istud

199 2547 332 2624 audiunt,
351 2549 671 2625 Sainulcedrngentsism
682 2556 843 2624 argentum,
864 2557 894 2606 et
907 2568 1020 2620 cumn,
1039 2568 1109 2626 opus
1124 2567 1254 2607 manuum
1267 2549 1355 2608 nont·
1383 2545 1475 2644 {2¹32

197 2670 281 2721 nunt,
312 2647 390 2709 illam
405 2647 525 2731 spiritus
542 2647 635 2710 sancti
652 2647 813 2709 doctrinam
832 2668 942 2711 meram
962 2669 1029 2711 esse
1045 2647 1197 2711 stultitiam
1214 2647 1363 2712 arbitron«
1423 2629 1430 2652 ’

200 2759 259 2812 tur.
305 2746 359 2812 Siu
377 2769 418 2812 ex
442 2770 543 2811 corum
561 2768 683 2811 numero
703 2758 772 2811 sunt
796 2749 844 2831 qui
869 2771 942 2813 sana
960 2771 994 2814 ac
1016 2752 1133 2814 sincera
1155 2752 1210 2813 lide
1236 2751 1360 2835 praediti

201 2849 353 2929 videntur,
385 2861 415 2913 ct
428 2849 459 2913 in
476 2849 513 2912 iis
529 2871 603 2934 quae
619 2871 637 2913 a
654 2849 785 2934 patribus
804 2852 922 2915 decreta
940 2864 1009 2916 sunt
1024 2853 1231 2937 acquiescere,
1264 2874 1298 2915 ac
1316 2854 1360 2916 ui-

201 2951 357 3014 hilomiuus
382 2953 444 3015 suis
469 2953 527 3015 illis
551 2951 773 3036 quaestionibus
799 2965 936 3017 evertere
965 2954 1062 3017 omnia
1089 2965 1253 3033 conantur,
1289 2956 1360 3020 uilsil

201 3053 279 3117 aliud
296 3053 424 3116 efficiunt
439 3054 496 3118 uisi
513 3056 588 3139 quod
606 3054 825 3138 scriptumest,
849 3061 982 3119 Proximo
996 3061 1105 3138 quadem
1123 3059 1262 3119 turbidam
1277 3081 1355 3120 eoen-
1365 3057 1513 3159 qlffidffi

200 3160 306 3217 sennenn
327 3161 500 3236 proponunt,
532 3162 678 3219 statuisses
695 3159 842 3218 uerborum
861 3165 1050 3222 contentiones
1067 3172 1191 3234 monent,
1226 3182 1301 3244 quae
1324 3161 1360 3224 ad
1446 3146 1451 3156 ¹
1479 3146 1486 3167 ’

203 3257 281 3321 aliud
299 3257 370 3320 uihil
384 3279 470 3341 quam
486 3259 523 3321 ad
540 3261 688 3323 radiorum
705 3259 864 3345 perniciem
882 3272 970 3345 atque
986 3261 1109 3326 exitium
1119 3263 1283 3347 pertinent.

290 3357 374 3422 llaec
396 3359 505 3422 idcirco
530 3362 629 3426 scribo
649 3365 725 3446 quod
748 3365 959 3426 commentaria
979 3345 1121 3448 quiedam
1142 3365 1200 3448 legi
1219 3387 1235 3428 a
1254 3365 1362 3450 pietate
1375 3375 1436 3444 cap.
1456 3377 1496 3426 tv.

204 3473 253 3525 tua
280 3463 365 3525 nobis
385 3460 494 3524 oblata.
540 3459 625 3544 Quae
648 3465 757 3527 utinam
782 3465 891 3548 scripta
919 3488 1066 3551 nunquam
1084 3452 1225 3531 luissent!
1258 3487 1295 3530 na
1314 3467 1362 3530 vel

206 3565 376 3629 tenuissima
392 3566 427 3629 ad
443 3577 577 3652 posteros
593 3566 708 3629 illorum
721 3567 863 3630 memoria
877 3571 1056 3653 perveniret.
1104 3569 1179 3653 Quis
1195 3568 1273 3632 enim
1291 3566 1363 3631 haec

240 3838 264 3891 3.
282 3837 398 3900 πανονίας
411 3842 480 3890 codd.
497 3854 553 3890 snm.
577 3838 769 3899 stadiensium,
802 3841 908 3888 omnibus
923 3843 989 3890 tibris
1006 3845 1203 3892 consentientibus.

206 3913 228 3958 et
245 3910 288 3957 alti
305 3909 371 3970 apud
387 3911 415 3959 B.
435 3910 497 3958 lieri.
840 3906 877 3956 13.
895 3907 1024 3972 πατέρων,
1045 3909 1108 3962 εἰσὶν
1126 3909 1149 3962 οἱ
1165 3912 1193 3959 Β.

240 3974 265 4028 4.
283 3992 312 4028 τε
328 3978 357 4026 Β.
839 3970 876 4022 14·
895 3969 934 4025 ἐπ’
951 3971 1034 4029 οὐδενὶ
1050 3980 1079 4027 Β.

241 4046 265 4096 5.
284 4032 361 4096 οὖσαν
378 4039 464 4109 πάσης
482 4041 527 4110 μὲν
543 4047 570 4095 Β.
839 4040 897 4090 civ.
915 4043 957 4092 tv.
974 4070 1007 4082 -
1038 4048 1058 4094 1.
1071 4045 1219 4112 usqiman
1235 4045 1364 4095 coddmss

241 4111 265 4163 6.
283 4103 302 4176 ἤ
322 4114 405 4177 ζητεῖν
421 4128 487 4172 τινες
503 4116 531 4164 a.
804 4115 825 4160 et
840 4110 876 4159 cd.
888 4113 963 4172 princ.
981 4113 1057 4172 ltecte,
1073 4115 1093 4160 si
1114 4111 1235 4177 πράσσειν
1254 4116 1365 4174 interme-

241 4177 266 4232 7.
284 4174 369 4235 αὐτῶν
386 4183 412 4230 Β.
803 4182 862 4228 turis
877 4177 986 4244 exigere,
1004 4179 1137 4245 postulare
1162 4183 1289 4243 incutiebat
1304 4184 1366 4231 enim

234 4248 267 4299 ’8.
286 4241 506 4313 ὥςπερἝλληνες
523 4242 657 4306 ἀκούοντες
673 4249 701 4297 Β.
805 4249 933 4298 comanus
953 4253 1087 4298 conomms
1111 4265 1166 4297 cum
1189 4248 1295 4315 adeptus
1319 4248 1365 4315 qim
1395 4269 1397 4272 ·

244 4313 268 4367 9.
286 4316 331 4368 καὶ
347 4331 392 4367 ναι
409 4319 459 4368 ced
479 4319 577 4380 Βαναία.
805 4315 1025 4366 commentatione
1041 4315 1190 4382 pietatetua
1206 4317 1297 4369 factos.
1322 4318 1366 4367 Pc-

247 4384 455 4516 lt1).Stqtdendusn,
469 4387 495 4435 nt
509 4387 588 4448 fultor,
606 4376 771 4436 ctdxodoan.
804 4386 883 4434 touirn
906 4387 999 4446 certost
1028 4384 1218 4452 πραςαχᾶιῐσιν,
1253 4391 1279 4436 ut
1300 4387 1367 4435 ltudst

247 4453 286 4502 l.
332 4469 365 4518 γα
381 4455 409 4502 Β.
805 4456 876 4504 stiunt
893 4454 920 4502 B.

248 4518 285 4568 12.
314 4519 383 4572 talou
410 4519 518 4588 σταυροῦ
544 4519 709 4575 διδασκαλίαν
735 4522 772 4581 B,

1087 4609 1187 4695 aas
