3096 5070
529 294 853 348 mscsrsstssosrs.
1183 316 1185 321 ·
1208 282 1267 346 591

116 439 181 481 oum
199 417 254 480 deo
273 416 428 500 iungatur,
462 437 562 479 verum
593 438 650 479 nou
671 416 793 501 amplius
816 414 975 478 seeundum
995 432 1129 489 carnem,
1154 412 1205 475 sed
1224 432 1271 475 se-

116 521 241 583 eundum
258 517 392 604 spiritum
408 520 463 596 sit,
489 531 520 582 ut
534 517 659 603 ipsemet
674 519 798 597 asserit,
823 521 981 579 Secundum
998 519 1128 596 eposium
1144 517 1272 596 sanetifi-

115 627 235 684 eotionls
249 645 287 682 em
301 626 508 683 resurreetione
524 632 696 682 mortuorum
712 625 821 683 domuin‘
831 625 926 682 nostri
940 625 1003 681 lesu
1019 623 1136 680 coron:
1185 616 1271 681 Hunc

115 723 206 809 igitur
220 723 345 787 ecelesia
361 723 448 787 simul
461 712 545 787 deum
561 744 629 786 esse
645 725 808 807 profitetur,
833 721 978 806 passionis
992 733 1144 806 expertem
1160 733 1191 786 et
1207 742 1273 807 pas·

116 847 198 906 sum,
229 827 278 909 qui
299 826 430 910 sepultus
447 825 503 904 sit,
537 826 755 903 resurrexerit,
791 846 855 888 oum
880 825 973 909 gioria
996 825 1108 887 coelum
1130 845 1273 887 consoso-

116 928 202 1007 derit‚
227 939 383 992 venturum
397 929 523 992 indidem
537 928 666 991 iudicare
681 928 767 992 vivos
782 939 811 990 et
826 940 969 1006 mortuos,
993 928 1080 1011 idque
1096 927 1169 990 adeo
1186 947 1269 1006 vere,

117 1031 160 1094 uti
183 1029 290 1094 dietum
314 1041 377 1110 est,
402 1036 490 1093 Cuius
510 1035 598 1110 regni
615 1053 671 1092 non
692 1035 750 1091 erit
760 1033 846 1110 finis.
1282 1038 1338 1083 tue.
1351 1034 1411 1088 tte

199 1131 278 1197 Nam
298 1144 326 1197 et
348 1133 404 1197 hoo
419 1143 521 1198 saneto
535 1133 599 1218 ipsa
618 1143 712 1199 mater
728 1132 873 1210 eooiesia,
905 1134 981 1216 quod
997 1153 1067 1200 vere
1085 1132 1140 1202 sihi
1157 1133 1272 1218 praedi-

116 1247 211 1300 eetum
241 1256 370 1321 vereque
400 1236 565 1299 mandatum
592 1243 658 1313 est,
692 1235 802 1313 credit,
836 1235 1007 1298 moriturum
1038 1256 1272 1320 unumquemque

117 1349 260 1413 nostrum,
285 1359 321 1400 ao
334 1349 568 1401 resurrecturum
581 1358 647 1400 eum
659 1336 714 1400 hoo
728 1337 791 1421 ipso
805 1358 940 1421 corpore,
966 1359 1030 1401 curn
1047 1339 1148 1401 eadem
1162 1338 1270 1416 anima,

117 1462 180 1505 eum
208 1452 269 1504 toto
295 1440 349 1502 hoo
374 1440 569 1503 instrumento
594 1439 736 1523 denique,
770 1452 803 1500 ut
819 1442 937 1521 quilibet
954 1445 1062 1502 meritos
1079 1446 1139 1503 sois
1156 1448 1424 1504 comen-acoron·

117 1555 199 1606 wneo
208 1547 336 1625 praemiii
346 1547 497 1625 pereipiat.
522 1538 600 1603 Nam
617 1542 693 1625 quod
711 1552 891 1605 mortuorum
911 1543 1008 1607 futuro
1025 1543 1203 1606 resurrectio
1219 1543 1270 1621 sit,

116 1657 202 1730 etque
226 1656 349 1709 aeterna
369 1642 533 1721 damuatio,
558 1643 746 1728 coelesteque
762 1665 884 1728 regnum
901 1656 931 1708 et
952 1646 1094 1709 iustorum
1118 1646 1213 1730 quies,
1238 1667 1272 1709 so

116 1747 242 1811 fidetium
258 1747 423 1824 hereditas,
453 1745 673 1829 eommunisque
691 1767 755 1809 oum
775 1747 888 1831 augelis
904 1747 1012 1811 chorus
1029 1749 1065 1812 iis
1083 1749 1271 1826 constitutus,

119 1850 167 1934 qui
182 1850 280 1927 tidem,
294 1848 509 1927 castimoniam,
526 1867 620 1933 spem,
636 1868 672 1910 ae
686 1848 793 1911 domini
808 1860 962 1933 praerepta
975 1852 1134 1929 servarint,
1151 1850 1272 1914 verissi-

116 1974 194 2015 mum
211 1962 273 2028 est,
298 1952 384 2035 idque
399 1963 429 2014 et
445 1949 654 2036 praedicatum,
679 1961 709 2013 et
725 1951 888 2014 certissime
906 1953 1137 2037 comprobatum,
1162 1966 1192 2017 et
1208 1975 1273 2017 ore·

117 2055 225 2133 ditum,
256 2058 392 2133 Quonriun
415 2057 449 2115 ti
467 2064 622 2135 resurgent
641 2057 671 2114 in
692 2057 776 2115 ultum
800 2066 942 2115 ueternum
968 2067 997 2116 et
1015 2060 1067 2117 isti
1087 2062 1116 2119 in
1137 2061 1271 2118 u'udr‘eium

116 2170 270 2230 munuum,
296 2167 327 2219 ut
345 2156 374 2218 in
393 2155 547 2240 evangelio
566 2154 782 2239 scriptumest.
819 2154 899 2219 Nam
919 2178 1118 2241 quascumque
1138 2160 1185 2222 vel
1202 2181 1272 2244 apo·
1325 2167 1332 2192 ’
1369 2167 1375 2179 '

115 2261 209 2326 stolus
225 2259 274 2323 vel
289 2278 375 2322 soors
393 2258 488 2321 omnis
503 2258 648 2342 scriptura
665 2269 791 2321 testatur
806 2278 877 2321 vera
892 2269 977 2337 sunt,
1002 2260 1070 2323 lieet
1084 2260 1217 2324 infideles
1238 2282 1273 2325 so

116 2383 268 2449 perperam
283 2359 481 2443 intelligentes
494 2360 580 2423 aliter
594 2361 775 2424 existiment.
820 2359 918 2425 Nobis
933 2382 1004 2424 vero
1022 2383 1057 2425 ea
1071 2363 1185 2426 demum
1201 2365 1273 2427 fides

118 2475 181 2545 est,
205 2462 231 2527 is
247 2463 342 2527 houor
357 2483 390 2526 ac
406 2463 551 2547 dignitas,
576 2464 648 2527 haee
667 2474 714 2527 est
731 2473 832 2527 nostra
854 2475 948 2539 meter
961 2465 1103 2543 ecelesia,
1128 2485 1204 2555 quae
1221 2488 1273 2550 per

119 2565 204 2631 tidem
218 2576 330 2643 servat,
350 2586 402 2651 spe
416 2566 637 2644 corroboratur,
655 2561 767 2630 Christi
783 2565 928 2645 claritate,
946 2588 999 2630 neo
1014 2590 1072 2631 non
1087 2579 1118 2632 et
1130 2569 1273 2634 eiusmodi

119 2668 302 2754 professione
321 2690 356 2733 ao
379 2668 545 2753 mysteriis,
577 2667 770 2753 baptismique
797 2669 827 2732 vi
852 2691 887 2734 ao
912 2671 1085 2755 purgatione
1112 2671 1272 2754 perficitur.

119 2772 245 2845 senos,
268 2769 379 2854 iuquit,
404 2771 546 2851 baptisate
560 2775 589 2832 in
612 2775 723 2833 nomuire
736 2777 830 2852 potrs's
849 2785 878 2834 et
889 2774 957 2853 stlri'
978 2785 1008 2834 et
1025 2778 1145 2853 sps'ru‘tus
1161 2779 1264 2850 soneo‘,
1302 2777 1387 2875 iffi·

119 2870 149 2934 in
167 2870 284 2935 nomine
301 2870 417 2935 livinae
436 2871 586 2949 trinitatis,
610 2872 693 2936 euius
708 2874 863 2957 appellatio
880 2875 1027 2939 diversum
1042 2875 1113 2939 nihil
1127 2876 1270 2940 eontinet.
1337 2862 1345 2884 ’
1381 2863 1387 2876 ’

120 2971 155 3039 si
172 2973 286 3058 quidem
312 2995 387 3039 uuus
406 2994 441 3037 so
461 2973 619 3058 singularis
643 2975 714 3040 deus
736 2975 766 3038 in
789 2976 871 3061 tege,
895 2977 1061 3062 prophetis,
1097 2980 1271 3064 evangeliis,

118 3077 192 3164 apud
209 3077 376 3162 apostolos,
408 3076 436 3140 in
456 3086 558 3142 vetere
575 3099 711 3162 novoque
731 3088 907 3143 testamento
924 3081 1125 3164 praedicatus,
1158 3084 1273 3148 nuntia·

118 3189 166 3244 tus
184 3190 242 3258 est,
264 3199 300 3242 ao
316 3178 457 3259 creditus,
481 3190 565 3265 puter
580 3191 611 3243 et
626 3180 702 3244 tilius
718 3190 749 3244 et
765 3181 886 3265 spiritus
902 3193 1034 3247 sauctus.
1078 3182 1185 3269 Neque
1201 3206 1273 3250 vero

117 3283 271 3345 oonlusum
294 3280 428 3365 quiddam
454 3282 518 3367 ipsa
545 3283 683 3346 diviuitas
708 3295 770 3363 est,
803 3285 855 3347 sed
879 3287 1007 3368 perleete
1029 3305 1137 3350 revere
1156 3287 1273 3352 trinitas

117 3395 177 3462 est,
201 3384 350 3469 perlectus
365 3393 460 3467 pater,
484 3387 631 3467 perfectus
649 3384 735 3465 fitius,
760 3387 906 3471 perlectus
924 3387 1043 3470 spiritus
1060 3399 1191 3470 sanetus,
1216 3410 1273 3454 una

117 3485 273 3567 diviuitas,
297 3507 373 3550 unus
390 3486 475 3566 deus,
499 3487 545 3549 eui
560 3487 667 3570 gioria,
690 3487 786 3552 honor
803 3500 834 3552 et
848 3488 999 3574 imperium
1017 3513 1094 3555 nuno
1111 3502 1142 3556 et
1156 3512 1274 3579 semper

117 3587 147 3652 in
169 3589 288 3653 saecula
310 3589 512 3669 saeculorum,
535 3589 645 3653 Amen.

150 3794 191 3848 85.
209 3785 314 3859 ’ὅτιγὰρ
331 3788 469 3854 ἀνάστασις
486 3795 541 3844 ortt.
559 3796 641 3846 Pctou.
743 3795 784 3847 88.
810 3794 855 3849 καὶ
881 3793 972 3863 κράτος
995 3799 1049 3849 eoo
1074 3800 1168 3851 Petootr'
1194 3803 1275 3856 teottts

151 3858 192 3914 86.
209 3859 238 3912 et
252 3854 324 3927 ἁγίαι
339 3860 436 3943 γραφαὶ
451 3864 507 3914 eoo
519 3863 601 3915 Peme.
711 3867 777 3914 libris
793 3871 847 3917 oett.

150 3925 192 3980 at.
212 3930 348 3996 συναλοιφη
366 3933 450 3982 tutem
469 3933 524 3981 ttbrs'
538 3945 617 3982 omues
632 3932 678 3981 lut
