3096 5070
399 321 539 374 canaan
556 322 619 374 ure.
635 323 679 374 or.
691 322 776 374 ron.
789 324 808 373 1.
825 320 924 374 nasa.
938 323 1023 375 cxx.
1251 312 1290 376 ιι

122 461 325 532 medullarum,
358 470 387 519 et
403 463 576 539 dr'sreplutor
590 464 792 540 cogitatienum
808 472 838 521 et
850 464 1033 521 rirtcntr‘onnm
1051 465 1160 534 cordr's,
1194 484 1283 542 nepote

123 573 167 622 cst
187 572 321 622 creotnru
342 565 453 623 occulta
482 568 670 642 corurnr'pso,
706 574 764 626 etc.
812 561 861 625 Ex
881 563 986 645 quibus
1010 564 1144 626 urranibus
1168 565 1284 627 illorum

125 663 229 748 opinio
249 665 404 728 relrllitnr.

217 765 283 830 Nec
312 767 408 829 minus
438 776 468 826 et
491 765 613 828 aliorum
645 766 805 828 reiiriruda
840 767 1005 843 sordentia,
1041 769 1089 850 qni
1121 789 1227 847 rorpns
1254 770 1288 830 ad
1315 767 1426 836 cept.

125 868 282 948 imaginem
300 869 345 930 dci
363 887 430 929 esse
448 869 552 929 lacteam
579 869 759 951 praedicant.
805 866 882 931 Nam
903 868 953 953 qui
971 869 1032 932 lieri
1053 881 1150 955 protest
1168 880 1195 931 ut
1214 873 1289 951 quod

126 970 305 1055 aspectabile
324 969 413 1031 ostri
432 969 528 1031 simile
544 970 583 1030 sit
599 971 674 1053 quod
698 970 790 1032 videri
818 993 875 1033 arou
900 974 1017 1054 potest?
1047 984 1096 1034 ant
1115 993 1289 1055 corporeum

126 1073 260 1158 corporis
282 1071 418 1154 experti?
441 1082 492 1135 aut
506 1074 581 1156 qnod
599 1074 775 1135 cerratrectari
794 1085 889 1157 potest
907 1073 933 1135 ei
951 1077 1026 1157 qnod
1045 1074 1222 1159 apprehendi
1240 1094 1291 1134 oe-

127 1176 207 1259 quit?
258 1171 417 1236 Praeterea
444 1195 497 1236 rans
518 1174 673 1236 ‘anteriora
701 1177 845 1238 duntaxat
874 1177 966 1239 oculis
993 1179 1102 1238 nostris
1128 1176 1289 1251 cernimus,

127 1297 202 1360 quae
219 1297 294 1360 pone
314 1286 383 1338 sont
402 1275 582 1358 ignoramus,
628 1274 726 1340 Penes
746 1280 831 1341 derrm
851 1290 947 1341 autem
973 1299 1068 1362 neque
1084 1278 1201 1341 allectio
1218 1277 1288 1353 ulla,

128 1396 223 1461 neque
241 1379 371 1440 delectus
388 1390 450 1456 est,
482 1379 534 1442 sed
552 1380 754 1463 undecumque
779 1381 875 1443 lumen
903 1390 966 1457 est,
999 1383 1201 1463 undecumque
1221 1399 1292 1441 ucu-

128 1479 190 1557 lus,
223 1481 422 1563 undecumque
446 1482 551 1564 gloria.
598 1478 727 1566 Spiritus
748 1483 823 1543 enim
843 1484 994 1560 deusest,
1029 1484 1076 1565 qui
1094 1503 1210 1544 ornnem
1230 1481 1291 1565 spi-

126 1582 213 1644 ritum
231 1592 407 1666 exsuperat,
442 1595 471 1644 et
488 1585 538 1645 lux
559 1584 623 1645 lucc
638 1582 716 1646 ornari
734 1585 944 1668 praestantior.
993 1582 1139 1668 Quicquid
1157 1584 1235 1646 enim
1255 1583 1291 1646 ab
1329 1590 1335 1601 '

126 1683 191 1768 ipso
216 1685 363 1746 conditum
391 1695 454 1762 est,
490 1685 566 1747 inira
594 1686 670 1749 illius
696 1687 785 1748 decus
812 1707 846 1747 ac
869 1687 992 1769 gloriam
1016 1696 1073 1748 est.
1120 1684 1192 1750 Sola
1218 1705 1292 1748 vero

128 1784 244 1848 trinitas
270 1786 477 1868 comprehendi
499 1809 556 1849 non
577 1796 690 1870 potest,
725 1797 753 1849 et
771 1787 911 1849 inlinitum
931 1789 1075 1871 quandam
1100 1788 1223 1871 gloriam
1240 1787 1292 1849 ob·

128 1887 218 1963 tinet,
258 1909 333 1972 quae
362 1908 416 1950 nec
443 1889 613 1950 coniectura
644 1889 775 1972 capitur,
811 1910 864 1951 nec
893 1889 1087 1973 intelligentia
1118 1888 1290 1973 percipitur.

128 1987 215 2073 erod
233 1991 269 2052 ad
290 1991 356 2052 illos
375 2010 447 2052 reru
471 1991 598 2075 pertinet
615 1991 662 2074 qui
680 1991 708 2053 io
728 1990 837 2054 virtute
862 1991 1059 2056 currditionem
1085 1992 1164 2054 illam
1189 1988 1293 2074 imagi·

129 2095 174 2157 uis
191 2093 354 2169 collocant,
381 2091 474 2154 acilii
494 2093 609 2175 quidem
629 2103 709 2155 recte
727 2093 868 2155 sentiunt.
915 2092 993 2157 Nam
1012 2095 1105 2158 virtus
1127 2095 1193 2156 sine
1210 2113 1293 2155 mau-

129 2197 261 2258 datorum
286 2193 495 2258 observatione
519 2195 683 2258 consistere
710 2215 767 2256 non
792 2205 899 2278 potest.
947 2193 1006 2259 Sed
1030 2208 1060 2258 ct
1075 2197 1184 2259 virtute
1205 2195 1294 2279 pleri·
1392 2246 1395 2250 ,

131 2319 186 2381 quc
205 2298 331 2360 invicem
359 2297 558 2373 antecellunt,
591 2297 667 2379 quod
692 2296 809 2358 virtutis
828 2317 939 2379 genera
962 2297 1019 2359 sint
1045 2299 1201 2382 permulta.
1247 2298 1293 2359 Ac

133 2419 187 2462 nos
209 2400 366 2463 nonnullos
388 2419 404 2460 e
424 2397 644 2461 confessoribus
670 2397 806 2460 crevimus
832 2399 879 2481 qui
907 2419 1014 2481 corpus
1036 2409 1066 2461 et
1084 2399 1212 2462 animum
1239 2419 1292 2482 pro

132 2498 249 2563 domino
269 2522 323 2566 suo
349 2501 548 2580 tradiderunt,
579 2511 609 2562 et
631 2501 660 2562 in
684 2498 872 2562 contessione
897 2522 931 2563 ac
956 2499 1129 2563 castimonia
1153 2514 1294 2584 perseve-

132 2612 232 2664 rantes
254 2603 482 2666 sincerissimam
506 2603 590 2665 fidem
606 2601 662 2665 sibi
685 2611 909 2685 compararunt,
944 2624 978 2664 ac
1002 2605 1127 2688 pietate,
1161 2600 1293 2663 humani·

132 2712 211 2780 tate,
245 2704 386 2787 religione
412 2707 638 2789 praestiterunt,
671 2703 700 2766 io
725 2704 842 2766 ieiuniis
867 2703 977 2766 assidui
996 2708 1133 2780 luserant,
1166 2699 1295 2763 inomni

132 2804 258 2888 denique
277 2805 420 2889 probitate
438 2829 472 2870 ac
489 2807 607 2869 virtutis
624 2805 785 2891 specimine
802 2807 976 2869 floruerunt.
1025 2805 1114 2869 iidem
1133 2815 1230 2867 tamen
1248 2801 1292 2864 vi·

132 2907 173 2970 tio
189 2906 285 2990 aliquo
302 2907 404 2970 sullusi
427 2921 512 2987 sunt,
547 2919 575 2972 ut
596 2919 647 2971 aut
664 2909 693 2970 in
713 2909 847 2971 convicia
873 2907 1067 2992 procliviores
1091 2915 1209 2984 essent,
1242 2913 1292 2966 aut

131 3008 178 3072 clei
195 3029 301 3072 nomen
319 3006 502 3086 detererem,
536 3021 586 3073 aut
604 3009 790 3095 loquaciores
808 3021 925 3086 essent,
959 3021 1008 3073 aut
1026 3008 1177 3073 iracundia
1194 3028 1293 3092 prom·

131 3113 190 3198 pti,
214 3123 264 3176 aut
278 3131 381 3174 aurum
401 3122 592 3195 argentumve
615 3115 818 3198 possiderent,
851 3124 901 3174 aut
919 3112 985 3174 aliis
1004 3110 1130 3195 denique
1153 3111 1291 3172 sordibus

129 3214 372 3292 obsolescerent,
406 3234 482 3297 quae
507 3214 636 3278 nonnihil
662 3216 696 3278 de
721 3216 797 3278 iusta
821 3215 937 3277 virtutis
960 3235 1097 3278 merrsura
1120 3214 1289 3277 detrabunt.

131 3312 179 3380 De
198 3316 303 3401 quibus
330 3314 398 3400 quid
423 3316 538 3378 tandem
562 3317 667 3380 dicturi
685 3317 807 3381 sumusl
851 3318 898 3379 Aa
916 3316 983 3380 illos
999 3315 1134 3398 imaginis
1152 3319 1241 3379 decus
1258 3314 1293 3375 il-

130 3418 179 3483 tut
195 3441 246 3485 sua
264 3418 320 3483 sibi
338 3418 448 3482 virtute
466 3418 661 3502 quaesivisse,
686 3421 738 3482 sed
756 3430 874 3505 propter
889 3419 1031 3482 burnanus
1048 3419 1162 3502 aliquos
1181 3437 1293 3480 naevos

90 3564 103 3583 -.
116 3510 207 3583 ‘banc
223 3522 316 3604 ipsam
332 3520 489 3606 imaginem
508 3521 607 3606 specie
628 3533 713 3585 tenus
737 3523 848 3585 abillis
868 3521 948 3604 geri,
984 3541 1039 3583 nec
1062 3523 1222 3605 perlectam
1243 3517 1294 3579 ab·

22 3634 25 3645 '
132 3621 315 3705 solutamque
334 3623 477 3687 retineril
519 3620 572 3688 Sic
589 3623 704 3686 illorum
729 3624 850 3707 explosa
872 3624 1019 3686 sententia
1037 3633 1094 3684 est.
1142 3618 1201 3683 lam
1221 3640 1294 3681 vero

132 3721 182 3806 qui
212 3721 243 3785 in
271 3725 414 3807 baptismo
442 3727 543 3788 inesse
574 3727 673 3789 dicunt
705 3725 880 3809 imaginem,
917 3725 1109 3789 vehomenter
1140 3720 1292 3784 aberrant.

131 3820 211 3888 Nam
229 3844 284 3887 nec
303 3826 430 3889 Abraaaa
455 3827 599 3910 baptismo
616 3827 746 3888 initiatus
769 3839 832 3904 est,
867 3848 922 3890 nee
941 3824 1043 3902 isaac,
1076 3842 1171 3906 acque
1191 3819 1292 3902 iacob,

133 3947 188 3991 uec
215 3924 316 4002 Elias,
352 3946 448 4011 neque
468 3924 612 4011 Moyses,
645 3947 700 3989 uec
722 3927 905 4012 antiquiores
929 3926 987 3990 illis
1010 3922 1096 4002 Noe,
1129 3923 1291 4003 etflenuc,

133 4050 229 4115 neque
255 4029 432 4114 prophetae,
466 4037 499 4090 ut
525 4023 638 4105 isaias,
670 4037 700 4089 et
718 4029 822 4091 ceteri.
868 4026 947 4112 Quid
972 4027 1082 4110 igiturl
1125 4026 1294 4110 Animagi-

134 4154 199 4196 nem
219 4131 259 4195 illi
277 4129 323 4194 dei
343 4150 401 4194 non
422 4128 605 4194 babueruutl
649 4125 760 4211 Magna
784 4129 869 4192 uubis
888 4139 1127 4212 argumentorum
1150 4129 1295 4194 adversus

132 4233 199 4298 illos
216 4233 300 4319 copia
320 4244 383 4313 est,
419 4243 451 4297 ut
469 4243 498 4297 et
514 4241 618 4296 contra
634 4226 784 4310 badium,
818 4230 866 4314 qui
886 4230 1041 4314 imaginem
1059 4232 1089 4295 iu
1107 4250 1232 4317 corpore
1249 4230 1296 4292 iu·

133 4355 200 4400 ease
223 4336 381 4421 pertendit.

217 4437 286 4502 Alia
308 4447 377 4502 suot
402 4436 567 4523 scripturae
593 4434 761 4502 testimonia
787 4456 862 4520 quae
887 4435 924 4499 ab
947 4434 1093 4499 Audiaois
1119 4435 1292 4498 elleruotur.
1307 4451 1368 4519 esp.
1387 4452 1431 4501 vr.

132 4538 241 4618 Velut,
276 4544 361 4604 Oculi
371 4544 479 4602 domeni
496 4543 527 4604 ia
544 4561 698 4623 pauperem
714 4543 888 4622 respiciunt,
922 4549 1049 4600 etcum
1070 4542 1132 4599 erice
1153 4543 1182 4598 ιη
1195 4556 1296 4617 preces
1342 4548 1427 4656 ¹2:¹2¹·

186 4639 277 4696 cerpus
291 4639 425 4685 llaeresaot.
434 4639 492 4684 tta
