3096 5070
460 347 599 401 rennnn
616 345 681 399 nro.
693 346 738 398 nr.
754 345 838 398 ron.
851 345 870 396 t.
887 343 989 396 nuce.
1001 343 1087 395 cxx.
1311 330 1353 394 tt

191 468 311 533 omnino
327 465 391 531 dics
414 468 440 531 ei
459 468 580 552 negotio
597 466 790 531 destinentur.
837 464 915 528 Num
931 484 1027 548 neque
1046 485 1063 525 e
1079 460 1169 527 XVl.
1186 464 1274 528 lucae
1291 461 1351 540 die,

190 591 285 655 neque
307 593 323 634 a
346 567 403 634 lX.
424 568 637 656 Xerophagiee
663 590 698 632 ec
720 566 875 633 Pusebotis
900 566 1128 645 hebdomadem,
1159 588 1231 650 quoe
1250 578 1354 632 saneta

189 674 315 752 dicitur,
340 671 479 737 incboere
499 692 675 757 possumus,
699 672 750 735 sed
766 694 782 734 a
799 668 843 735 X.
862 671 898 734 ad
913 670 1134 733 illucescentem
1155 690 1246 752 usqne
1263 668 1352 750 XV„

191 797 266 861 quoe
287 786 334 839 cst
356 777 430 839 duos
446 775 525 837 inter
541 794 646 837 cursus
660 772 733 836 lucis
752 795 786 837 uc
809 772 905 836 noctis
924 771 1088 836 interiectu.
1136 769 1180 834 ltu
1199 769 1287 836 XlV.
1309 773 1353 836 lu·

191 899 248 943 nee
264 879 378 942 dierum
394 877 444 940 ille
460 876 524 961 ipse
541 897 680 940 numerus
696 876 889 955 observetur,
912 877 1028 939 temetsi
1046 877 1266 939 illucescentem
1282 896 1354 957 quo-

191 1002 248 1066 que
263 978 338 1045 XV.
364 1001 422 1042 etna
447 979 689 1064 comprehendet,
721 991 842 1064 propter
862 989 891 1042 et
910 989 1045 1042 exactem
1066 978 1173 1042 soloris
1194 998 1302 1040 cursus
1317 977 1355 1039 ub

191 1082 380 1168 aequinoctio
396 1082 557 1161 rationem,
581 1092 612 1145 et
631 1082 743 1146 lunaris
760 1082 882 1167 perinde
898 1103 1022 1158 cursus,
1055 1081 1093 1145 ob
1111 1081 1176 1144 eius
1192 1076 1296 1156 xtv„
1320 1101 1355 1142 ec

191 1188 298 1272 plenae
318 1186 438 1269 insuper
457 1183 660 1264 hebdomadis,
692 1185 855 1249 dominicae
879 1183 938 1248 dici
955 1184 1068 1269 gratia3
1102 1194 1162 1247 turn
1186 1203 1260 1246 vero
1284 1192 1355 1244 uta

191 1285 237 1351 X.
258 1287 343 1350 tunae
369 1287 415 1351 die
431 1287 601 1350 numerandi
624 1289 764 1352 ducemus
786 1288 919 1366 initium,
952 1308 1027 1371 quae
1055 1297 1101 1349 est
1120 1286 1189 1370 agni
1208 1285 1353 1363 delectus,

193 1399 225 1452 et
241 1389 364 1452 nominis
382 1387 448 1453 leun
467 1389 551 1452 litere
568 1390 665 1474 prior3
678 1391 814 1476 quonium
831 1391 947 1475 quidem
963 1390 1055 1475 ipsius
1072 1390 1202 1467 nomine,
1221 1388 1269 1472 qni
1289 1387 1354 1450 eius

193 1493 407 1557 rimilitudioem
425 1494 553 1557 referret
570 1514 676 1576 agneis,
701 1494 764 1578 cepi
781 1493 907 1572 solebat,
932 1514 948 1555 e
967 1490 1011 1555 X.
1031 1494 1118 1556 lunae
1134 1491 1180 1555 dic
1196 1491 1251 1554 boc
1268 1492 1355 1554 modo

191 1595 399 1682 praescriptus.
447 1599 488 1660 At
515 1615 611 1678 nequeo
635 1595 789 1659 illuscente
809 1592 913 1674 XVL,
933 1616 1028 1680 neque
1048 1595 1085 1658 ab
1104 1591 1163 1658 lX.
1188 1595 1275 1659 lunoe
1294 1593 1353 1673 die,

189 1709 240 1763 eut
261 1697 373 1763 initium
401 1710 537 1784 repetere
557 1718 731 1783 possumus,
765 1707 816 1761 unt
840 1698 926 1761 linem
953 1709 1096 1762 statuere.
1142 1695 1260 1760 Etenim
1286 1697 1355 1760 unni

188 1801 311 1866 solisne
328 1802 435 1880 lutrae,
464 1822 530 1865 cum
548 1800 586 1863 ob
603 1799 780 1863 dissidentes
797 1810 898 1863 mutuo
912 1822 1016 1865 cursus
1033 1800 1164 1865 vicissim
1181 1821 1249 1864 sese
1269 1821 1356 1885 supe·

188 1915 275 1982 rent,
308 1904 546 1988 inaequalitatem
569 1903 648 1967 illam
668 1902 813 1966 nllcrnntr
846 1924 904 1966 non
931 1907 1007 1988 quod
1026 1903 1134 1988 aliquid
1157 1923 1174 1965 a
1198 1905 1254 1965 deo
1279 1903 1355 1986 quod

191 2006 387 2070 oll'ensioncm
412 2005 517 2069 lrabeat
532 2007 720 2070 constitutum
740 2005 847 2084 fuerit,
881 2008 933 2069 sed
949 2008 1024 2090 quod
1043 2008 1080 2069 eb
1099 2027 1136 2069 eo
1157 2005 1253 2091 potius
1270 2026 1355 2068 eccu-

192 2119 268 2189 rete,
284 2109 339 2171 istu
361 2106 437 2171 ontio
461 2119 626 2194 comparate
647 2109 702 2187 sit,
733 2119 820 2194 utque
844 2108 880 2172 ub
895 2107 1112 2193 sapientissime
1128 2109 1205 2171 illius
1222 2110 1357 2172 modere-

193 2210 273 2274 tione
299 2211 450 2297 proiecte,
481 2231 566 2294 quem
585 2211 614 2273 in
636 2212 774 2274 muudum
798 2212 962 2275 introduxit
985 2232 1088 2289 suum,
1122 2232 1187 2275 cunr
1213 2211 1354 2290 siderum,

193 2322 399 2398 tempestatum
423 2334 458 2376 uc
484 2313 646 2391 mensium,
683 2334 826 2377 uncorum
851 2314 1105 2396 solstitiorumque
1133 2324 1214 2377 retas
1239 2313 1356 2375 vicissi-

193 2417 311 2480 tudines
330 2416 505 2499 descripsit3
536 2415 563 2479 id
582 2417 657 2500 quod
677 2437 808 2480 summae
824 2417 954 2480 eiusdem
973 2417 1002 2480 in
1021 2417 1177 2479 homonum
1194 2435 1289 2499 genus
1305 2436 1357 2478 cu·

191 2539 244 2582 roe
266 2539 302 2581 nc
318 2518 539 2602 providentioe,
572 2538 645 2603 quae
669 2539 709 2582 ex
732 2519 810 2583 illius
827 2519 1008 2604 benignitate
1032 2519 1246 2605 proficiscitur,
1270 2517 1357 2580 debet

192 2620 312 2685 ascribi.

277 2722 434 2787 Nemeum
451 2746 546 2788 onnus
561 2723 721 2788 secundum
738 2724 810 2788 solis
824 2746 941 2789 cursum
959 2720 1134 2788 CCCLXV
1152 2721 1255 2786 diebus
1270 2732 1357 2805 utque
1367 2732 1427 2803 (Ἀρ.
1437 2731 1509 2786 xttt.

193 2826 274 2890 boris
291 2826 384 2889 tribus
402 2828 599 2912 complentur,
624 2827 691 2890 indc
708 2828 804 2907 litut,
836 2828 972 2912 quoniam
990 2829 1056 2891 luno
1076 2822 1233 2891 CCCLlV
1253 2825 1356 2889 diebus

194 2949 301 2993 annum
320 2950 403 2992 suum
423 2930 569 3009 absolvit,
602 2930 665 2993 dies
684 2930 710 2993 ei
730 2927 777 2993 Xl
796 2941 882 3014 utque
900 2931 990 2993 borne
1012 2941 1073 2993 tres
1090 2929 1251 3015 supersint.
1300 2927 1356 2991 ltn-

194 3052 251 3116 quc
268 3030 378 3116 primus
396 3041 643 3117 nuncupantes,
672 3053 745 3116 quens
762 3043 886 3112 vocant,
922 3032 1009 3096 babet
1024 3031 1091 3111 Xl,
1116 3054 1181 3095 cum
1201 3032 1281 3095 boris
1298 3028 1354 3111 ΙΙΙ,

192 3135 340 3199 secundus
357 3134 419 3197 dies
435 3131 544 3212 XXll,
570 3134 659 3198 liores
675 3132 730 3215 Vl,
756 3135 859 3199 tertius
875 3145 994 3220 praeter
1006 3136 1069 3199 dics
1085 3131 1242 3216 XXXlll,
1269 3135 1355 3198 liores

194 3233 253 3301 ΙΙΙ.
301 3233 369 3319 Qun
386 3258 425 3301 ex
444 3238 557 3301 dierum
576 3259 690 3301 summu
706 3239 890 3302 intercalaris
906 3237 1014 3300 rnensis
1032 3259 1110 3301 unus
1126 3237 1295 3316 deducitur,
1320 3257 1355 3300 eo

157 3339 300 3404 ‘triceni
318 3340 381 3404 dies
398 3341 581 3404 inseruntur.
628 3338 746 3425 Reliqui
763 3351 830 3404 sunt
845 3340 908 3403 dies
923 3337 980 3418 lll,
1005 3341 1095 3404 borne
1111 3337 1166 3404 lX.
1213 3339 1355 3423 Quicum

194 3439 240 3506 Xl
259 3443 328 3506 euni
346 3441 402 3508 lV.
422 3442 542 3521 diebus,
567 3442 649 3506 boris
670 3440 731 3521 lll,
757 3442 905 3506 coniuncti
928 3443 991 3507 dies
1007 3444 1164 3507 conliciunt
1181 3441 1277 3519 XlV,
1304 3440 1356 3503 bo·

195 3563 244 3606 res
263 3543 340 3610 Xll.
391 3546 508 3609 Additis
531 3546 635 3609 deinde
658 3542 788 3608 uliile
813 3545 916 3609 diebus
948 3544 1087 3630 horisque
1118 3547 1212 3609 tribus
1234 3552 1356 3626 epactae

195 3640 304 3725 XXV,
335 3659 367 3710 et
388 3649 478 3712 horae
495 3645 558 3712 XV
584 3645 775 3731 consurgunt.
823 3646 920 3712 Sexto
945 3650 1060 3712 dennrnn
1084 3669 1162 3711 enno
1180 3643 1226 3709 Xl
1251 3644 1357 3707 annuis

196 3747 319 3826 diebus,
343 3759 429 3832 etque
447 3751 528 3813 boris
548 3746 609 3827 ΙΙΙ,
641 3749 849 3813 accedentibus
864 3751 928 3814 dies
947 3752 1113 3815 conlluutur
1131 3745 1172 3811 Vt
1195 3758 1226 3810 et
1245 3742 1355 3825 XXX,

196 3871 262 3913 cnm
288 3849 368 3913 lionis
388 3847 510 3914 XVlll.
561 3848 612 3913 dx
635 3851 671 3913 iis
695 3852 878 3915 intercalaris
901 3854 977 3916 ulter
1005 3852 1116 3916 meursio
1142 3849 1256 3913 existit.
1309 3848 1356 3913 Ad

158 3970 162 3976 ·
195 3952 273 4016 bunc
300 3953 417 4015 modum
440 3953 527 4015 tertio
544 3951 649 4034 cuique
669 3972 746 4014 antio
763 3954 910 4018 attributis
928 3955 1052 4039 singulis
1072 3954 1129 4016 duo
1145 3972 1261 4015 meuses
1277 3950 1356 4016 insc-

195 4066 313 4119 runtur.
358 4053 438 4119 Nem
466 4053 556 4140 priori
582 4052 710 4116 triennio
732 4074 803 4117 suus
827 4056 937 4120 utensis
960 4055 1091 4133 accedit,
1125 4053 1279 4139 posteriori
1307 4074 1357 4139 pe-

231 4191 270 4244 ld
287 4189 391 4258 ἐννάνης
412 4194 464 4244 cod.
491 4193 587 4256 llbedr‘p.
612 4173 694 4244 tnei'
709 4192 761 4242 eod.
795 4195 850 4240 runt
858 4205 912 4240 curn
926 4194 1084 4253 mpertorttun
1097 4186 1218 4256 κατὰτήν
1232 4188 1358 4255 πάνσοφον

195 4263 243 4312 len.
263 4258 362 4313 ἐννάτον
379 4263 436 4311 eunt
452 4264 513 4310 ttbrt.
796 4252 1015 4324 undeuicesimum.
1032 4261 1143 4310 Petuntur
1149 4263 1246 4321 putobct
1254 4275 1358 4323 προνοη-

233 4326 270 4380 14.
290 4333 385 4380 Petunto
408 4333 499 4392 ptucutt
523 4324 670 4382 σκανδάλων
690 4345 717 4382 rc
736 4329 761 4381 ὅ.
795 4328 871 4394 τνκῆς
887 4321 1028 4391 ἀνθρώπων
1042 4325 1073 4380 ἐκ
1087 4345 1108 4380 τ.
1124 4344 1148 4379 α.
1162 4344 1189 4394 φ.
1206 4325 1357 4392 ἐπιμελείας.

197 4392 349 4463 ὁρωμένων.
378 4400 426 4449 Sed
441 4401 555 4463 corripere
578 4400 671 4461 utputo
686 4402 710 4448 tn
725 4399 761 4448 bu
795 4398 861 4446 Ltore'
881 4398 966 4445 nudent
982 4400 1152 4463 προνοητικοίς
1171 4391 1313 4462 ἀνθρώποις
1328 4391 1359 4447 dc

195 4468 272 4516 verbio
287 4482 334 4516 non
352 4481 412 4529 opus
428 4472 468 4518 eet.
795 4481 817 4517 τ.
833 4482 856 4517 α.
871 4480 900 4531 φ.
919 4461 1070 4530 ἐπιμελείας.

234 4535 271 4585 15.
290 4537 386 4586 Corrext
401 4531 566 4602 προνοητικὴν
581 4528 606 4587 α’,
619 4532 648 4587 ἐκ
663 4551 685 4587 τ.
697 4551 760 4600 mo.
831 4532 1003 4583 Cer.tht.-
1018 4527 1360 4588 tneontmemomxmtrn·

197 4597 354 4669 teporem,
379 4617 440 4666 quoe
451 4605 547 4668 uuidere
560 4605 632 4656 uerbo
641 4605 762 4667 muido
830 4602 854 4654 2
871 4604 980 4654 rotem
995 4597 1233 4671 Ιννβολιμνύῖησαν.

249 4685 338 4742 corpur
351 4685 485 4732 ttmmeot
496 4684 525 4730 ll.
537 4687 558 4730 8.
1135 4689 1154 4752 3
