3096 5070
293 293 354 356 576
714 300 837 359 ειασιι
854 307 1025 360 amman
1275 264 1350 379 ᾮ

293 422 401 503 φησίν,
425 419 484 486 ἀλλ’
500 421 547 487 ότε
564 422 671 505 βοόλει.
717 424 830 488 Φόσκει
846 425 879 490 δέ
894 426 984 508 μηδέν
1000 421 1075 503 είνας
1091 426 1314 512 διαφορώτερον
1330 429 1459 493 έπίσκο-

292 548 352 589 πον
370 526 578 609 πρεσβυτέρου.

377 624 536 705 Ἀετιανοὶ,
565 630 597 692 σί
610 626 669 694 αἰπό
685 626 797 693 Ἀετίου
810 636 863 692 τοῦ
881 633 1016 708 Κίλικος,
1047 632 1189 696 διακόνου
1210 634 1371 717 γενομένου
1388 627 1457 696 ὖπδ

298 735 451 815 Γεωργίσῡ
471 736 524 794 τοῦ
548 737 607 794 νῦν
631 728 789 815 Ἀρειανοῦν
814 732 977 797 ἐπισκόπου
1006 740 1060 812 τῆς
1084 731 1314 818 Ἀλεξανδρείας,
1349 736 1381 798 οἱ
1398 734 1458 797 καί

174 860 226 906 μς.
239 849 283 894 uo.
293 832 445 914 ’Λνόμοιοε
461 832 652 913 καλούμενοι,
675 831 757 918 πυροί
773 855 847 897 τισιν
863 835 1062 915 Εόνομιανολ,
1093 832 1131 900 δι’
1148 833 1302 918 Εόνόμιόν
1314 861 1382 900 τινα
1397 861 1459 917 μιν

187 960 197 973 ·
294 933 391 1017 θητην
411 935 527 1000 Ἀετίου
549 937 721 1020 γενόμενον,
755 937 804 1000 καλ
831 938 872 1001 έτι
895 936 1042 1019 περιόντα.
1088 936 1155 1001 Σόν
1176 936 1278 1014 αὐτοῖς
1295 938 1327 1002 δέ
1344 930 1384 1020 ἦν
1400 938 1458 1001 κοιλ

296 1035 443 1115 Εῦδόξιος
462 1037 661 1121 ’Λρειανίζων,
692 1035 762 1103 ἄλλό
788 1042 881 1120 δῆθεν
905 1038 955 1103 διό
978 1037 1029 1104 τόν
1051 1038 1127 1123 πρός
1148 1039 1201 1105 τόν
1222 1042 1339 1122 βασιλέα
1364 1045 1458 1104 Κων·

295 1149 450 1206 σεαυτῐνον
470 1141 568 1222 φόβου
590 1138 739 1225 όφιόρισεν
755 1138 874 1222 ἑαυτόν,
906 1144 958 1206 καί
973 1142 1064 1222 μόνος
1080 1140 1191 1218 Ἀέτιος
1207 1131 1361 1227 ἐξωρίσθη.
1398 1140 1457 1203 ’Ἐ-

296 1268 376 1325 μεινε
391 1244 444 1325 μέν
462 1266 507 1307 τοι
521 1239 541 1308 ό
556 1241 705 1320 Εῦδόξιος
721 1239 918 1326 Ἀρειανίζοιν,
941 1241 977 1309 ον’
994 1245 1048 1325 μέν
1064 1248 1108 1308 τοί
1123 1269 1154 1328 γε
1169 1242 1246 1309 κατό
1262 1243 1314 1310 τόν
1327 1241 1455 1308 Ἀέτιον.

300 1338 389 1411 Οὗτοι
413 1349 447 1410 οἱ·
460 1343 611 1426 ’Λνόμοιοι
634 1346 686 1409 καί
707 1343 849 1410 Ἀετιανολ
876 1345 1044 1410 παντάπασι
1072 1345 1198 1430 Χριστόν
1228 1347 1278 1411 καί
1307 1343 1341 1410 τό
1363 1344 1457 1430 ἅγιον

297 1455 413 1530 πνεῦμα
427 1445 650 1531 α’παλλοτριοῦσε
666 1455 755 1524 θεοῦ,
779 1445 895 1514 κτιστόν
910 1447 1003 1512 αὐτόν
1018 1446 1290 1530 διαβεβαιούμενοι,
1312 1450 1363 1512 καί
1378 1447 1457 1514 οῦδὲ

297 1547 458 1632 όμοιότητό
479 1575 545 1615 τινα
562 1551 636 1632 ἔχειν
655 1551 794 1634 λέγουσιν.
834 1550 888 1614 Ἐκ
910 1557 1109 1635 συλλογισμόν
1134 1548 1190 1636 γόρ
1206 1549 1456 1635 ’Ἀριστοτελικῶν

297 1655 347 1718 καί
372 1658 572 1737 γεωμετρικῶν
594 1649 645 1716 τόν
661 1650 735 1717 θεόν
751 1653 863 1736 πατέρα
880 1660 1025 1737 παριστόιν
1049 1652 1219 1735 βούλονται,
1247 1653 1300 1717 ’καί
1320 1651 1456 1737 Χριστόν

299 1753 339 1837 μὴ
358 1755 504 1820 δύνασθαι
522 1751 597 1819 εἶναι
615 1757 647 1818 έκ
664 1761 756 1833 θεοῦ,
786 1753 835 1819 διό
859 1763 992 1821 τοιοῦτον
1014 1754 1133 1840 τρόπον.
1180 1758 1220 1819 Οί
1234 1755 1266 1818 δέ
1284 1753 1336 1818 ἀπ’
1356 1754 1455 1821 αὐτοῦ

299 1854 483 1939 Εόνομιανολ
498 1855 676 1942 καλούμενοι
694 1854 921 1940 όναβαπτίζονσι
938 1856 1051 1934 πάντας
1069 1856 1140 1933 τοῦς
1155 1857 1231 1941 πρός
1246 1853 1357 1932 αῦεοῦς
1372 1860 1454 1941 έρχο-

299 1963 421 2051 μένους,
453 1959 489 2025 οῦ
512 1960 603 2041 μόνον
622 1956 692 2024 ἄλλό
713 1961 763 2024 καί
780 1958 849 2036 τοῦς
867 1957 1031 2046 Ἀρειανῶν.
1074 1959 1315 2043 Ἀναβαπνίζουδι
1329 1959 1361 2024 δὲ
1377 1958 1453 2024 κατοί

298 2070 444 2145 κεφαλῆς,
476 2060 540 2128 όνιο
558 2061 627 2138 τοῦς
644 2060 739 2137 πόδας
762 2064 934 2143 στρέφοντες
954 2071 1012 2128 τῶν
1034 2064 1270 2146 βαπτιζομένοιν,
1301 2059 1343 2138 οἱς
1359 2061 1452 2138 πολός

300 2163 401 2256 ᾄδεται
425 2164 519 2250 λόγος.
567 2163 606 2229 Τό
625 2165 658 2228 δέ
682 2170 831 2246 σφαλῆναί
847 2183 913 2230 τινα
927 2167 958 2230 έν
974 2170 1099 2252 πορνείᾳ
1119 2163 1140 2246 ἢ
1153 2166 1237 2253 ἑτέρᾳ
1254 2161 1382 2252 όμαρτίγ
1398 2160 1447 2228 οῦ-
1479 2172 1481 2178 ⁴

300 2269 350 2334 δέν
370 2264 445 2333 είναί
460 2291 565 2349 φασιν·
598 2265 697 2331 Οόδέν
708 2265 765 2351 γοίρ
779 2274 857 2350 ζητεῖ
867 2264 886 2333 ό
898 2265 972 2343 θεός
986 2265 1057 2331 όιλλό
1071 2266 1103 2333 τό
1121 2263 1197 2331 εἷναί
1211 2290 1278 2332 τινα
1295 2269 1331 2332 έν
1342 2273 1377 2353 τῇ
1390 2262 1441 2327 ου’-

301 2378 360 2437 τῶν
380 2375 476 2436 πίστει
496 2368 605 2452 μόνον,
627 2371 768 2454 λέγουσιν.
845 2414 877 2479 0

385 2467 483 2538 Αῦταί
496 2476 569 2538 εἰσιν
586 2469 695 2552 όμοίως
711 2474 761 2536 καί
780 2475 813 2535 αί
827 2476 881 2536 τοῦ
896 2475 996 2558 τρίτου
1012 2475 1130 2554 βιβλίου
1142 2477 1197 2538 τοῦ
1211 2469 1321 2558 πρόπαν
1336 2465 1441 2550 τόμον,

302 2579 389 2643 έκτου
411 2572 549 2651 δέόντος
569 2572 645 2640 κατό
667 2572 721 2655 τὴν
743 2571 941 2652 α’κολουθίαν,
964 2575 1094 2658 αίρέσεις.

380 2679 436 2743 Ἐν
456 2679 487 2743 δὲ
503 2685 544 2767 τῷ
559 2679 685 2765 δευτέρην
708 2674 789 2764 τόμῳ
815 2683 868 2740 τοῦ
893 2672 985 2740 αὐτοῦ
1003 2681 1102 2760 τρίτου
1120 2681 1252 2759 βιβλίου,
1283 2673 1399 2760 ἓβδόμῳ
1419 2672 1451 2736 δὲ

302 2781 366 2848 όντι
389 2779 460 2847 καθ’
481 2780 520 2862 ἣν
543 2783 663 2861 είπομεν
689 2781 844 2861 διαίρεσιν,
876 2781 907 2843 έν
928 2771 952 2867 ιβ
976 2781 1026 2843 καὶ
1048 2776 1081 2844 τό
1107 2780 1187 2856 τέλος
1209 2776 1307 2861 πόσης
1325 2777 1384 2842 έστλ
1401 2781 1456 2857 τῆς

302 2888 517 2970 πραγματείας,
539 2885 665 2967 αίρέσεις
687 2883 741 2946 είσλ
763 2882 914 2966 τέσσαρες,
937 2880 1048 2956 οὕτως·

388 2995 570 3070 Διμοιρῖται,
593 2987 624 3049 οἱ
639 2985 688 3049 καί
712 2991 745 3032 ⁸³
758 2982 987 3066 Ἀπολιναρῐται,
1010 2986 1042 3048 σί
1055 2981 1096 3064 μή
1110 2987 1219 3047 τελείαν
1238 2981 1294 3063 την
1311 2987 1364 3046 τοῦ
1385 2985 1460 3064 Χρι-

304 3095 374 3155 στοῦ
392 3087 617 3172 ένανθριόπησιν
637 3082 864 3171 ὁμολογοῦντες·
892 3078 934 3150 τόν
950 3111 1027 3160 τινες
1049 3082 1209 3166 όμοοόσιον
1230 3090 1265 3172 τῇ
1284 3081 1407 3164 θεότητι
1425 3079 1459 3146 τό

306 3198 390 3274 σῶμα
404 3194 544 3276 λέγουσιν.
585 3187 765 3270 Ἐτόλμησαν
782 3190 814 3252 δέ
829 3189 901 3253 ποτέ
921 3213 997 3263 τινες
1014 3189 1044 3264 έξ
1062 3185 1161 3250 αὐτῶν
1182 3187 1231 3249 καί
1248 3188 1337 3250 τοῦτο
1352 3187 1462 3262 εἰπεῖν,

1096 3312 1236 3371 ρνουντο,
1271 3288 1347 3361 τινὲς
1361 3287 1395 3350 δέ
1410 3282 1465 3350 διαί

307 3404 362 3462 ωῦ
377 3400 468 3480 ῥητοῦ
482 3395 527 3473 τό,
547 3392 582 3458 Ὁ
596 3394 683 3479 λόγος
698 3391 771 3478 σόρξ
787 3395 922 3477 ἐγένετο,
937 3389 1154 3477 έπερειδόμενοι
1172 3397 1207 3436 ⁸⁴
1217 3388 1249 3455 τό
1264 3387 1324 3454 ἆπό
1338 3394 1467 3469 κτιστῆς

307 3497 426 3584 σαρκός,
449 3498 577 3563 τουτέστι
597 3501 735 3580 Μαρίας,
761 3493 840 3560 ⁸⁶16
862 3493 957 3576 σάρκα
980 3491 1070 3559 αὐτόν
1098 3495 1256 3575 είληφέναι.
1303 3489 1468 3556 86Μόνον

308 3608 482 3683 φιλονείκως
497 3603 595 3684 έλεγον
611 3597 663 3663 τόν
677 3597 764 3684 λόγον
781 3597 874 3682 σόρκα
888 3603 1080 3682 γεγενῆσθαι,
1105 3593 1269 3680 θ’ῦστερον
1285 3591 1464 3674 διανοούμε-

307 3728 370 3783 νοι,
393 3702 448 3769 οῦκ
470 3700 537 3768 οίδα
558 3699 584 3764 δ’
606 3700 666 3780 ότι,
688 3709 762 3766 νοῦν
783 3698 874 3765 αὐτόν
895 3722 971 3797 φασιΙ
990 3697 1031 3780 μη
1053 3700 1211 3780 εἰληφέναι.

392 3907 719 3992 Ἀντιδικομαρεανῖται,
742 3909 772 3970 σι’
786 3903 840 3987 τὴν
856 3901 943 3991 όγίαν
960 3906 1085 3987 Μαρίαν
1104 3900 1157 3983 τὴν
1173 3899 1370 3985 όειπόρθενον
1387 3899 1467 3981 μεταλ

304 4010 342 4079 ’τό
364 4010 415 4077 τόν
436 4019 554 4095 σωτῆρα
574 4010 774 4095 γεγεννηκέναι
794 4013 835 4095 τῷ
851 4005 963 4088 Ἰωσὴφ
985 4012 1141 4086 συνῆφθαι
1162 4004 1300 4087 λέγοντες.

182 4159 234 4206 1³¹⁸·
249 4147 294 4191 15⁰.
397 4115 688 4198 ⁸⁸K0uv916wv01,
720 4114 751 4177 οἷ
765 4112 806 4185 είς
824 4107 918 4191 όνομα
935 4116 987 4191 τῆς
1004 4106 1097 4188 αὐτῆς
1110 4111 1234 4189 Μαρίας
1251 4108 1282 4169 έν
1296 4101 1467 4190 ἡμίργιτοῦ

343 4287 383 4340 83.
393 4291 502 4338 λλοσοδδ.
510 4302 564 4337 mss.
575 4291 714 4347 constanter,
724 4299 770 4335 παπ
780 4278 868 4336 ’λπολ-
901 4285 992 4332 volebat
1017 4279 1050 4349 τό4
1069 4277 1134 4333 κατὰ
1164 4276 1253 4344 σάρκα.
1286 4278 1354 4338 Apud
1378 4278 1465 4329 λοσειιι.

311 4358 446 4422 λιναρῖται,
464 4361 489 4406 ιιι
504 4359 529 4405 in
544 4357 612 4404 εδλλλε
625 4358 715 4417 legitur.
764 4360 767 4366 '
900 4352 1010 4400 Damaso.
1034 4352 1118 4433 λερίλατ
1140 4351 1273 4409 ιλτιιρλλτιλετ
1290 4341 1338 4398 ἄπδ
1357 4343 1466 4410 Μαρίας

344 4427 385 4475 84.
404 4423 566 4491 ,,5υρρλειεδιι
581 4440 629 4473 vox
641 4417 787 4488 ἠρνοῦντο.“
822 4421 868 4471 Ρι·
903 4415 987 4484 σάρκα
1004 4413 1080 4470 αότον
1098 4414 1234 4481 εἰληφέναι.

310 4496 394 4543 λανλειε
932 4485 973 4538 ὃὸ.
993 4483 1066 4552 μόνον
1086 4482 1115 4539 δέ
1134 4487 1267 4547 suspicatus
1287 4489 1318 4534 ιελ
1341 4484 1465 4545 Pacuvius,

346 4561 385 4612 βό.
403 4557 431 4612 ra
448 4563 540 4611 ειτιτλιιλε
562 4562 664 4624 ελμτισυιλ
681 4559 806 4619 Ριλαυλιιε,
831 4559 872 4619 ραι·
