<?xml version="1.0" encoding="UTF-8"?>
<!DOCTYPE html PUBLIC "-//W3C//DTD XHTML 1.0 Transitional//EN"
    "http://www.w3.org/TR/xhtml1/DTD/xhtml1-transitional.dtd">
<html xmlns="http://www.w3.org/1999/xhtml" xml:lang="en" lang="en">
 <head>
  <title>
</title>
<meta http-equiv="Content-Type" content="text/html;charset=utf-8" />
  <meta name='ocr-system' content='tesseract 3.04.00' />
  <meta name='ocr-capabilities' content='ocr_page ocr_carea ocr_par ocr_line ocrx_word'/>
</head>
<body>
  <div class='ocr_page' id='page_1' title='image "./corporishaerese00unkngoog/corporishaerese00unkngoog_0406.png"; bbox 0 0 3096 5070; ppageno 0'>
   <div class='ocr_carea' id='block_1_1' title="bbox 426 255 1347 332">
    <p class='ocr_par' dir='ltr' id='par_1_1' title="bbox 426 255 1347 332">
     <span class='ocr_line' id='line_1_1' title="bbox 426 255 1347 332; baseline -0.012 0"><span class='ocrx_word' id='word_1_1' title='bbox 426 279 562 332; x_wconf 78' lang='grc' dir='ltr'><strong>Ριιιιιιιιι</strong></span> <span class='ocrx_word' id='word_1_2' title='bbox 580 279 641 330; x_wconf 81' lang='lat' dir='ltr'>urs.</span> <span class='ocrx_word' id='word_1_3' title='bbox 660 279 702 329; x_wconf 96' lang='grc' dir='ltr'><strong>ιιι.</strong></span> <span class='ocrx_word' id='word_1_4' title='bbox 719 278 800 330; x_wconf 83' lang='lat' dir='ltr'>non.</span> <span class='ocrx_word' id='word_1_5' title='bbox 819 279 850 328; x_wconf 95' lang='grc' dir='ltr'>ιι.</span> <span class='ocrx_word' id='word_1_6' title='bbox 868 275 967 328; x_wconf 78' lang='lat' dir='ltr'>naun.</span> <span class='ocrx_word' id='word_1_7' title='bbox 983 273 1116 325; x_wconf 78' lang='lat' dir='ltr'>uxxvn.</span> <span class='ocrx_word' id='word_1_8' title='bbox 1284 255 1347 321; x_wconf 79' lang='grc'>399</span> 
     </span>
    </p>
   </div>
   <div class='ocr_carea' id='block_1_2' title="bbox 188 396 1345 586">
    <p class='ocr_par' dir='ltr' id='par_1_2' title="bbox 188 396 1345 586">
     <span class='ocr_line' id='line_1_2' title="bbox 188 396 1345 484; baseline -0.009 -20"><span class='ocrx_word' id='word_1_9' title='bbox 188 421 262 484; x_wconf 90' lang='lat' dir='ltr'>qnos</span> <span class='ocrx_word' id='word_1_10' title='bbox 279 400 444 484; x_wconf 91' lang='lat' dir='ltr'>eripuerat,</span> <span class='ocrx_word' id='word_1_11' title='bbox 477 399 616 464; x_wconf 91' lang='lat' dir='ltr'>comitatu</span> <span class='ocrx_word' id='word_1_12' title='bbox 641 408 742 482; x_wconf 92' lang='lat' dir='ltr'>septus</span> <span class='ocrx_word' id='word_1_13' title='bbox 767 408 832 481; x_wconf 88' lang='lat' dir='ltr'>post</span> <span class='ocrx_word' id='word_1_14' title='bbox 850 396 976 459; x_wconf 90' lang='lat' dir='ltr'>triduum</span> <span class='ocrx_word' id='word_1_15' title='bbox 996 413 1102 457; x_wconf 87' lang='lat' dir='ltr'>revera</span> <span class='ocrx_word' id='word_1_16' title='bbox 1125 413 1189 455; x_wconf 88' lang='lat' dir='ltr'>cum</span> <span class='ocrx_word' id='word_1_17' title='bbox 1207 411 1345 475; x_wconf 89' lang='lat' dir='ltr'>corpore,</span> 
     </span>
     <span class='ocr_line' id='line_1_3' title="bbox 189 493 1345 586; baseline -0.009 -20"><span class='ocrx_word' id='word_1_18' title='bbox 189 503 305 581; x_wconf 87' lang='lat' dir='ltr'>anima,</span> <span class='ocrx_word' id='word_1_19' title='bbox 345 503 476 586; x_wconf 80' lang='lat' dir='ltr'>adeoque</span> <span class='ocrx_word' id='word_1_20' title='bbox 507 511 568 563; x_wconf 92' lang='lat' dir='ltr'>toto</span> <span class='ocrx_word' id='word_1_21' title='bbox 595 501 659 584; x_wconf 91' lang='lat' dir='ltr'>ipso</span> <span class='ocrx_word' id='word_1_22' title='bbox 688 501 768 562; x_wconf 90' lang='lat' dir='ltr'>velut</span> <span class='ocrx_word' id='word_1_23' title='bbox 794 501 990 562; x_wconf 90' lang='lat' dir='ltr'>instrumento</span> <span class='ocrx_word' id='word_1_24' title='bbox 1010 493 1143 558; x_wconf 84' lang='lat' dir='ltr'>surrexit</span> <span class='ocrx_word' id='word_1_25' title='bbox 1170 494 1345 557; x_wconf 89' lang='lat' dir='ltr'>amortuis.</span> 
     </span>
    </p>
   </div>
   <div class='ocr_carea' id='block_1_3' title="bbox 188 594 1485 4469">
    <p class='ocr_par' dir='ltr' id='par_1_3' title="bbox 188 594 1463 991">
     <span class='ocr_line' id='line_1_4' title="bbox 189 594 1463 687; baseline -0.011 -19"><span class='ocrx_word' id='word_1_26' title='bbox 189 602 304 668; x_wconf 87' lang='lat' dir='ltr'>Deinde</span> <span class='ocrx_word' id='word_1_27' title='bbox 323 604 513 687; x_wconf 89' lang='lat' dir='ltr'>qnadraginta</span> <span class='ocrx_word' id='word_1_28' title='bbox 535 603 637 665; x_wconf 89' lang='lat' dir='ltr'>diebus</span> <span class='ocrx_word' id='word_1_29' title='bbox 663 623 727 664; x_wconf 90' lang='lat' dir='ltr'>cum</span> <span class='ocrx_word' id='word_1_30' title='bbox 746 599 895 685; x_wconf 79' lang='lat' dir='ltr'>discipulis</span> <span class='ocrx_word' id='word_1_31' title='bbox 913 608 1049 662; x_wconf 89' lang='lat' dir='ltr'>versatus</span> <span class='ocrx_word' id='word_1_32' title='bbox 1066 608 1129 675; x_wconf 73' lang='lat' dir='ltr'>est,</span> <span class='ocrx_word' id='word_1_33' title='bbox 1162 594 1266 679; x_wconf 90' lang='lat' dir='ltr'>quibus</span> <span class='ocrx_word' id='word_1_34' title='bbox 1281 618 1346 659; x_wconf 90' lang='lat' dir='ltr'>cnm</span> <span class='ocrx_word' id='word_1_35' title='bbox 1381 609 1429 652; x_wconf 75' lang='lat' dir='ltr'>aee</span> <span class='ocrx_word' id='word_1_36' title='bbox 1443 609 1463 654; x_wconf 87' lang='grc' dir='ltr'>ι.</span> 
     </span>
     <span class='ocr_line' id='line_1_5' title="bbox 189 698 1347 778; baseline -0.009 -8"><span class='ocrx_word' id='word_1_37' title='bbox 189 706 219 770; x_wconf 94' lang='lat' dir='ltr'>iu</span> <span class='ocrx_word' id='word_1_38' title='bbox 238 704 392 772; x_wconf 86' lang='lat' dir='ltr'>Olivarnm</span> <span class='ocrx_word' id='word_1_39' title='bbox 418 717 517 769; x_wconf 89' lang='lat' dir='ltr'>monte</span> <span class='ocrx_word' id='word_1_40' title='bbox 541 725 645 768; x_wconf 86' lang='lat' dir='ltr'>revera</span> <span class='ocrx_word' id='word_1_41' title='bbox 673 702 896 778; x_wconf 77' lang='lat' dir='ltr'>benedixisset,</span> <span class='ocrx_word' id='word_1_42' title='bbox 927 702 956 763; x_wconf 94' lang='lat' dir='ltr'>in</span> <span class='ocrx_word' id='word_1_43' title='bbox 976 700 1090 764; x_wconf 91' lang='lat' dir='ltr'>coelum</span> <span class='ocrx_word' id='word_1_44' title='bbox 1112 698 1271 762; x_wconf 89' lang='lat' dir='ltr'>subvectus</span> <span class='ocrx_word' id='word_1_45' title='bbox 1290 708 1347 776; x_wconf 88' lang='lat' dir='ltr'>est,</span> 
     </span>
     <span class='ocr_line' id='line_1_6' title="bbox 188 802 1349 892; baseline -0.006 -20"><span class='ocrx_word' id='word_1_46' title='bbox 188 829 315 892; x_wconf 88' lang='lat' dir='ltr'>eumque</span> <span class='ocrx_word' id='word_1_47' title='bbox 339 808 472 892; x_wconf 89' lang='lat' dir='ltr'>discipuli</span> <span class='ocrx_word' id='word_1_48' title='bbox 498 809 533 869; x_wconf 90' lang='lat' dir='ltr'>ad</span> <span class='ocrx_word' id='word_1_49' title='bbox 553 807 647 870; x_wconf 87' lang='lat' dir='ltr'>nubes</span> <span class='ocrx_word' id='word_1_50' title='bbox 671 826 762 888; x_wconf 89' lang='lat' dir='ltr'>usque</span> <span class='ocrx_word' id='word_1_51' title='bbox 781 804 952 867; x_wconf 81' lang='lat' dir='ltr'>subeuntem</span> <span class='ocrx_word' id='word_1_52' title='bbox 972 803 1124 881; x_wconf 87' lang='lat' dir='ltr'>viderunt,</span> <span class='ocrx_word' id='word_1_53' title='bbox 1157 813 1186 865; x_wconf 89' lang='lat' dir='ltr'>et</span> <span class='ocrx_word' id='word_1_54' title='bbox 1203 803 1238 865; x_wconf 87' lang='lat' dir='ltr'>ad</span> <span class='ocrx_word' id='word_1_55' title='bbox 1258 802 1349 885; x_wconf 88' lang='lat' dir='ltr'>patris</span> 
     </span>
     <span class='ocr_line' id='line_1_7' title="bbox 190 903 1349 991; baseline -0.007 -19"><span class='ocrx_word' id='word_1_56' title='bbox 190 911 342 973; x_wconf 81' lang='lat' dir='ltr'>dexteram</span> <span class='ocrx_word' id='word_1_57' title='bbox 361 930 466 972; x_wconf 89' lang='lat' dir='ltr'>revera</span> <span class='ocrx_word' id='word_1_58' title='bbox 483 909 701 982; x_wconf 69' lang='lat' dir='ltr'>considentem,</span> <span class='ocrx_word' id='word_1_59' title='bbox 726 928 850 991; x_wconf 90' lang='lat' dir='ltr'>corpore</span> <span class='ocrx_word' id='word_1_60' title='bbox 870 906 950 990; x_wconf 86' lang='lat' dir='ltr'>ipso,</span> <span class='ocrx_word' id='word_1_61' title='bbox 976 905 1146 982; x_wconf 90' lang='lat' dir='ltr'>divinitate,</span> <span class='ocrx_word' id='word_1_62' title='bbox 1171 925 1205 966; x_wconf 93' lang='lat' dir='ltr'>ac</span> <span class='ocrx_word' id='word_1_63' title='bbox 1223 915 1282 966; x_wconf 90' lang='lat' dir='ltr'>tota</span> <span class='ocrx_word' id='word_1_64' title='bbox 1299 903 1349 965; x_wconf 93' lang='lat' dir='ltr'>de-</span> 
     </span>
    </p>

    <p class='ocr_par' dir='ltr' id='par_1_4' title="bbox 189 1006 1350 1195">
     <span class='ocr_line' id='line_1_8' title="bbox 189 1006 1350 1095; baseline -0.008 -20"><span class='ocrx_word' id='word_1_65' title='bbox 189 1013 277 1095; x_wconf 88' lang='lat' dir='ltr'>niqne</span> <span class='ocrx_word' id='word_1_66' title='bbox 290 1033 384 1095; x_wconf 40' lang='lat' dir='ltr'>*quam</span> <span class='ocrx_word' id='word_1_67' title='bbox 405 1020 604 1095; x_wconf 77' lang='lat' dir='ltr'>assumpserat</span> <span class='ocrx_word' id='word_1_68' title='bbox 626 1010 751 1073; x_wconf 90' lang='lat' dir='ltr'>bominis</span> <span class='ocrx_word' id='word_1_69' title='bbox 781 1019 904 1087; x_wconf 81' lang='lat' dir='ltr'>natnra3</span> <span class='ocrx_word' id='word_1_70' title='bbox 934 1008 1037 1092; x_wconf 91' lang='lat' dir='ltr'>quoin</span> <span class='ocrx_word' id='word_1_71' title='bbox 1058 1006 1268 1071; x_wconf 82' lang='lat' dir='ltr'>incarnationis</span> <span class='ocrx_word' id='word_1_72' title='bbox 1286 1027 1350 1090; x_wconf 85' lang='lat' dir='ltr'>my·</span> 
     </span>
     <span class='ocr_line' id='line_1_9' title="bbox 189 1108 1347 1195; baseline -0.005 -19"><span class='ocrx_word' id='word_1_73' title='bbox 189 1113 281 1176; x_wconf 89' lang='lat' dir='ltr'>sterio</span> <span class='ocrx_word' id='word_1_74' title='bbox 297 1113 326 1175; x_wconf 90' lang='lat' dir='ltr'>in</span> <span class='ocrx_word' id='word_1_75' title='bbox 342 1133 429 1176; x_wconf 90' lang='lat' dir='ltr'>unum</span> <span class='ocrx_word' id='word_1_76' title='bbox 445 1111 541 1175; x_wconf 91' lang='lat' dir='ltr'>omnia</span> <span class='ocrx_word' id='word_1_77' title='bbox 555 1123 585 1175; x_wconf 90' lang='lat' dir='ltr'>et</span> <span class='ocrx_word' id='word_1_78' title='bbox 598 1111 628 1174; x_wconf 91' lang='lat' dir='ltr'>in</span> <span class='ocrx_word' id='word_1_79' title='bbox 644 1112 765 1175; x_wconf 90' lang='lat' dir='ltr'>eandem</span> <span class='ocrx_word' id='word_1_80' title='bbox 781 1110 941 1195; x_wconf 89' lang='lat' dir='ltr'>spiritalem</span> <span class='ocrx_word' id='word_1_81' title='bbox 956 1110 1164 1193; x_wconf 77' lang='lat' dir='ltr'>perfectionem</span> <span class='ocrx_word' id='word_1_82' title='bbox 1181 1108 1347 1187; x_wconf 87' lang='lat' dir='ltr'>coniunxit,</span> 
     </span>
    </p>

    <p class='ocr_par' dir='ltr' id='par_1_5' title="bbox 190 1211 1349 1299">
     <span class='ocr_line' id='line_1_10' title="bbox 190 1211 1349 1299; baseline -0.006 -21"><span class='ocrx_word' id='word_1_83' title='bbox 190 1215 262 1278; x_wconf 89' lang='lat' dir='ltr'>deus</span> <span class='ocrx_word' id='word_1_84' title='bbox 293 1213 391 1299; x_wconf 90' lang='lat' dir='ltr'>utique</span> <span class='ocrx_word' id='word_1_85' title='bbox 415 1215 557 1298; x_wconf 90' lang='lat' dir='ltr'>ingloria</span> <span class='ocrx_word' id='word_1_86' title='bbox 583 1214 741 1278; x_wconf 84' lang='lat' dir='ltr'>considens</span> <span class='ocrx_word' id='word_1_87' title='bbox 764 1225 794 1276; x_wconf 90' lang='lat' dir='ltr'>et</span> <span class='ocrx_word' id='word_1_88' title='bbox 809 1215 843 1275; x_wconf 93' lang='lat' dir='ltr'>ad</span> <span class='ocrx_word' id='word_1_89' title='bbox 867 1211 953 1276; x_wconf 90' lang='lat' dir='ltr'>vivos</span> <span class='ocrx_word' id='word_1_90' title='bbox 972 1223 1161 1294; x_wconf 90' lang='lat' dir='ltr'>mortuosque</span> <span class='ocrx_word' id='word_1_91' title='bbox 1179 1211 1349 1273; x_wconf 89' lang='lat' dir='ltr'>iudicandos</span> 
     </span>
    </p>

    <p class='ocr_par' dir='ltr' id='par_1_6' title="bbox 190 1307 1349 1401">
     <span class='ocr_line' id='line_1_11' title="bbox 190 1307 1349 1401; baseline -0.005 -21"><span class='ocrx_word' id='word_1_92' title='bbox 190 1336 263 1380; x_wconf 88' lang='lat' dir='ltr'>vere</span> <span class='ocrx_word' id='word_1_93' title='bbox 277 1316 431 1401; x_wconf 87' lang='lat' dir='ltr'>aliquando</span> <span class='ocrx_word' id='word_1_94' title='bbox 448 1327 603 1381; x_wconf 89' lang='lat' dir='ltr'>venturus.</span> <span class='ocrx_word' id='word_1_95' title='bbox 648 1313 730 1379; x_wconf 88' lang='lat' dir='ltr'>Nihil</span> <span class='ocrx_word' id='word_1_96' title='bbox 747 1314 836 1398; x_wconf 85' lang='lat' dir='ltr'>igitur</span> <span class='ocrx_word' id='word_1_97' title='bbox 851 1316 880 1377; x_wconf 92' lang='lat' dir='ltr'>in</span> <span class='ocrx_word' id='word_1_98' title='bbox 899 1314 948 1377; x_wconf 91' lang='lat' dir='ltr'>illo</span> <span class='ocrx_word' id='word_1_99' title='bbox 962 1315 1110 1377; x_wconf 90' lang='lat' dir='ltr'>diversum</span> <span class='ocrx_word' id='word_1_100' title='bbox 1126 1335 1161 1375; x_wconf 91' lang='lat' dir='ltr'>ac</span> <span class='ocrx_word' id='word_1_101' title='bbox 1179 1307 1349 1397; x_wconf 80' lang='lat' dir='ltr'>discrepans</span> 
     </span>
    </p>

    <p class='ocr_par' dir='ltr' id='par_1_7' title="bbox 190 1414 1261 1505">
     <span class='ocr_line' id='line_1_12' title="bbox 190 1414 1261 1505; baseline -0.002 -25"><span class='ocrx_word' id='word_1_102' title='bbox 190 1429 253 1495; x_wconf 89' lang='lat' dir='ltr'>est,</span> <span class='ocrx_word' id='word_1_103' title='bbox 277 1419 328 1481; x_wconf 91' lang='lat' dir='ltr'>sed</span> <span class='ocrx_word' id='word_1_104' title='bbox 351 1421 447 1482; x_wconf 90' lang='lat' dir='ltr'>omnia</span> <span class='ocrx_word' id='word_1_105' title='bbox 469 1421 500 1483; x_wconf 94' lang='lat' dir='ltr'>in</span> <span class='ocrx_word' id='word_1_106' title='bbox 518 1421 581 1505; x_wconf 91' lang='lat' dir='ltr'>ipso</span> <span class='ocrx_word' id='word_1_107' title='bbox 598 1420 728 1503; x_wconf 87' lang='lat' dir='ltr'>perlecta</span> <span class='ocrx_word' id='word_1_108' title='bbox 749 1418 937 1501; x_wconf 75' lang='lat' dir='ltr'>perfecteque</span> <span class='ocrx_word' id='word_1_109' title='bbox 956 1438 1078 1502; x_wconf 89' lang='lat' dir='ltr'>prorsus</span> <span class='ocrx_word' id='word_1_110' title='bbox 1100 1414 1261 1479; x_wconf 87' lang='lat' dir='ltr'>elaborata.</span> 
     </span>
    </p>

    <p class='ocr_par' dir='ltr' id='par_1_8' title="bbox 189 1516 1485 2118">
     <span class='ocr_line' id='line_1_13' title="bbox 276 1516 1485 1651; baseline -0.003 -67"><span class='ocrx_word' id='word_1_111' title='bbox 276 1516 336 1584; x_wconf 91' lang='lat' dir='ltr'>Sed</span> <span class='ocrx_word' id='word_1_112' title='bbox 352 1543 417 1584; x_wconf 92' lang='lat' dir='ltr'>cum</span> <span class='ocrx_word' id='word_1_113' title='bbox 437 1524 472 1585; x_wconf 93' lang='lat' dir='ltr'>de</span> <span class='ocrx_word' id='word_1_114' title='bbox 494 1522 538 1584; x_wconf 89' lang='lat' dir='ltr'>his</span> <span class='ocrx_word' id='word_1_115' title='bbox 554 1521 669 1584; x_wconf 87' lang='lat' dir='ltr'>abunde</span> <span class='ocrx_word' id='word_1_116' title='bbox 692 1520 834 1582; x_wconf 86' lang='lat' dir='ltr'>hactenns</span> <span class='ocrx_word' id='word_1_117' title='bbox 855 1520 951 1603; x_wconf 81' lang='lat' dir='ltr'>egisse</span> <span class='ocrx_word' id='word_1_118' title='bbox 972 1520 1141 1596; x_wconf 89' lang='lat' dir='ltr'>videamur,</span> <span class='ocrx_word' id='word_1_119' title='bbox 1175 1539 1248 1603; x_wconf 88' lang='lat' dir='ltr'>quae</span> <span class='ocrx_word' id='word_1_120' title='bbox 1272 1518 1485 1651; x_wconf 54' lang='lat' dir='ltr'>llllaqulqlifl</span> 
     </span>
     <span class='ocr_line' id='line_1_14' title="bbox 190 1722 1348 1808; baseline -0.003 -21"><span class='ocrx_word' id='word_1_121' title='bbox 190 1724 374 1807; x_wconf 78' lang='lat' dir='ltr'>dogmatibus</span> <span class='ocrx_word' id='word_1_122' title='bbox 399 1747 439 1788; x_wconf 83' lang='lat' dir='ltr'>ex</span> <span class='ocrx_word' id='word_1_123' title='bbox 453 1726 577 1789; x_wconf 89' lang='lat' dir='ltr'>aliorum</span> <span class='ocrx_word' id='word_1_124' title='bbox 595 1727 766 1789; x_wconf 84' lang='lat' dir='ltr'>narratione</span> <span class='ocrx_word' id='word_1_125' title='bbox 784 1723 955 1802; x_wconf 81' lang='lat' dir='ltr'>didicimus,</span> <span class='ocrx_word' id='word_1_126' title='bbox 986 1724 1158 1808; x_wconf 80' lang='lat' dir='ltr'>explicanda</span> <span class='ocrx_word' id='word_1_127' title='bbox 1179 1722 1348 1786; x_wconf 88' lang='lat' dir='ltr'>necessario</span> 
     </span>
     <span class='ocr_line' id='line_1_15' title="bbox 189 1823 1349 1911; baseline -0.003 -21"><span class='ocrx_word' id='word_1_128' title='bbox 189 1837 270 1890; x_wconf 91' lang='lat' dir='ltr'>sunt.</span> <span class='ocrx_word' id='word_1_129' title='bbox 317 1823 500 1911; x_wconf 77' lang='lat' dir='ltr'>Quamquam</span> <span class='ocrx_word' id='word_1_130' title='bbox 525 1828 566 1891; x_wconf 87' lang='lat' dir='ltr'>ita</span> <span class='ocrx_word' id='word_1_131' title='bbox 592 1827 663 1890; x_wconf 89' lang='lat' dir='ltr'>haec</span> <span class='ocrx_word' id='word_1_132' title='bbox 681 1827 717 1890; x_wconf 92' lang='lat' dir='ltr'>ab</span> <span class='ocrx_word' id='word_1_133' title='bbox 740 1827 797 1889; x_wconf 89' lang='lat' dir='ltr'>illis</span> <span class='ocrx_word' id='word_1_134' title='bbox 820 1826 982 1911; x_wconf 86' lang='lat' dir='ltr'>praedicari</span> <span class='ocrx_word' id='word_1_135' title='bbox 1001 1828 1127 1889; x_wconf 90' lang='lat' dir='ltr'>nondum</span> <span class='ocrx_word' id='word_1_136' title='bbox 1146 1827 1265 1889; x_wconf 89' lang='lat' dir='ltr'>omnino</span> <span class='ocrx_word' id='word_1_137' title='bbox 1284 1847 1349 1910; x_wconf 87' lang='lat' dir='ltr'>pen·</span> 
     </span>
     <span class='ocr_line' id='line_1_16' title="bbox 189 1927 1349 2013; baseline -0.002 -20"><span class='ocrx_word' id='word_1_138' title='bbox 189 1950 309 1993; x_wconf 89' lang='lat' dir='ltr'>suasum</span> <span class='ocrx_word' id='word_1_139' title='bbox 326 1930 478 1993; x_wconf 89' lang='lat' dir='ltr'>habemus.</span> <span class='ocrx_word' id='word_1_140' title='bbox 522 1927 687 2013; x_wconf 86' lang='lat' dir='ltr'>Utcumque</span> <span class='ocrx_word' id='word_1_141' title='bbox 706 1950 780 1993; x_wconf 91' lang='lat' dir='ltr'>vero</span> <span class='ocrx_word' id='word_1_142' title='bbox 796 1950 830 1992; x_wconf 90' lang='lat' dir='ltr'>se</span> <span class='ocrx_word' id='word_1_143' title='bbox 848 1949 896 1991; x_wconf 88' lang='lat' dir='ltr'>res</span> <span class='ocrx_word' id='word_1_144' title='bbox 911 1928 1027 2006; x_wconf 91' lang='lat' dir='ltr'>babeat,</span> <span class='ocrx_word' id='word_1_145' title='bbox 1046 1950 1121 2011; x_wconf 92' lang='lat' dir='ltr'>quae</span> <span class='ocrx_word' id='word_1_146' title='bbox 1138 1927 1174 1992; x_wconf 93' lang='lat' dir='ltr'>ab</span> <span class='ocrx_word' id='word_1_147' title='bbox 1193 1929 1258 1992; x_wconf 90' lang='lat' dir='ltr'>aliis</span> <span class='ocrx_word' id='word_1_148' title='bbox 1272 1929 1349 1991; x_wconf 86' lang='lat' dir='ltr'>acci-</span> 
     </span>
     <span class='ocr_line' id='line_1_17' title="bbox 190 2030 797 2118; baseline 0 -23"><span class='ocrx_word' id='word_1_149' title='bbox 190 2031 284 2116; x_wconf 88' lang='lat' dir='ltr'>pimus</span> <span class='ocrx_word' id='word_1_150' title='bbox 308 2053 366 2094; x_wconf 93' lang='lat' dir='ltr'>ncn</span> <span class='ocrx_word' id='word_1_151' title='bbox 389 2030 598 2094; x_wconf 86' lang='lat' dir='ltr'>dissimulanda</span> <span class='ocrx_word' id='word_1_152' title='bbox 620 2032 797 2118; x_wconf 86' lang='lat' dir='ltr'>putavimus.</span> 
     </span>
    </p>

    <p class='ocr_par' dir='ltr' id='par_1_9' title="bbox 188 2132 1349 3035">
     <span class='ocr_line' id='line_1_18' title="bbox 276 2132 1347 2218; baseline -0.002 -20"><span class='ocrx_word' id='word_1_153' title='bbox 276 2133 342 2198; x_wconf 86' lang='lat' dir='ltr'>Hoc</span> <span class='ocrx_word' id='word_1_154' title='bbox 361 2132 439 2197; x_wconf 90' lang='lat' dir='ltr'>euim</span> <span class='ocrx_word' id='word_1_155' title='bbox 458 2133 601 2196; x_wconf 88' lang='lat' dir='ltr'>affirmare</span> <span class='ocrx_word' id='word_1_156' title='bbox 620 2135 750 2218; x_wconf 87' lang='lat' dir='ltr'>plerique</span> <span class='ocrx_word' id='word_1_157' title='bbox 770 2155 829 2197; x_wconf 91' lang='grc' dir='ltr'><strong>ιιοιι</strong></span> <span class='ocrx_word' id='word_1_158' title='bbox 848 2133 997 2210; x_wconf 88' lang='lat' dir='ltr'>dubitant,</span> <span class='ocrx_word' id='word_1_159' title='bbox 1029 2134 1168 2216; x_wconf 88' lang='lat' dir='ltr'>quosdam</span> <span class='ocrx_word' id='word_1_160' title='bbox 1186 2154 1226 2196; x_wconf 82' lang='lat' dir='ltr'>ex</span> <span class='ocrx_word' id='word_1_161' title='bbox 1243 2133 1300 2197; x_wconf 90' lang='lat' dir='ltr'>illis</span> <span class='ocrx_word' id='word_1_162' title='bbox 1317 2134 1347 2196; x_wconf 90' lang='lat' dir='ltr'>in</span> 
     </span>
     <span class='ocr_line' id='line_1_19' title="bbox 190 2231 1348 2319; baseline -0.002 -19"><span class='ocrx_word' id='word_1_163' title='bbox 190 2257 225 2299; x_wconf 88' lang='lat' dir='ltr'>ea</span> <span class='ocrx_word' id='word_1_164' title='bbox 242 2257 309 2300; x_wconf 87' lang='lat' dir='ltr'>esse</span> <span class='ocrx_word' id='word_1_165' title='bbox 323 2235 490 2314; x_wconf 89' lang='lat' dir='ltr'>sententia,</span> <span class='ocrx_word' id='word_1_166' title='bbox 521 2232 648 2298; x_wconf 87' lang='lat' dir='ltr'>Mariam</span> <span class='ocrx_word' id='word_1_167' title='bbox 672 2247 736 2319; x_wconf 92' lang='lat' dir='ltr'>post</span> <span class='ocrx_word' id='word_1_168' title='bbox 760 2238 868 2300; x_wconf 88' lang='lat' dir='ltr'>editum</span> <span class='ocrx_word' id='word_1_169' title='bbox 889 2232 1039 2299; x_wconf 86' lang='lat' dir='ltr'>Christum</span> <span class='ocrx_word' id='word_1_170' title='bbox 1055 2257 1120 2298; x_wconf 91' lang='lat' dir='ltr'>cum</span> <span class='ocrx_word' id='word_1_171' title='bbox 1140 2231 1264 2319; x_wconf 88' lang='lat' dir='ltr'>losepbo</span> <span class='ocrx_word' id='word_1_172' title='bbox 1284 2236 1348 2298; x_wconf 89' lang='lat' dir='ltr'>viro</span> 
     </span>
     <span class='ocr_line' id='line_1_20' title="bbox 189 2335 1348 2421; baseline -0.002 -19"><span class='ocrx_word' id='word_1_173' title='bbox 189 2359 244 2402; x_wconf 91' lang='lat' dir='ltr'>suo</span> <span class='ocrx_word' id='word_1_174' title='bbox 273 2338 513 2403; x_wconf 89' lang='lat' dir='ltr'>consuetudinem</span> <span class='ocrx_word' id='word_1_175' title='bbox 538 2337 686 2415; x_wconf 85' lang='lat' dir='ltr'>babuisse.</span> <span class='ocrx_word' id='word_1_176' title='bbox 741 2335 827 2421; x_wconf 82' lang='lat' dir='ltr'>Quod</span> <span class='ocrx_word' id='word_1_177' title='bbox 852 2338 887 2400; x_wconf 92' lang='lat' dir='ltr'>ab</span> <span class='ocrx_word' id='word_1_178' title='bbox 913 2337 970 2400; x_wconf 90' lang='lat' dir='ltr'>illis</span> <span class='ocrx_word' id='word_1_179' title='bbox 999 2339 1165 2400; x_wconf 75' lang='lat' dir='ltr'>asseverari</span> <span class='ocrx_word' id='word_1_180' title='bbox 1191 2337 1348 2421; x_wconf 86' lang='lat' dir='ltr'>permirum</span> 
     </span>
     <span class='ocr_line' id='line_1_21' title="bbox 189 2438 1348 2523; baseline -0.001 -19"><span class='ocrx_word' id='word_1_181' title='bbox 189 2440 258 2504; x_wconf 91' lang='lat' dir='ltr'>mibi</span> <span class='ocrx_word' id='word_1_182' title='bbox 276 2442 403 2506; x_wconf 89' lang='lat' dir='ltr'>videtur.</span> <span class='ocrx_word' id='word_1_183' title='bbox 450 2438 517 2503; x_wconf 89' lang='lat' dir='ltr'>Nec</span> <span class='ocrx_word' id='word_1_184' title='bbox 535 2442 641 2503; x_wconf 88' lang='lat' dir='ltr'>desunt</span> <span class='ocrx_word' id='word_1_185' title='bbox 657 2439 704 2502; x_wconf 92' lang='lat' dir='ltr'>alii</span> <span class='ocrx_word' id='word_1_186' title='bbox 722 2441 769 2522; x_wconf 88' lang='lat' dir='ltr'>qui</span> <span class='ocrx_word' id='word_1_187' title='bbox 787 2439 816 2502; x_wconf 94' lang='lat' dir='ltr'>iu</span> <span class='ocrx_word' id='word_1_188' title='bbox 835 2440 938 2503; x_wconf 88' lang='lat' dir='ltr'>eodem</span> <span class='ocrx_word' id='word_1_189' title='bbox 956 2460 1059 2503; x_wconf 88' lang='lat' dir='ltr'>errore</span> <span class='ocrx_word' id='word_1_190' title='bbox 1078 2450 1251 2517; x_wconf 89' lang='lat' dir='ltr'>versantur,</span> <span class='ocrx_word' id='word_1_191' title='bbox 1276 2461 1348 2523; x_wconf 91' lang='lat' dir='ltr'>qnos</span> 
     </span>
     <span class='ocr_line' id='line_1_22' title="bbox 188 2539 1348 2626; baseline -0.001 -21"><span class='ocrx_word' id='word_1_192' title='bbox 188 2543 268 2607; x_wconf 90' lang='lat' dir='ltr'>inter</span> <span class='ocrx_word' id='word_1_193' title='bbox 281 2542 486 2607; x_wconf 81' lang='lat' dir='ltr'>schismaticos</span> <span class='ocrx_word' id='word_1_194' title='bbox 509 2545 729 2606; x_wconf 88' lang='lat' dir='ltr'>numeravimus</span> <span class='ocrx_word' id='word_1_195' title='bbox 748 2541 779 2604; x_wconf 91' lang='lat' dir='ltr'>in</span> <span class='ocrx_word' id='word_1_196' title='bbox 804 2562 839 2606; x_wconf 89' lang='lat' dir='ltr'>ea</span> <span class='ocrx_word' id='word_1_197' title='bbox 856 2542 979 2626; x_wconf 89' lang='lat' dir='ltr'>epistola</span> <span class='ocrx_word' id='word_1_198' title='bbox 996 2562 1080 2625; x_wconf 92' lang='lat' dir='ltr'>quam</span> <span class='ocrx_word' id='word_1_199' title='bbox 1104 2539 1263 2605; x_wconf 88' lang='lat' dir='ltr'>amicorum</span> <span class='ocrx_word' id='word_1_200' title='bbox 1282 2542 1348 2604; x_wconf 88' lang='lat' dir='ltr'>bor-</span> 
     </span>
     <span class='ocr_line' id='line_1_23' title="bbox 189 2643 1349 2728; baseline -0.003 -19"><span class='ocrx_word' id='word_1_201' title='bbox 189 2657 254 2709; x_wconf 92' lang='lat' dir='ltr'>tatn</span> <span class='ocrx_word' id='word_1_202' title='bbox 268 2647 410 2710; x_wconf 88' lang='lat' dir='ltr'>adversus</span> <span class='ocrx_word' id='word_1_203' title='bbox 425 2644 503 2708; x_wconf 91' lang='lat' dir='ltr'>illius</span> <span class='ocrx_word' id='word_1_204' title='bbox 517 2644 661 2728; x_wconf 78' lang='lat' dir='ltr'>dogmatis</span> <span class='ocrx_word' id='word_1_205' title='bbox 677 2654 817 2728; x_wconf 90' lang='lat' dir='ltr'>patronos</span> <span class='ocrx_word' id='word_1_206' title='bbox 836 2645 871 2708; x_wconf 88' lang='lat' dir='ltr'>ad</span> <span class='ocrx_word' id='word_1_207' title='bbox 887 2644 1043 2708; x_wconf 89' lang='lat' dir='ltr'>nonnullos</span> <span class='ocrx_word' id='word_1_208' title='bbox 1058 2644 1087 2706; x_wconf 91' lang='lat' dir='ltr'>in</span> <span class='ocrx_word' id='word_1_209' title='bbox 1105 2643 1217 2706; x_wconf 81' lang='lat' dir='ltr'>Arabia</span> <span class='ocrx_word' id='word_1_210' title='bbox 1231 2644 1349 2728; x_wconf 87' lang='lat' dir='ltr'>scripsi-</span> 
     </span>
     <span class='ocr_line' id='line_1_24' title="bbox 191 2745 1346 2831; baseline -0.001 -21"><span class='ocrx_word' id='word_1_211' title='bbox 191 2769 274 2826; x_wconf 79' lang='lat' dir='ltr'>mus3</span> <span class='ocrx_word' id='word_1_212' title='bbox 299 2749 328 2810; x_wconf 91' lang='lat' dir='ltr'>in</span> <span class='ocrx_word' id='word_1_213' title='bbox 349 2767 404 2831; x_wconf 91' lang='lat' dir='ltr'>qua</span> <span class='ocrx_word' id='word_1_214' title='bbox 423 2747 553 2831; x_wconf 89' lang='lat' dir='ltr'>pluribus</span> <span class='ocrx_word' id='word_1_215' title='bbox 577 2758 678 2810; x_wconf 89' lang='lat' dir='ltr'>contra</span> <span class='ocrx_word' id='word_1_216' title='bbox 704 2745 771 2810; x_wconf 91' lang='lat' dir='ltr'>illos</span> <span class='ocrx_word' id='word_1_217' title='bbox 798 2747 833 2809; x_wconf 93' lang='lat' dir='ltr'>de</span> <span class='ocrx_word' id='word_1_218' title='bbox 852 2747 906 2809; x_wconf 92' lang='lat' dir='ltr'>boc</span> <span class='ocrx_word' id='word_1_219' title='bbox 931 2756 1105 2831; x_wconf 90' lang='lat' dir='ltr'>argumento</span> <span class='ocrx_word' id='word_1_220' title='bbox 1124 2745 1346 2831; x_wconf 87' lang='lat' dir='ltr'>disputavimus.</span> 
     </span>
     <span class='ocr_line' id='line_1_25' title="bbox 190 2846 1348 2934; baseline 0.001 -23"><span class='ocrx_word' id='word_1_221' title='bbox 190 2846 266 2911; x_wconf 79' lang='lat' dir='ltr'>llam</span> <span class='ocrx_word' id='word_1_222' title='bbox 284 2869 337 2912; x_wconf 88' lang='lat' dir='ltr'>nos</span> <span class='ocrx_word' id='word_1_223' title='bbox 354 2869 427 2912; x_wconf 86' lang='lat' dir='ltr'>vero</span> <span class='ocrx_word' id='word_1_224' title='bbox 445 2848 598 2927; x_wconf 84' lang='lat' dir='ltr'>haeresin,</span> <span class='ocrx_word' id='word_1_225' title='bbox 631 2849 791 2934; x_wconf 86' lang='lat' dir='ltr'>opitulante</span> <span class='ocrx_word' id='word_1_226' title='bbox 810 2850 882 2926; x_wconf 90' lang='lat' dir='ltr'>deo,</span> <span class='ocrx_word' id='word_1_227' title='bbox 907 2849 1066 2934; x_wconf 89' lang='lat' dir='ltr'>separatim</span> <span class='ocrx_word' id='word_1_228' title='bbox 1089 2871 1125 2912; x_wconf 91' lang='lat' dir='ltr'>ac</span> <span class='ocrx_word' id='word_1_229' title='bbox 1143 2869 1197 2912; x_wconf 90' lang='lat' dir='ltr'>suo</span> <span class='ocrx_word' id='word_1_230' title='bbox 1213 2849 1278 2912; x_wconf 92' lang='lat' dir='ltr'>loco</span> <span class='ocrx_word' id='word_1_231' title='bbox 1298 2870 1348 2933; x_wconf 91' lang='lat' dir='ltr'>po·</span> 
     </span>
     <span class='ocr_line' id='line_1_26' title="bbox 191 2962 485 3035; baseline 0 -22"><span class='ocrx_word' id='word_1_232' title='bbox 191 2962 256 3013; x_wconf 86' lang='lat' dir='ltr'>stca</span> <span class='ocrx_word' id='word_1_233' title='bbox 277 2971 485 3035; x_wconf 85' lang='lat' dir='ltr'>proponemus.</span> 
     </span>
    </p>

    <p class='ocr_par' dir='ltr' id='par_1_10' title="bbox 190 3049 1348 3857">
     <span class='ocr_line' id='line_1_27' title="bbox 276 3049 1346 3139; baseline 0.002 -25"><span class='ocrx_word' id='word_1_234' title='bbox 276 3049 336 3115; x_wconf 92' lang='lat' dir='ltr'>lam</span> <span class='ocrx_word' id='word_1_235' title='bbox 354 3073 427 3116; x_wconf 91' lang='lat' dir='ltr'>vero</span> <span class='ocrx_word' id='word_1_236' title='bbox 450 3053 537 3116; x_wconf 92' lang='lat' dir='ltr'>etiam</span> <span class='ocrx_word' id='word_1_237' title='bbox 556 3054 610 3117; x_wconf 90' lang='lat' dir='ltr'>boc</span> <span class='ocrx_word' id='word_1_238' title='bbox 628 3053 810 3139; x_wconf 78' lang='lat' dir='ltr'>Apollinaris</span> <span class='ocrx_word' id='word_1_239' title='bbox 832 3075 900 3118; x_wconf 89' lang='lat' dir='ltr'>esse</span> <span class='ocrx_word' id='word_1_240' title='bbox 916 3055 1066 3118; x_wconf 86' lang='lat' dir='ltr'>decretum</span> <span class='ocrx_word' id='word_1_241' title='bbox 1085 3054 1214 3118; x_wconf 91' lang='lat' dir='ltr'>nonnulli</span> <span class='ocrx_word' id='word_1_242' title='bbox 1232 3054 1346 3139; x_wconf 89' lang='lat' dir='ltr'>praedi-</span> 
     </span>
     <span class='ocr_line' id='line_1_28' title="bbox 191 3154 1347 3242; baseline 0.001 -25"><span class='ocrx_word' id='word_1_243' title='bbox 191 3163 277 3230; x_wconf 88' lang='lat' dir='ltr'>cant,</span> <span class='ocrx_word' id='word_1_244' title='bbox 310 3154 339 3217; x_wconf 91' lang='lat' dir='ltr'>in</span> <span class='ocrx_word' id='word_1_245' title='bbox 364 3154 454 3238; x_wconf 89' lang='lat' dir='ltr'>priori</span> <span class='ocrx_word' id='word_1_246' title='bbox 477 3156 695 3221; x_wconf 88' lang='lat' dir='ltr'>resurrections</span> <span class='ocrx_word' id='word_1_247' title='bbox 722 3157 800 3220; x_wconf 90' lang='lat' dir='ltr'>mille</span> <span class='ocrx_word' id='word_1_248' title='bbox 823 3177 877 3220; x_wconf 90' lang='lat' dir='ltr'>nos</span> <span class='ocrx_word' id='word_1_249' title='bbox 893 3177 1036 3220; x_wconf 89' lang='lat' dir='ltr'>annorum</span> <span class='ocrx_word' id='word_1_250' title='bbox 1059 3157 1182 3242; x_wconf 88' lang='lat' dir='ltr'>spatium</span> <span class='ocrx_word' id='word_1_251' title='bbox 1199 3157 1301 3220; x_wconf 90' lang='lat' dir='ltr'>iisdem</span> <span class='ocrx_word' id='word_1_252' title='bbox 1319 3157 1347 3219; x_wconf 91' lang='lat' dir='ltr'>in</span> 
     </span>
     <span class='ocr_line' id='line_1_29' title="bbox 190 3253 1347 3344; baseline 0.002 -25"><span class='ocrx_word' id='word_1_253' title='bbox 190 3255 270 3319; x_wconf 84' lang='lat' dir='ltr'>ritas</span> <span class='ocrx_word' id='word_1_254' title='bbox 286 3253 447 3334; x_wconf 89' lang='lat' dir='ltr'>institutis,</span> <span class='ocrx_word' id='word_1_255' title='bbox 472 3257 575 3340; x_wconf 93' lang='lat' dir='ltr'>quibus</span> <span class='ocrx_word' id='word_1_256' title='bbox 593 3280 670 3323; x_wconf 87' lang='lat' dir='ltr'>nnnc</span> <span class='ocrx_word' id='word_1_257' title='bbox 684 3260 811 3338; x_wconf 89' lang='lat' dir='ltr'>utimur,</span> <span class='ocrx_word' id='word_1_258' title='bbox 845 3279 913 3323; x_wconf 89' lang='lat' dir='ltr'>esse</span> <span class='ocrx_word' id='word_1_259' title='bbox 930 3260 1133 3337; x_wconf 81' lang='lat' dir='ltr'>conlecturos,</span> <span class='ocrx_word' id='word_1_260' title='bbox 1159 3271 1235 3322; x_wconf 90' lang='lat' dir='ltr'>utet</span> <span class='ocrx_word' id='word_1_261' title='bbox 1253 3260 1347 3344; x_wconf 84' lang='lat' dir='ltr'>legem</span> 
     </span>
     <span class='ocr_line' id='line_1_30' title="bbox 191 3357 1347 3446; baseline 0.002 -24"><span class='ocrx_word' id='word_1_262' title='bbox 191 3379 256 3422; x_wconf 92' lang='lat' dir='ltr'>cum</span> <span class='ocrx_word' id='word_1_263' title='bbox 271 3357 337 3421; x_wconf 89' lang='lat' dir='ltr'>aliis</span> <span class='ocrx_word' id='word_1_264' title='bbox 355 3357 546 3423; x_wconf 85' lang='lat' dir='ltr'>observemus</span> <span class='ocrx_word' id='word_1_265' title='bbox 564 3361 716 3440; x_wconf 88' lang='lat' dir='ltr'>omnibus,</span> <span class='ocrx_word' id='word_1_266' title='bbox 741 3372 771 3424; x_wconf 92' lang='lat' dir='ltr'>et</span> <span class='ocrx_word' id='word_1_267' title='bbox 790 3361 925 3446; x_wconf 91' lang='lat' dir='ltr'>quicquid</span> <span class='ocrx_word' id='word_1_268' title='bbox 945 3373 991 3425; x_wconf 86' lang='lat' dir='ltr'>est</span> <span class='ocrx_word' id='word_1_269' title='bbox 1007 3364 1037 3425; x_wconf 92' lang='lat' dir='ltr'>in</span> <span class='ocrx_word' id='word_1_270' title='bbox 1056 3363 1180 3442; x_wconf 88' lang='lat' dir='ltr'>mundo,</span> <span class='ocrx_word' id='word_1_271' title='bbox 1214 3363 1289 3445; x_wconf 94' lang='lat' dir='ltr'>quod</span> <span class='ocrx_word' id='word_1_272' title='bbox 1312 3363 1347 3426; x_wconf 91' lang='lat' dir='ltr'>ad</span> 
     </span>
     <span class='ocr_line' id='line_1_31' title="bbox 191 3460 1348 3549; baseline 0.003 -26"><span class='ocrx_word' id='word_1_273' title='bbox 191 3480 274 3523; x_wconf 91' lang='lat' dir='ltr'>usum</span> <span class='ocrx_word' id='word_1_274' title='bbox 292 3460 490 3543; x_wconf 90' lang='lat' dir='ltr'>quotidianum</span> <span class='ocrx_word' id='word_1_275' title='bbox 512 3461 654 3544; x_wconf 90' lang='lat' dir='ltr'>pertinet,</span> <span class='ocrx_word' id='word_1_276' title='bbox 680 3465 761 3527; x_wconf 89' lang='lat' dir='ltr'>velut</span> <span class='ocrx_word' id='word_1_277' title='bbox 776 3465 910 3549; x_wconf 86' lang='lat' dir='ltr'>nuptias,</span> <span class='ocrx_word' id='word_1_278' title='bbox 944 3465 1214 3542; x_wconf 85' lang='lat' dir='ltr'>circumcisionem,</span> <span class='ocrx_word' id='word_1_279' title='bbox 1248 3485 1348 3527; x_wconf 88' lang='lat' dir='ltr'>acce·</span> 
     </span>
     <span class='ocr_line' id='line_1_32' title="bbox 190 3561 1348 3651; baseline 0.005 -27"><span class='ocrx_word' id='word_1_280' title='bbox 190 3571 253 3625; x_wconf 89' lang='lat' dir='ltr'>tera</span> <span class='ocrx_word' id='word_1_281' title='bbox 271 3562 388 3639; x_wconf 90' lang='lat' dir='ltr'>omnia,</span> <span class='ocrx_word' id='word_1_282' title='bbox 419 3562 637 3646; x_wconf 86' lang='lat' dir='ltr'>participemus.</span> <span class='ocrx_word' id='word_1_283' title='bbox 683 3561 855 3629; x_wconf 88' lang='lat' dir='ltr'>Cuiusmodi</span> <span class='ocrx_word' id='word_1_284' title='bbox 881 3566 991 3630; x_wconf 89' lang='lat' dir='ltr'>abillo</span> <span class='ocrx_word' id='word_1_285' title='bbox 1016 3568 1121 3650; x_wconf 85' lang='lat' dir='ltr'>dogma</span> <span class='ocrx_word' id='word_1_286' title='bbox 1143 3567 1259 3630; x_wconf 89' lang='lat' dir='ltr'>delendi</span> <span class='ocrx_word' id='word_1_287' title='bbox 1280 3589 1348 3651; x_wconf 89' lang='lat' dir='ltr'>pcr-</span> 
     </span>
     <span class='ocr_line' id='line_1_33' title="bbox 190 3664 1347 3752; baseline 0.004 -26"><span class='ocrx_word' id='word_1_288' title='bbox 190 3664 316 3727; x_wconf 90' lang='lat' dir='ltr'>suadere</span> <span class='ocrx_word' id='word_1_289' title='bbox 334 3664 418 3726; x_wconf 91' lang='lat' dir='ltr'>nobis</span> <span class='ocrx_word' id='word_1_290' title='bbox 436 3664 556 3726; x_wconf 89' lang='lat' dir='ltr'>omnino</span> <span class='ocrx_word' id='word_1_291' title='bbox 579 3686 637 3727; x_wconf 93' lang='lat' dir='ltr'>non</span> <span class='ocrx_word' id='word_1_292' title='bbox 656 3686 821 3750; x_wconf 89' lang='lat' dir='ltr'>possumus.</span> <span class='ocrx_word' id='word_1_293' title='bbox 868 3664 1051 3752; x_wconf 80' lang='lat' dir='ltr'>Quamquam</span> <span class='ocrx_word' id='word_1_294' title='bbox 1072 3670 1151 3732; x_wconf 92' lang='lat' dir='ltr'>illum</span> <span class='ocrx_word' id='word_1_295' title='bbox 1169 3679 1347 3732; x_wconf 83' lang='lat' dir='ltr'>assertorem</span> 
     </span>
     <span class='ocr_line' id='line_1_34' title="bbox 191 3765 671 3857; baseline -0.002 -27"><span class='ocrx_word' id='word_1_296' title='bbox 191 3785 259 3830; x_wconf 88' lang='lat' dir='ltr'>esse</span> <span class='ocrx_word' id='word_1_297' title='bbox 281 3787 299 3828; x_wconf 89' lang='lat' dir='ltr'>a</span> <span class='ocrx_word' id='word_1_298' title='bbox 322 3765 469 3829; x_wconf 90' lang='lat' dir='ltr'>nonnullis</span> <span class='ocrx_word' id='word_1_299' title='bbox 492 3765 671 3857; x_wconf 76' lang='lat' dir='ltr'>accepimus.</span> 
     </span>
    </p>

    <p class='ocr_par' dir='ltr' id='par_1_11' title="bbox 189 3866 1347 4469">
     <span class='ocr_line' id='line_1_35' title="bbox 275 3866 1347 3954; baseline 0.006 -22"><span class='ocrx_word' id='word_1_300' title='bbox 275 3866 415 3934; x_wconf 86' lang='lat' dir='ltr'>Ceterum</span> <span class='ocrx_word' id='word_1_301' title='bbox 435 3869 470 3931; x_wconf 90' lang='lat' dir='ltr'>de</span> <span class='ocrx_word' id='word_1_302' title='bbox 487 3869 542 3931; x_wconf 89' lang='lat' dir='ltr'>hoc</span> <span class='ocrx_word' id='word_1_303' title='bbox 560 3867 724 3931; x_wconf 87' lang='lat' dir='ltr'>millenario</span> <span class='ocrx_word' id='word_1_304' title='bbox 740 3879 870 3954; x_wconf 89' lang='lat' dir='ltr'>tempore</span> <span class='ocrx_word' id='word_1_305' title='bbox 885 3871 1011 3951; x_wconf 90' lang='lat' dir='ltr'>alicubi,</span> <span class='ocrx_word' id='word_1_306' title='bbox 1045 3874 1100 3938; x_wconf 88' lang='lat' dir='ltr'>boc</span> <span class='ocrx_word' id='word_1_307' title='bbox 1115 3886 1161 3937; x_wconf 90' lang='lat' dir='ltr'>est</span> <span class='ocrx_word' id='word_1_308' title='bbox 1178 3875 1208 3936; x_wconf 88' lang='lat' dir='ltr'>in</span> <span class='ocrx_word' id='word_1_309' title='bbox 1227 3873 1347 3939; x_wconf 90' lang='lat' dir='ltr'>loannis</span> 
     </span>
     <span class='ocr_line' id='line_1_36' title="bbox 189 3970 1347 4061; baseline 0.004 -25"><span class='ocrx_word' id='word_1_310' title='bbox 189 3970 389 4056; x_wconf 79' lang='lat' dir='ltr'>Apocalypsi,</span> <span class='ocrx_word' id='word_1_311' title='bbox 416 3975 592 4034; x_wconf 88' lang='lat' dir='ltr'>mentionem</span> <span class='ocrx_word' id='word_1_312' title='bbox 612 3971 691 4048; x_wconf 88' lang='lat' dir='ltr'>fieri,</span> <span class='ocrx_word' id='word_1_313' title='bbox 722 3982 833 4057; x_wconf 79' lang='lat' dir='ltr'>etcum</span> <span class='ocrx_word' id='word_1_314' title='bbox 850 3972 954 4036; x_wconf 88' lang='lat' dir='ltr'>librum</span> <span class='ocrx_word' id='word_1_315' title='bbox 969 3994 986 4037; x_wconf 87' lang='lat' dir='ltr'>a</span> <span class='ocrx_word' id='word_1_316' title='bbox 1003 3976 1149 4061; x_wconf 89' lang='lat' dir='ltr'>plerisque</span> <span class='ocrx_word' id='word_1_317' title='bbox 1165 3977 1242 4039; x_wconf 85' lang='lat' dir='ltr'>inter</span> <span class='ocrx_word' id='word_1_318' title='bbox 1259 3999 1347 4041; x_wconf 92' lang='lat' dir='ltr'>cano·</span> 
     </span>
     <span class='ocr_line' id='line_1_37' title="bbox 189 4072 1346 4164; baseline 0.007 -28"><span class='ocrx_word' id='word_1_319' title='bbox 189 4075 272 4138; x_wconf 89' lang='lat' dir='ltr'>nicos</span> <span class='ocrx_word' id='word_1_320' title='bbox 290 4072 393 4158; x_wconf 90' lang='lat' dir='ltr'>recipi,</span> <span class='ocrx_word' id='word_1_321' title='bbox 418 4074 548 4158; x_wconf 87' lang='lat' dir='ltr'>religiosi</span> <span class='ocrx_word' id='word_1_322' title='bbox 565 4073 698 4137; x_wconf 89' lang='lat' dir='ltr'>homines</span> <span class='ocrx_word' id='word_1_323' title='bbox 716 4096 774 4137; x_wconf 93' lang='lat' dir='ltr'>non</span> <span class='ocrx_word' id='word_1_324' title='bbox 790 4074 938 4158; x_wconf 88' lang='lat' dir='ltr'>ignorant.</span> <span class='ocrx_word' id='word_1_325' title='bbox 986 4075 1097 4141; x_wconf 89' lang='lat' dir='ltr'>Verum</span> <span class='ocrx_word' id='word_1_326' title='bbox 1112 4078 1152 4140; x_wconf 90' lang='lat' dir='ltr'>ita</span> <span class='ocrx_word' id='word_1_327' title='bbox 1170 4079 1346 4164; x_wconf 85' lang='lat' dir='ltr'>complures,</span> 
     </span>
     <span class='ocr_line' id='line_1_38' title="bbox 189 4175 1346 4264; baseline 0.006 -25"><span class='ocrx_word' id='word_1_328' title='bbox 189 4175 334 4260; x_wconf 89' lang='lat' dir='ltr'>iidemque</span> <span class='ocrx_word' id='word_1_329' title='bbox 351 4176 389 4262; x_wconf 92' lang='lat' dir='ltr'>pii</span> <span class='ocrx_word' id='word_1_330' title='bbox 407 4199 441 4239; x_wconf 89' lang='lat' dir='ltr'>ac</span> <span class='ocrx_word' id='word_1_331' title='bbox 461 4176 634 4260; x_wconf 88' lang='lat' dir='ltr'>spiritalium</span> <span class='ocrx_word' id='word_1_332' title='bbox 653 4198 751 4240; x_wconf 86' lang='lat' dir='ltr'>rerum</span> <span class='ocrx_word' id='word_1_333' title='bbox 767 4175 866 4263; x_wconf 91' lang='lat' dir='ltr'>periti,</span> <span class='ocrx_word' id='word_1_334' title='bbox 891 4178 920 4240; x_wconf 89' lang='lat' dir='ltr'>in</span> <span class='ocrx_word' id='word_1_335' title='bbox 939 4178 1017 4243; x_wconf 90' lang='lat' dir='ltr'>illius</span> <span class='ocrx_word' id='word_1_336' title='bbox 1034 4180 1160 4245; x_wconf 88' lang='lat' dir='ltr'>lectione</span> <span class='ocrx_word' id='word_1_337' title='bbox 1178 4193 1346 4264; x_wconf 88' lang='lat' dir='ltr'>versantur,</span> 
     </span>
     <span class='ocr_line' id='line_1_39' title="bbox 190 4278 1347 4368; baseline 0.01 -29"><span class='ocrx_word' id='word_1_338' title='bbox 190 4286 319 4360; x_wconf 87' lang='lat' dir='ltr'>atquae</span> <span class='ocrx_word' id='word_1_339' title='bbox 345 4280 375 4342; x_wconf 93' lang='lat' dir='ltr'>in</span> <span class='ocrx_word' id='word_1_340' title='bbox 400 4280 464 4365; x_wconf 89' lang='lat' dir='ltr'>ipso</span> <span class='ocrx_word' id='word_1_341' title='bbox 487 4278 647 4363; x_wconf 91' lang='lat' dir='ltr'>spiritalem</span> <span class='ocrx_word' id='word_1_342' title='bbox 672 4301 793 4344; x_wconf 88' lang='lat' dir='ltr'>sensum</span> <span class='ocrx_word' id='word_1_343' title='bbox 813 4281 963 4344; x_wconf 89' lang='lat' dir='ltr'>continent</span> <span class='ocrx_word' id='word_1_344' title='bbox 983 4282 1176 4368; x_wconf 91' lang='lat' dir='ltr'>accipientes,</span> <span class='ocrx_word' id='word_1_345' title='bbox 1210 4306 1281 4351; x_wconf 90' lang='lat' dir='ltr'>vera</span> <span class='ocrx_word' id='word_1_346' title='bbox 1298 4286 1347 4350; x_wconf 91' lang='lat' dir='ltr'>illa</span> 
     </span>
     <span class='ocr_line' id='line_1_40' title="bbox 191 4379 1345 4469; baseline 0.01 -27"><span class='ocrx_word' id='word_1_347' title='bbox 191 4379 322 4464; x_wconf 92' lang='lat' dir='ltr'>quidem,</span> <span class='ocrx_word' id='word_1_348' title='bbox 355 4382 407 4446; x_wconf 92' lang='lat' dir='ltr'>sed</span> <span class='ocrx_word' id='word_1_349' title='bbox 432 4381 529 4446; x_wconf 90' lang='lat' dir='ltr'>altiori</span> <span class='ocrx_word' id='word_1_350' title='bbox 546 4384 667 4467; x_wconf 88' lang='lat' dir='ltr'>quadam</span> <span class='ocrx_word' id='word_1_351' title='bbox 686 4383 877 4468; x_wconf 87' lang='lat' dir='ltr'>intelligentia</span> <span class='ocrx_word' id='word_1_352' title='bbox 896 4385 1043 4469; x_wconf 86' lang='lat' dir='ltr'>explicata</span> <span class='ocrx_word' id='word_1_353' title='bbox 1064 4387 1221 4452; x_wconf 89' lang='lat' dir='ltr'>lateantur.</span> <span class='ocrx_word' id='word_1_354' title='bbox 1267 4385 1345 4453; x_wconf 90' lang='lat' dir='ltr'>Nam</span> 
     </span>
    </p>
   </div>
   <div class='ocr_carea' id='block_1_4' title="bbox 0 0 1553 5070">
    <p class='ocr_par' dir='ltr' id='par_1_12' title="bbox 0 0 1553 5070">
     <span class='ocr_line' id='line_1_41' title="bbox 0 0 1553 5070; baseline 0 0"><span class='ocrx_word' id='word_1_355' title='bbox 0 0 1553 5070; x_wconf 95' lang='lat' dir='ltr'> </span> 
     </span>
    </p>
   </div>
  </div>
 </body>
</html>
