3096 5070
348 291 483 345 rsnsnn
501 291 565 344 cre.
579 291 623 343 nn.
638 289 720 343 ron.
735 290 756 341 1.
774 283 875 341 nors.
890 288 999 341 cxxv.
1195 278 1253 345 181

100 412 255 477 discrimen
270 422 329 478 est.
375 397 430 475 Est
446 410 523 475 anion
542 409 692 475 amborum
711 429 786 473 nous
811 409 902 486 ordo,
933 429 987 494 por
1012 419 1042 472 ct
1064 408 1140 473 idem
1162 409 1258 475 bonor

101 537 135 581 cc
149 515 284 599 dignitas.
331 511 440 579 Manus
455 511 578 598 imponit
591 511 758 598 episcopus,
783 510 905 594 imponit
919 521 949 572 et
964 510 1138 596 presbyten
1164 512 1257 598 bspti-

101 628 151 684 zat
172 617 344 704 episcopus,
374 615 451 680 idem
476 616 546 678 iecit
572 624 601 677 ct
628 614 793 699 presbyter.
839 609 978 675 Divinum
1005 633 1120 676 ornnem
1148 615 1255 678 coitum

99 720 283 784 administrat
298 719 469 806 episcopos,
500 737 558 779 non
578 715 674 779 minus
693 715 720 778 id
742 715 858 778 incitet
878 713 1045 800 presbyter.
1092 712 1255 801 Episcopus

98 823 129 887 io
144 822 250 887 throno
264 823 361 899 sedet,
379 820 509 883 sedetet
525 816 692 903 presbyter.
727 815 781 880 biis
799 817 828 878 iu
845 815 950 900 vulgas
968 817 1082 880 iactatis
1100 817 1255 901 pterosque

97 926 127 989 in
155 945 287 989 errorem
313 921 452 1000 abduxit,
483 940 605 1005 qnorum
632 929 731 982 scctne
764 917 900 1004 princeps
925 919 1034 983 extitit.
1082 916 1254 997 Prosterea,

99 1026 254 1110 Quidest,
286 1023 397 1109 inquit,
421 1021 552 1100 Pascha,
586 1022 695 1106 quoda
716 1020 800 1084 vobis
822 1021 1011 1084 celebraturi
1044 1017 1254 1085 ‘Niosirnmcd

99 1126 274 1192 indecorum
300 1126 394 1188 adbuc
417 1125 528 1188 inbutus
553 1122 783 1201 ndbacrescitis3
815 1123 1009 1207 nequeenim
1032 1119 1185 1188 Poscimtis
1205 1144 1255 1186 so·

98 1230 236 1293 iemnitas
258 1227 408 1291 obeunda:
441 1231 576 1307 Quoniam
598 1228 708 1288 Pascis
724 1238 851 1287 nostrum
870 1229 1029 1288 immolatus
1044 1238 1089 1288 est
1107 1229 1248 1288 Cdo-ritus.
1265 1252 1284 1296 1·
1294 1248 1347 1295 coa.
1360 1248 1408 1305 ῃ,

98 1327 201 1415 Pergit
218 1329 339 1409 deinde,
371 1327 429 1408 Et,
453 1328 695 1414 queerctiocst,
719 1328 827 1412 inquit,
859 1338 924 1412 post
945 1327 1055 1391 obitum
1074 1337 1254 1392 mortuorunt

99 1431 246 1518 appellare
270 1431 406 1495 nominat
449 1428 528 1495 Num
544 1440 576 1493 ut
591 1430 677 1494 vivus
693 1441 774 1508 oret,
808 1440 858 1493 ant
880 1430 909 1492 io
936 1449 1081 1514 pauperes
1105 1429 1181 1492 bono
1200 1449 1254 1493 sna

82 1534 258 1618 dispenset,
282 1534 348 1618 qnid
364 1554 404 1597 cx
418 1553 452 1597 cc
470 1553 502 1598 rc
520 1534 636 1596 tandem
655 1532 690 1594 ad
707 1543 852 1595 mortuum
870 1533 964 1595 rediti
1007 1529 1094 1615 Quod
1110 1531 1134 1594 si
1151 1550 1255 1618 snper·

98 1636 197 1699 stitnm
214 1656 316 1719 preces
332 1636 368 1699 iis
382 1635 430 1721 qni
446 1656 485 1698 ex
500 1633 555 1699 boc
573 1633 632 1698 vita
648 1634 842 1698 discesserint
854 1633 991 1719 opitnieri
1008 1644 1142 1719 possunt,
1168 1654 1254 1698 nemo

97 1737 143 1823 pie
169 1738 305 1822 deinceps
332 1750 401 1821 eget
424 1737 551 1822 aliquid,
583 1756 678 1821 neque
702 1735 770 1798 boni
789 1736 941 1820 quicquum
958 1735 1044 1813 iacit,
1075 1736 1128 1798 scd
1143 1734 1254 1799 amicos

97 1840 152 1903 sibi
167 1840 279 1924 aliquos
296 1859 476 1924 quacumque
492 1839 607 1903 ratione
632 1837 877 1922 veiitadiungat,
909 1837 973 1901 sive
990 1838 1178 1922 pecuniarum
1197 1838 1254 1902 inr-

96 1940 226 2027 gitione,
258 1942 323 2005 sive
342 1942 476 2026 precibus
496 1942 551 2004 boc
568 1939 603 2003 ab
622 1940 680 2003 iiiis
697 1939 751 2004 sub
770 1939 848 2003 ritae
867 1940 952 2002 iocos
972 1938 1126 2024 impetret,
1150 1950 1183 2004 at
1202 1960 1254 2026 pro

97 2064 130 2108 se
146 2045 232 2107 deum
248 2053 391 2121 exorent,
416 2052 447 2105 nt
465 2063 502 2105 ne
518 2042 576 2106 iiiic
594 2041 699 2127 aliquid
720 2040 895 2105 incommodi
913 2042 1056 2126 potiatur,
1082 2062 1137 2105 nec
1152 2042 1255 2105 innna·

96 2146 175 2209 ninm
191 2166 209 2208 n
226 2164 259 2208 se
277 2144 438 2208 facinorum
455 2164 569 2229 poenae
586 2154 767 2230 repetantur.
814 2141 873 2208 Sed
895 2164 989 2228 usqne
1009 2143 1122 2222 ieiunii,
1146 2144 1252 2229 inquit,

96 2247 266 2310 instituendi
284 2247 340 2310 nita
359 2246 435 2308 ratio
452 2256 509 2310 est.
542 2244 624 2309 Haec
639 2244 715 2310 enim
733 2247 828 2310 omunia
848 2244 1021 2309 iudaeorum
1036 2246 1153 2330 propria
1170 2256 1251 2325 suunt,

95 2361 124 2415 et
139 2350 252 2414 cuidam
268 2349 420 2413 servitutis
437 2348 505 2431 iugo
520 2347 664 2412 subiecto.
710 2345 825 2433 Quippe
841 2353 915 2411 cincto
930 2351 1011 2409 nulla
1026 2352 1075 2410 leo
1086 2353 1180 2430 posito
1191 2360 1245 2424 cst,
1260 2369 1280 2413 1.
1288 2365 1349 2413 'rte
1359 2364 1407 2425 1,t.

93 2456 145 2515 scd
156 2455 313 2534 parricidis
328 2473 363 2513 nc
378 2454 535 2513 mntrr'crilsls
550 2454 701 2526 duntaxat,
726 2462 757 2513 et
770 2455 801 2513 id
812 2473 905 2532 genus
919 2454 996 2513 clri'a.
1042 2448 1120 2514 Nem
1134 2451 1159 2512 si
1176 2451 1249 2514 ieiu-

96 2574 168 2617 nsrc
182 2554 302 2618 omnino
315 2553 509 2630 decreverim,
523 2572 704 2637 quacumque
721 2552 909 2631 libueritdie,
924 2567 1028 2638 sponte
1043 2564 1072 2616 et
1083 2553 1197 2635 integro
1214 2553 1248 2615 ii·

96 2654 211 2718 bertatc
227 2655 376 2719 icinnsbo.
402 2653 478 2718 Hinc
493 2665 539 2718 cst
556 2657 632 2739 qnod
650 2655 697 2717 isti
717 2655 861 2718 dominico
878 2657 924 2718 die
943 2656 1075 2719 ieiunare
1092 2655 1187 2741 potins
1204 2655 1247 2717 ei·

99 2756 224 2835 sectant,
257 2768 358 2842 quartu
383 2777 456 2820 nero
473 2767 618 2841 sextoque
636 2756 708 2820 ieria
728 2770 899 2822 vescentur.
946 2754 1128 2842 chaorqnam
1148 2778 1252 2843 serpe·

98 2878 219 2921 numero
235 2869 337 2943 cusanc
354 2859 425 2923 icria
443 2859 585 2937 ieiunent,
610 2881 668 2922 uon
685 2859 741 2922 utin
761 2860 838 2943 lege,
863 2861 914 2924 sed
934 2861 1097 2938 vitiantote,
1122 2870 1154 2922 ut
1169 2880 1252 2922 esse-

97 2970 184 3038 runt,
215 2960 335 3023 inducti.
379 2957 476 3024 Porro
498 2961 601 3024 diebus
624 2961 695 3047 ipsis
722 2959 892 3042 Puscbntis,
924 2963 999 3047 quood
1030 2972 1144 3046 tenrupns
1173 2961 1250 3026 iunoni

97 3060 248 3140 cubando,
271 3062 471 3127 castimoniam
493 3064 640 3128 serrendo
656 3063 878 3149 afflictandoqne
898 3085 1040 3149 corpore,
1072 3085 1202 3127 necnon
1222 3075 1252 3129 et
1315 3143 1318 3149 .

96 3165 243 3228 aridorum
263 3165 392 3229 ciborum
418 3187 489 3244 usu,
521 3166 673 3251 precibus,
706 3166 831 3249 vigiliis,
864 3167 997 3246 ieiuniis,
1031 3188 1065 3230 ac
1086 3166 1205 3252 rciiqnis
1221 3166 1249 3231 id

95 3287 188 3351 genus
218 3265 419 3330 saluberrimis
449 3271 581 3355 corporis
610 3270 787 3333 cruciatibus
810 3269 961 3332 celebrere
989 3269 1136 3348 sciemus,
1170 3271 1251 3334 iiiic

96 3368 246 3431 econtrario
264 3369 319 3431 ianr
338 3380 397 3432 tum
413 3370 539 3434 diincniu
558 3372 697 3436 obsonari
716 3372 825 3449 soient,
850 3382 879 3433 et
894 3371 1030 3435 caestibus
1046 3371 1173 3456 vitroque
1191 3372 1251 3435 dis·

97 3471 168 3532 tenti
192 3469 378 3548 cerbinrmri,
409 3472 524 3551 ridere,
557 3495 666 3558 eosque
691 3474 737 3557 qni
764 3475 840 3536 iilum
866 3471 1016 3538 Pan-tomis
1041 3474 1250 3537 hebdomadum

96 3572 289 3635 sanctissimis
316 3572 374 3635 iiiis
401 3574 592 3658 religionibus
621 3577 775 3640 traducunt
804 3575 928 3639 indibrio
959 3575 1078 3640 trabere.
1133 3574 1250 3639 Etenim

96 3674 212 3736 tametsi
235 3675 404 3738 rcnnntiorc
432 3698 464 3740 se
490 3677 577 3740 rebns
604 3677 738 3742 omnibns
763 3679 972 3762 profiteantur,
1006 3679 1123 3741 nrinimc
1153 3690 1262 3756 tumen=
1366 3733 1369 3741 .

96 3774 173 3838 vitae
192 3775 259 3838 ittnu
286 3776 449 3840 institutum
474 3778 651 3856 observent,
683 3780 735 3841 scd
765 3780 901 3843 caninibus
926 3802 960 3844 cc
985 3780 1164 3842 vnotmttnc
1188 3780 1251 3864 pins

95 3898 189 3962 aequo
217 3878 386 3963 induigent3
419 3879 473 3942 nisi
499 3883 572 3943 inrtc
598 3880 680 3963 pauci
707 3882 859 3944 admodum
885 3883 962 3945 inter
985 3883 1050 3946 iilos
1073 3891 1176 3965 sponte
1197 3903 1251 3947 sna

96 3981 315 4065 prioremiiiam
334 3982 410 4044 ritae
430 3983 570 4047 notionem
588 3979 746 4045 retineant.
787 3981 894 4047 Mniori
914 3985 990 4047 roim
1007 4005 1045 4046 cx
1063 3995 1142 4066 purte
1162 3985 1250 4069 iurgi-

95 4082 195 4145 uribns
210 4084 314 4167 epuiis,
339 4086 487 4162 enrcribns,
511 4107 545 4149 ac
562 4086 630 4147 rino
647 4105 715 4147 sese
728 4084 918 4168 ingurgitent,
944 4095 974 4147 nt
991 4107 1047 4148 non
1065 4086 1155 4149 sonaci
1172 4088 1248 4151 dixi·

96 4204 171 4247 rnns.
203 4182 284 4249 Haec
303 4198 372 4249 suunt
389 4189 543 4274 praecipue
565 4208 639 4273 quoue
662 4188 772 4251 Atrius
795 4187 824 4251 in
848 4189 924 4250 iturum
946 4188 1081 4251 nrrsrrdmn
1104 4191 1246 4255 cvoornit.

95 4387 168 4466 edi-dit
182 4389 402 4466 carpntoincs'nat
417 4391 580 4460 μητραλοῑαις
721 4393 746 4443 u,
774 4387 944 4458 ἀναγκάζωσι
970 4392 1083 4462 λέγοντας
1108 4397 1192 4449 edin
1216 4402 1251 4449 rat

134 4473 153 4504 t.
170 4457 233 4505 ectu
250 4453 303 4510 ἀλλ’
318 4457 378 4531 tanqu.
415 4463 464 4516 Pro
477 4460 544 4528 φησὶ
559 4463 658 4523 tonsu
690 4463 740 4514 eod.
765 4463 860 4522 nnedtp.
1115 4478 1118 4483 ·
1175 4468 1178 4475 ·

95 4524 242 4574 monton
256 4526 330 4594 pust
723 4531 747 4582 s.
765 4519 815 4596 cicc
833 4533 887 4582 truc
903 4533 1079 4598 mensumn.
