3096 5070
420 298 556 352 venenu
574 298 692 350 nunus.
711 297 794 351 rom.
806 298 837 349 rr.
854 297 1108 350 nennmxxvru.
1277 284 1339 347 427

188 418 312 486 Doridis
331 439 365 482 ae
380 416 469 482 ludae
494 419 586 503 stirpe
608 417 646 480 sit
665 417 788 482 emunda
807 415 1017 495 Elizabetbae,
1049 435 1124 500 quae
1148 437 1187 479 ex
1204 412 1341 478 Levitico

188 543 301 610 genere
323 531 421 599 esset,
447 532 570 605 cognata
596 522 702 583 luerit?

272 622 396 688 lacobus
410 623 467 687 iste
480 623 628 686 bracteam
643 621 674 685 in
689 622 785 707 eapite
802 620 906 705 gessit.
952 618 993 683 Et
1011 640 1075 684 eom
1093 608 1247 706 aliquando
1262 629 1341 682 terra
1355 615 1496 683 ΒΨΧΝ·

188 726 322 794 siccitate
347 725 510 803 laboraret,
544 724 667 788 sublatis
687 723 724 788 ad
747 723 860 787 coelum
886 722 1018 787 manibus
1042 723 1154 801 orarit,
1188 722 1342 806 statimque

187 830 283 896 imber
302 829 338 893 de
356 828 440 891 coelo
457 826 574 889 decidit.
620 824 723 890 Lanea
740 824 915 889 vestimenta
935 847 1081 910 nonquam
1097 825 1201 888 induit.
1247 822 1342 887 Huius

188 952 262 997 vero
283 951 378 1014 genua
395 929 572 992 camelorum
592 929 687 991 instar
702 928 840 992 callosam
860 927 993 990 duritiem
1008 937 1235 1005 contraxerant,
1267 924 1343 1009 quod

188 1053 260 1120 prae
275 1030 448 1095 abundantia
468 1031 583 1115 pietatis
600 1030 716 1094 assidue
733 1030 781 1094 illa
798 1051 896 1094 corana
913 1029 1030 1094 domino
1045 1031 1188 1093 flecteret.
1232 1025 1342 1111 Quam·

188 1135 289 1200 obrem
309 1155 395 1196 nemo
418 1133 541 1217 amplius
565 1133 682 1218 proprio
708 1133 788 1196 illum
811 1132 930 1196 nomine
953 1132 1096 1210 vocabat,
1127 1131 1177 1194 sed
1194 1135 1290 1192 iustas
1305 1128 1341 1192 ab

190 1236 324 1302 omnibus
348 1235 555 1321 appellabatur.
600 1235 649 1298 Ad
666 1235 738 1299 baec
761 1256 906 1320 nunquam
926 1235 955 1298 in
973 1234 1086 1299 balneis
1106 1233 1193 1311 lavit,
1225 1232 1260 1294 ab
1279 1231 1342 1294 ani·

190 1349 268 1404 mato
285 1338 362 1403 omni
383 1338 571 1422 temperarit,
604 1348 633 1400 nt
653 1349 740 1401 antea
767 1339 873 1402 dictum
894 1348 957 1416 est,
992 1357 1086 1421 neque
1109 1335 1247 1400 sandaliis
1272 1354 1342 1397 osus

190 1453 246 1506 est.
292 1440 416 1524 Reliqua
442 1442 538 1503 omnia
562 1439 763 1526 praetermitto
788 1461 862 1524 quae
882 1442 917 1503 de
935 1441 990 1504 hoc
1010 1440 1094 1518 viro,
1128 1440 1221 1523 deque
1243 1437 1343 1501 lauda·

189 1544 239 1609 bili
259 1543 335 1606 vitae
353 1540 430 1606 illins
447 1542 599 1620 instituto,
632 1542 791 1626 quamlibet
811 1544 930 1628 copiose
956 1543 1011 1606 dici
1030 1552 1164 1626 possunt.
1211 1537 1342 1604 Videsne

190 1667 274 1732 mana
292 1644 411 1728 egregia
426 1645 533 1709 familia
549 1644 596 1708 illa
613 1645 707 1708 omnis
723 1645 878 1708 extiterit?
910 1642 988 1707 Nam
1007 1645 1031 1709 si
1051 1645 1165 1731 losepbi
1181 1642 1265 1707 liberi
1285 1640 1343 1704 vir·

189 1750 288 1833 ginum
314 1747 444 1810 ordinem
465 1745 546 1809 illum
567 1756 597 1808 et
612 1744 835 1810 Nazaraeorom
856 1748 979 1809 officium
997 1748 1203 1826 sectabantur,
1235 1754 1343 1830 quanto

189 1850 283 1935 magis
306 1870 401 1913 senex
423 1849 472 1911 ille
489 1849 680 1912 veneratione
707 1849 786 1911 omni
812 1848 999 1932 dignissimus
1026 1860 1134 1912 castam
1160 1858 1189 1910 et
1207 1849 1343 1911 intactam

189 1953 333 2037 uirginem
360 1961 706 2030 commemoraverat,
738 1962 768 2014 et
791 1950 818 2014 ei
847 1952 912 2015 rasi
938 1952 1115 2035 singularem
1133 1951 1276 2034 quendam
1294 1948 1346 2011 bo·

191 2077 292 2119 norem
311 2054 443 2132 deterre,
467 2054 542 2135 qnod
558 2053 681 2116 salutem
697 2054 845 2116 bominum
862 2054 1018 2137 aliquando
1036 2053 1240 2116 continuerat?
1284 2049 1343 2116 Sed

191 2168 222 2221 et
242 2167 345 2220 natura
362 2155 423 2239 ipsa
442 2155 617 2218 documento
636 2155 719 2219 uobis
736 2177 802 2219 esse
821 2149 934 2237 polest,
960 2157 1034 2240 qood
1053 2167 1083 2220 et
1100 2156 1204 2221 allecta
1221 2156 1276 2219 iam
1294 2175 1344 2218 ae-

191 2268 251 2322 tate
270 2259 344 2321 toret
360 2278 395 2320 ae
412 2268 480 2320 natu
496 2258 653 2341 grandior,
679 2279 800 2339 magnus
814 2257 891 2322 inter
908 2259 1002 2336 viros,
1029 2259 1157 2322 moribus
1176 2258 1285 2334 tidelis,
1310 2277 1345 2320 ac

189 2361 287 2446 specie
312 2360 373 2442 ipsa
397 2359 566 2443 religiosus.
613 2358 659 2423 lle
682 2380 718 2421 eo
737 2361 841 2445 qnippe
863 2371 987 2424 testatur
1012 2361 1216 2445 evangelium,
1247 2364 1342 2422 Homr'-
1374 2367 1460 2468 nqnqq

187 2483 251 2525 aem
280 2466 353 2523 rebec
373 2466 624 2536 tamentemdeum5
658 2461 706 2545 qui
728 2461 837 2526 idcireo
858 2463 931 2526 clam
953 2463 1106 2548 coniugem
1125 2462 1270 2526 dimittere
1286 2472 1346 2524 sta·
1406 2455 1414 2479 '
1454 2453 1460 2467 ⁸

191 2563 309 2627 tuisset.
356 2561 415 2628 Sed
436 2565 518 2627 ulad
537 2564 671 2627 iacobum
689 2565 824 2644 redeam,
859 2565 967 2628 domini
992 2568 1111 2628 iratrem
1130 2586 1164 2628 ae
1183 2563 1297 2647 losepbi
1313 2563 1346 2626 fi·

190 2665 281 2745 lium,
317 2665 363 2728 bic
382 2664 598 2750 Hierosolymis
617 2676 750 2730 mortuus
766 2680 812 2731 est
827 2668 912 2730 annis
930 2678 993 2750 post
1011 2667 1215 2731 ascensionem
1236 2665 1346 2729 domini

189 2769 254 2856 plns
272 2768 368 2831 minus
391 2766 494 2852 uiginti
518 2779 644 2852 quatuor
664 2769 795 2844 exactis,
826 2791 890 2833 cum
915 2771 978 2853 ipse
997 2780 1114 2833 sextum
1137 2779 1167 2832 et
1186 2768 1345 2852 nonagesi·
1395 2804 1398 2810 ,

189 2893 267 2935 mum
284 2869 390 2934 aetatis
405 2881 519 2955 ageret.
565 2869 643 2933 Huic
660 2871 736 2933 euim
754 2871 824 2934 lullo
839 2872 953 2956 quidam
972 2883 1057 2955 caput
1072 2874 1147 2935 laste
1162 2870 1345 2948 comminuit,

190 2994 255 3037 eum
279 2992 420 3059 praeceps
436 2983 517 3036 esset
535 2992 551 3035 e
573 2973 670 3057 templi
688 2973 843 3058 pinnaculo
859 2974 1009 3046 deiectus,
1041 2975 1092 3038 sed
1109 2974 1180 3037 nihil
1192 2973 1346 3036 admodum

194 3073 343 3153 obeusus,
376 3075 571 3160 procumbens
588 3075 617 3137 in
638 3096 734 3159 genna
759 3097 811 3160 pro
835 3076 880 3138 bis
897 3076 969 3160 ipsis
984 3097 1001 3138 a
1017 3077 1120 3160 quibos
1140 3074 1346 3162 praecipitatus

193 3178 307 3252 luerat,
338 3177 422 3239 deum
442 3187 640 3261 precatusest
658 3177 702 3241 bis
725 3178 842 3257 verbis,
876 3175 997 3241 Dimitte
1021 3179 1097 3255 illis,
1128 3179 1193 3262 quia
1211 3177 1347 3241 nesciunt

192 3277 259 3362 quid
279 3276 399 3342 iaciunt.
445 3276 531 3343 Unde
555 3277 685 3365 Symeon
709 3280 788 3344 illius
808 3301 825 3343 e
843 3301 947 3344 sorore
970 3301 1061 3365 nepos
1085 3301 1119 3343 ae
1140 3277 1289 3364 Cleophae
1314 3279 1346 3342 li-

192 3380 250 3443 lins
264 3379 364 3464 procul
382 3380 500 3445 adstans
519 3382 547 3444 in
568 3381 640 3445 baec
657 3382 748 3446 verba
766 3382 879 3447 locotus
897 3395 958 3460 est,
993 3388 1137 3445 Ilesr‘rn'tel
1181 3385 1345 3462 (lur'ddopl-

191 3483 275 3542 dibus
293 3486 396 3542 rustum
413 3485 547 3544 bumabem
571 3488 725 3564 appetitis?
767 3489 797 3546 ls
809 3509 865 3565 pro
883 3489 959 3548 ooba'a
980 3491 1083 3566 optima
1103 3507 1228 3567 quaeque
1241 3504 1342 3566 preco·

185 3595 251 3671 vtarr.
298 3581 364 3646 lloc
385 3582 475 3666 igitur
496 3584 582 3646 modo
604 3585 745 3669 martyrio
768 3589 937 3671 perfunctus
959 3600 1016 3652 est.

279 3686 336 3747 lam
362 3705 434 3747 vcro
456 3685 480 3747 si
501 3685 615 3768 losepbi
638 3685 713 3748 lilios
736 3698 832 3751 aetate
851 3689 894 3753 sic
915 3701 1072 3775 provectus
1097 3690 1167 3768 luit,
1200 3691 1265 3774 quis
1281 3688 1345 3752 eius
1364 3703 1424 3771 Gap.
1439 3703 1497 3754 xv.

193 3798 306 3874 patrem
323 3786 498 3865 arbitretur,
523 3787 570 3872 qni
587 3797 644 3849 tam
664 3787 809 3852 horrenda
825 3792 991 3874 spectacula
1008 3792 1148 3868 vidisset,
1173 3802 1239 3877 pota
1257 3810 1346 3873 ange·

191 3891 236 3956 los
255 3890 388 3954 nascenti
407 3890 527 3952 blindai
546 3889 719 3972 stipatorum
739 3910 773 3951 ac
790 3892 946 3956 satellitum
965 3895 1057 3958 officia
1078 3897 1278 3978 praestantes,
1311 3912 1346 3955 ac

141 4057 143 4061 ,
192 3995 227 4058 de
242 3993 326 4057 coelo
343 4002 513 4070 cantantes,
538 4001 568 4052 et
584 3989 732 4068 dieentes,
758 3994 855 4054 Glora'u
872 3998 901 4056 r'rr
916 3999 1061 4058 oltrtsa'mr's
1076 4002 1141 4071 deo,
1175 4008 1204 4057 et
1220 4000 1249 4057 a‘a
1265 4007 1343 4057 terra
1355 4007 1439 4063 uuor,
1451 4008 1485 4053 m.

188 4119 265 4177 puae,
300 4097 502 4157 abdominibus
524 4095 645 4173 bonagro
667 4098 814 4170 coluntos;
848 4116 912 4158 cum
935 4109 1067 4181 pastores
1092 4100 1213 4182 insuper
1229 4098 1264 4160 ad
1281 4118 1344 4160 eam

192 4199 358 4282 speluncam
375 4196 405 4260 in
423 4217 478 4281 qua
497 4191 634 4260 Christus
655 4207 740 4261 natus
762 4208 826 4262 erat
843 4199 1058 4280 accessissent,
1090 4202 1249 4284 eademqne
1272 4220 1345 4262 nuu-

194 4297 332 4377 tiassent,
364 4320 428 4362 cum
452 4298 541 4378 baec,
574 4298 707 4382 inquam,
741 4311 800 4363 tam
819 4300 988 4364 admiranda
1008 4302 1138 4385 prodigia
1157 4301 1346 4365 aomiracula

195 4400 335 4485 losepbus
359 4401 408 4464 ille
431 4420 525 4464 senex
549 4422 583 4486 ac
602 4400 767 4488 decrepitus
785 4404 918 4481 audiret,
951 4403 1053 4467 fierine
1076 4404 1169 4489 potnit
1187 4413 1290 4468 sancto
1312 4415 1345 4468 ut

229 4535 355 4591 cmxv.
376 4565 405 4574 -
444 4537 464 4591 t.
488 4539 563 4602 rnna
578 4525 635 4606 lea
