3096 5070
377 281 513 335 rossan
531 281 784 333 eternoacum.
803 279 902 332 ussa.
916 279 1036 330 cxxiv.
1223 266 1287 331 ast

125 402 182 467 tari
199 403 311 489 possit3
335 412 434 466 estora
461 401 577 480 omnia,
611 400 659 464 ubi
687 400 853 464 atrioitate
871 398 1061 478 discesseris,
1095 398 1153 483 pati
1180 398 1286 483 aliquid

125 516 262 590 possunt,
286 504 342 568 nisi
359 505 433 567 lorte
444 524 553 589 expers
568 501 617 566 ille
631 502 798 567 allectionis
813 501 909 566 onmis
926 501 1049 565 similem
1067 500 1210 585 quendam
1227 511 1287 564 sta·

124 617 184 673 tom
205 628 259 693 per
276 605 544 691 incorruptionem,
578 604 683 689 quibus
707 606 844 684 libuerit,
876 603 1017 688 singulari
1036 602 1159 687 quodam
1180 602 1289 666 beneb-

123 710 170 774 oio
187 709 270 790 large
287 710 472 793 benigneque
488 707 683 771 concesserit.
730 704 827 790 Quem
846 706 961 790 quidem
984 703 1211 788 incorruptionis
1230 716 1289 767 sta·

123 824 185 877 tom
206 833 265 875 uon
287 833 327 875 ex
350 813 524 894 incorporea
552 810 650 894 aliqua
676 820 799 883 natura,
835 809 886 872 sed
915 829 955 871 ex
977 806 1045 870 boui
1072 817 1101 869 et
1125 806 1289 870 affectionis

124 914 220 979 omnis
237 913 370 1000 expertis
386 911 432 974 dei
453 911 591 996 largitate
610 921 842 996 consequuntur.
890 908 976 994 Quod
997 920 1093 974 autem
1119 909 1223 971 unicus
1242 907 1287 972 dei

125 1018 202 1081 blius
218 1017 356 1099 iuraras
373 1015 412 1077 sit
432 1035 554 1099 passus,
587 1015 693 1078 nullam
718 1015 794 1077 istud
814 1013 842 1076 in
859 1013 951 1098 ipsius
973 1011 1156 1075 divinitatem
1175 1008 1288 1094 passio·

125 1139 193 1183 nem
209 1116 399 1181 transfundit.
446 1114 629 1201 Quamquam
652 1116 720 1181 illud
744 1126 825 1180 recta
849 1117 921 1179 bdes
942 1136 978 1178 nc
1001 1115 1118 1178 sincera
1142 1112 1288 1198 professio

126 1221 230 1297 docet,
264 1219 311 1281 dei
338 1219 478 1298 verbam,
511 1220 587 1304 quod
611 1239 748 1304 persese
775 1219 833 1303 pati
856 1216 927 1281 nibil
953 1226 1068 1302 potest,
1100 1215 1287 1279 nibilominus

127 1339 196 1385 osse
215 1342 344 1406 passum.
391 1319 471 1385 idern
498 1343 586 1405 porro
611 1322 713 1385 eadem
742 1321 804 1406 ipsa
828 1320 955 1406 patiendi
979 1320 1049 1384 nibil
1072 1319 1101 1382 in
1119 1318 1287 1382 conditione

128 1422 306 1508 permansit,
338 1444 393 1487 nec
409 1425 438 1487 in
454 1436 559 1487 natura
583 1444 635 1487 sua
652 1423 822 1487 motationis
844 1422 952 1507 aliquid
971 1434 1020 1486 aut
1036 1421 1216 1485 diversitatis
1235 1440 1288 1482 ex·

128 1537 229 1613 pertus
255 1537 313 1590 est.
359 1525 558 1610 Quamobrem
586 1525 636 1589 ille
659 1525 707 1610 qui
730 1525 875 1612 sapientia
899 1547 934 1588 ac
960 1527 1032 1588 deus
1056 1535 1120 1588 erat
1142 1522 1288 1610 passionis

127 1631 224 1693 omnis
243 1649 371 1714 expers,
395 1651 459 1693 oum
478 1628 615 1714 potiendo
634 1629 725 1692 sciret
742 1648 775 1690 se
791 1648 844 1690 eos
859 1626 1047 1690 liberaturum
1066 1627 1194 1712 assequi
1211 1647 1288 1692 mor·

130 1741 187 1795 tem
207 1731 406 1816 patiebantur,
431 1753 489 1793 nou
510 1731 637 1814 legatum
657 1728 766 1808 ullum,
791 1751 849 1793 non
867 1730 1002 1812 angelum
1022 1729 1116 1808 misit,
1142 1750 1201 1793 nou
1221 1750 1288 1814 pro-

129 1834 231 1919 pbetas
248 1833 391 1916 deniquo,
415 1833 576 1896 uniusmodi
593 1833 751 1896 adrentum
767 1853 852 1895 suum
872 1842 1112 1910 antecesserant,
1144 1832 1196 1896 sed
1212 1833 1288 1917 ipse·

129 1945 190 1998 met
207 1934 341 1996 dominns
365 1936 465 2012 venit,
497 1955 531 1996 ao
548 1933 769 2019 perpessionem
793 1933 833 1997 ita
859 1936 887 1996 in
911 1955 943 1997 se
965 1934 1029 2018 ipso
1051 1954 1180 2019 vereque
1199 1936 1288 1998 susti-

130 2037 213 2115 nuit,
238 2046 270 2099 ut
283 2035 399 2099 iuterim
419 2056 528 2120 expers
548 2036 696 2120 passionis
714 2035 851 2100 divinitas
870 2036 932 2120 ipsa
950 2047 1147 2120 permaneret.
1194 2032 1288 2100 Cuius

129 2140 247 2224 quidem
262 2139 321 2201 vim
339 2159 373 2202 ao
391 2139 548 2222 potentiam
572 2138 642 2202 nibil
658 2136 822 2203 incarnatio
847 2137 910 2223 ipsa
929 2137 1073 2201 diminuit.
1118 2135 1197 2201 Nam
1215 2158 1288 2201 eun·

129 2244 195 2304 dem
210 2241 240 2304 in
259 2239 412 2303 divinitate
429 2261 501 2318 sua,
527 2259 601 2324 quae
618 2241 664 2304 dei
685 2240 804 2325 propria
821 2251 907 2318 sunt,
932 2249 1129 2325 praestantem
1147 2240 1211 2304 sine
1228 2241 1288 2304 ullo

128 2343 228 2407 carnis
245 2343 454 2428 impedimento
472 2344 636 2420 cernimus,
661 2343 742 2407 velut
759 2366 824 2408 oum
843 2356 957 2418 ventos,
982 2365 1060 2405 marc
1075 2354 1104 2404 et
1114 2346 1227 2426 fluctus
1240 2348 1285 2409 r'n.·
1299 2365 1428 2422 naama.

127 2458 241 2528 crepat,
264 2468 327 2507 cam
343 2449 487 2507 Lusor-am
500 2451 620 2526 propria
635 2447 810 2510 auctoritate
827 2457 949 2525 evocat,
974 2456 1005 2510 et
1019 2444 1131 2508 inlinita
1148 2444 1204 2508 alia
1220 2467 1287 2530 pro-
1298 2419 1375 2464 ¹⁰⁸¹*
1385 2419 1415 2464 ¹²

128 2548 241 2633 digiosa
257 2569 293 2612 ac
309 2549 451 2633 stupenda
472 2548 602 2611 molitur.
649 2546 830 2633 Quamquam
848 2549 964 2613 interim
984 2548 1118 2632 quicquid
1138 2558 1202 2611 ernt
1218 2569 1288 2612 coo·

129 2662 302 2714 sentaneum
323 2652 439 2735 corpori
462 2650 618 2714 tribuebat.
663 2648 741 2714 Nam
763 2662 792 2714 et
808 2651 923 2715 diabolo
942 2661 1056 2715 tentare
1074 2650 1225 2737 permisit,
1257 2661 1287 2715 et
1313 2657 1427 2706 aarum.

131 2752 297 2815 bominibus
311 2754 454 2830 caedere,
480 2764 507 2815 ot
530 2753 574 2816 bis
593 2751 642 2837 qui
661 2754 946 2838 comprehendebant
964 2774 1087 2839 capere,
1119 2753 1196 2816 utin
1216 2754 1288 2837 pati·

131 2852 181 2916 bili
202 2864 305 2917 natura
332 2855 478 2940 passionis
503 2875 613 2941 expers
633 2866 800 2940 pateretur,
833 2867 863 2919 ct
883 2856 1000 2919 interim
1020 2857 1048 2919 in
1067 2876 1121 2920 sua
1137 2855 1288 2920 divinitate

132 2955 278 3040 passionis
303 2977 413 3043 expers
441 2969 592 3036 maneret,
628 2980 686 3021 nou
712 2959 828 3021 alienus
853 2980 869 3021 a
896 2959 1041 3043 passionis
1068 2969 1190 3044 experte
1218 2959 1285 3036 deo,

132 3057 185 3122 sed
204 3057 301 3123 omnia
321 3059 462 3144 singulari
480 3062 605 3145 quodam
629 3071 659 3124 et
677 3058 840 3125 admirabili
858 3061 1000 3146 mysterio
1019 3073 1123 3148 suapte
1137 3061 1288 3126 voluntate

132 3159 308 3244 suscipiens.
353 3160 605 3246 Quemadmodum
621 3173 651 3228 et
666 3174 749 3249 pater
766 3164 838 3227 deus
853 3183 918 3226 curu
935 3164 1087 3248 unigenito
1102 3164 1166 3249 ipso
1181 3186 1215 3228 ac
1229 3164 1289 3248 spi·

132 3262 191 3326 ritu
214 3272 335 3342 sancto;
370 3285 445 3348 quae
469 3266 585 3350 quidem
616 3267 766 3351 perlecta,
803 3276 834 3328 et
857 3267 1001 3351 passionis
1026 3287 1135 3353 expers
1157 3266 1285 3342 trinitas,

131 3385 249 3449 unaque
272 3364 409 3429 divinitas
434 3367 571 3432 universa
597 3367 817 3453 complectitur,
851 3370 923 3432 deus
942 3390 1035 3448 unus,
1068 3390 1103 3433 ao
1123 3369 1288 3434 dominatus

134 3487 211 3531 unns
233 3466 410 3531 continentis
434 3472 531 3534 omnia
554 3470 612 3534 dei.

218 3571 254 3631 ΙΙ.
298 3566 405 3653 Neque
422 3591 493 3634 vero
510 3573 585 3656 quod
602 3573 754 3637 continere
769 3574 882 3638 dicatur
897 3574 1011 3654 omnia,
1034 3573 1145 3638 idcirco
1162 3574 1288 3659 patiendi

133 3671 294 3734 conditioni
318 3671 488 3750 subiicitur,
523 3674 591 3736 licet
618 3696 693 3757 quae
715 3675 752 3738 ab
778 3676 842 3761 ipso
869 3677 1157 3762 comprehenduntur
1179 3677 1206 3739 ei
1230 3676 1289 3760 legi

132 3771 315 3838 subiaceant.
360 3771 418 3839 Est
431 3775 508 3837 enim
523 3775 598 3837 intra
614 3777 712 3839 omnia
726 3786 756 3839 et
770 3788 856 3840 extra
869 3779 966 3842 omrria
981 3779 1186 3842 universorum
1202 3778 1287 3860 deus,

132 3895 229 3959 neque
254 3887 351 3939 tamen
379 3897 444 3939 oum
473 3877 530 3940 ulla
551 3897 584 3940 re
607 3889 763 3942 concretus
783 3899 818 3941 ac
840 3881 1023 3963 permixtus;
1054 3900 1094 3943 ex
1119 3900 1176 3964 quo
1203 3881 1236 3944 fn
1258 3893 1290 3946 ut

132 3997 230 4061 oeque
255 3979 331 4062 quod
359 3977 465 4063 ubique
488 3978 546 4057 sit,
580 4000 674 4062 neque
694 3980 769 4063 quod
789 3991 874 4044 extra
892 3984 989 4045 omnia
1008 3982 1063 4061 sit,
1096 4002 1191 4066 neque
1212 3985 1288 4067 quod

132 4080 361 4166 comprehendat
381 4081 496 4160 omnia,
528 4102 621 4165 neque
645 4082 720 4167 quod
743 4080 771 4144 in
790 4081 852 4165 ipso
871 4084 1008 4146 universa
1027 4095 1219 4164 moveantur,
1251 4086 1287 4150 ob

133 4180 162 4246 it
187 4183 244 4267 pati
263 4182 408 4269 quispiam
434 4184 648 4248 existimandus
667 4185 706 4248 sit
724 4183 861 4247 immunis
886 4183 923 4246 ab
942 4186 1021 4247 omni
1041 4185 1169 4270 patiendi
1188 4189 1288 4253 condi·

133 4282 213 4348 tione
229 4285 312 4350 dens.
357 4282 443 4351 Sicut
458 4307 513 4351 neo
527 4285 664 4372 idipsum,
688 4286 763 4371 quod
780 4286 896 4348 unicum
912 4283 999 4349 lilium
1017 4287 1130 4371 genuit,
1155 4289 1288 4375 qnodque

135 4385 239 4451 uuicos
255 4387 304 4451 ille
320 4388 436 4471 genitus
453 4399 517 4466 est,
540 4400 591 4452 aut
605 4389 681 4473 quod
696 4399 814 4453 sanctus
831 4386 896 4451 eius
911 4387 1031 4471 spiritus
1048 4389 1174 4455 omissus
1190 4404 1237 4457 est
1250 4394 1287 4458 ab

134 4484 217 4573 ipso,
248 4489 333 4553 ullam
355 4490 558 4556 sanctissimae
582 4491 705 4557 trinitati
729 4491 913 4558 affectionem
933 4491 1052 4557 iuleret.
1098 4490 1213 4582 Quippe
1232 4515 1288 4561 neo
