3096 5070
314 276 316 281 ’
377 307 513 359 neuneu
530 307 593 360 nuo.
609 307 653 358 ni.
670 305 752 359 oon.
766 308 785 358 t.
802 302 903 359 nnn.
918 306 1036 360 oxxvi.
1222 296 1284 362 229

130 427 240 486 eteeelso
254 446 342 507 supro
361 430 603 501 abonimandum,
627 430 667 489 od
683 430 840 508 aquilonem
854 430 1001 488 ascendam
1019 449 1107 508 supro
1121 430 1226 504 nobee,
1258 441 1289 492 et

130 548 178 589 ero
190 530 293 590 suinib's
309 532 462 591 oltbn'nno:
494 551 568 591 niune
595 551 660 591 nero
674 533 713 590 nd
727 531 834 611 aleberes
853 532 1017 603 descendes,
1051 533 1090 592 od
1096 533 1286 613 fundamento

129 640 224 692 teme
244 639 302 694 eto.

492 834 667 886 lNClPlUNT
685 834 775 885 ABTll
795 833 922 885 cantro.

213 933 238 1000 Ι.
265 933 298 1001 Si
316 937 464 1021 ingenitus
482 937 554 999 dens
570 947 667 1020 potest
683 937 759 1020 qnod
777 935 906 1018 genitum
924 947 968 1000 est
991 937 1282 1021 ingenitum-lacere.

213 1036 334 1105 Coniut.
357 1037 381 1103 Ι.
419 1038 554 1125 Inprimis
579 1058 646 1101 esse
677 1039 784 1122 aliquid
811 1038 886 1121 quod
919 1038 991 1102 dens
1024 1041 1119 1102 laneae
1146 1052 1283 1124 tuaquom,

124 1140 244 1225 inopium
265 1152 311 1205 est
333 1143 475 1226 cogitare.
513 1139 550 1203 Et
565 1141 678 1225 quidem
696 1140 802 1224 aliquid
819 1151 864 1204 est
879 1141 1023 1203 duntaxat
1039 1143 1113 1225 quod
1131 1143 1214 1205 deuna
1231 1145 1284 1205 mi·

126 1244 205 1309 nime
221 1244 341 1324 deeeat3
367 1267 424 1307 non
442 1244 517 1328 qnod
536 1244 570 1305 ad
588 1243 658 1306 illud
684 1242 846 1305 iaciendum
866 1243 938 1307 satis
958 1243 1062 1306 vinium
1087 1263 1144 1306 non
1163 1243 1280 1321 babent,

127 1346 179 1411 ned
197 1346 274 1430 qnod
292 1347 418 1424 uvolino,
443 1346 525 1426 verbi
541 1347 653 1429 gnatia,
677 1347 774 1423 deum,
799 1345 844 1407 eui
865 1345 935 1407 nibil
953 1345 1131 1430 inpossibile
1148 1359 1205 1420 est,
1231 1345 1296 1409 mi·-

129 1450 205 1513 nine
228 1451 348 1527 deceatp
382 1449 508 1532 eoquod
527 1450 632 1510 molum
658 1469 743 1510 omne
766 1448 882 1508 divione
909 1448 986 1510 illins
1004 1469 1038 1510 ao
1065 1449 1284 1533 potentissimae

130 1550 261 1631 bonitati,
287 1550 398 1636 ipsique
421 1553 495 1613 odeo
518 1551 565 1634 qui
591 1550 684 1612 bonus
707 1559 752 1612 est
775 1549 952 1633 inpossibile
975 1550 1024 1612 sit.

210 1651 388 1732 Praeterea,
412 1653 437 1715 si
454 1653 529 1736 qnod
547 1654 652 1714 laetum
670 1674 704 1713 ne
721 1652 849 1735 genitum
868 1663 914 1713 est
929 1652 1088 1735 ingenitum
1106 1652 1185 1715 reddi
1207 1654 1283 1717 laeto

129 1755 194 1841 ipso
212 1755 315 1818 bonum
336 1755 477 1818 indie-anet
496 1756 585 1831 deus,
618 1775 711 1837 neque
738 1764 833 1815 tannen
851 1752 927 1814 istud
948 1755 1014 1816 boni
1042 1754 1115 1816 bene
1141 1755 1282 1840 perlucere

130 1867 242 1943 posset,
275 1868 333 1919 tum
359 1860 471 1920 dennuni
498 1868 671 1939 praepotens
689 1856 736 1918 illo
752 1856 823 1917 deus
848 1854 958 1916 vinibno
979 1857 1135 1920 destitutus
1155 1878 1221 1920 esse
1240 1859 1283 1920 ni·

130 1959 263 2038 deretun3
298 1960 344 2043 qni
361 1962 435 2043 quod
461 1960 658 2042 praestantius
676 1968 721 2020 est
738 1957 831 2019 anolini
850 1959 969 2041 cupiens
988 1980 1166 2042 nequaquam
1184 1971 1283 2044 posset

128 2062 256 2145 aeteqni.
303 2059 414 2125 Verona
442 2083 506 2123 oum
532 2071 560 2121 et
587 2061 662 2143 qnod
689 2060 847 2142 ingenitum
870 2070 916 2122 est
942 2059 1049 2122 boninu
1073 2063 1127 2135 sit,
1159 2071 1189 2123 et
1205 2063 1281 2146 quod

126 2164 254 2249 genitum
273 2173 319 2226 est
335 2185 389 2225 sno
410 2163 439 2224 iu
458 2163 560 2226 ordine
580 2163 654 2224 bene
674 2163 713 2224 sit
729 2161 877 2245 genitium,
902 2164 1036 2245 quoniam
1053 2164 1217 2244 genitarum
1235 2184 1283 2227 re·

125 2286 189 2329 nom
213 2266 342 2329 conditio
362 2265 438 2328 bona
455 2275 502 2327 est
515 2274 544 2326 et
560 2285 576 2325 a
593 2265 669 2327 bono
687 2265 742 2326 deo
760 2267 907 2348 prolecta,
939 2284 994 2326 nec
1012 2265 1098 2326 aliter
1116 2269 1151 2328 ab
1166 2287 1201 2327 eo
1219 2268 1281 2349 ipso

123 2367 286 2446 iudieatnn,
310 2388 456 2451 antiquam
474 2367 523 2429 ille
539 2368 613 2450 qnod
631 2366 779 2451 praeclare
796 2367 925 2451 genitum
942 2379 985 2429 est
1004 2367 1163 2450 ingenitum
1184 2370 1281 2432 lauceae

123 2471 220 2550 volet3
245 2470 475 2554 quandoquidem
492 2470 530 2530 ita
544 2489 577 2531 oe
595 2490 656 2530 nem
674 2468 782 2532 babere
799 2470 905 2531 bonnm
922 2489 989 2530 asse
1006 2468 1079 2531 idenu
1095 2469 1143 2530 ille
1162 2490 1280 2554 pensua-

123 2593 188 2637 unm
214 2571 312 2636 babet.
364 2571 562 2654 Quamobrem
595 2592 660 2634 oum
683 2571 751 2634 boni
778 2572 906 2634 conditio
929 2571 1007 2633 nollo
1031 2571 1116 2633 niodo
1139 2582 1279 2650 mutetur,

122 2694 181 2738 non
199 2673 275 2759 quod
293 2673 321 2738 it
337 2674 377 2737 illi
395 2673 573 2758 impossibile
590 2673 644 2752 sit,
677 2674 728 2737 sed
749 2675 824 2757 qnod
842 2674 917 2737 bene
936 2674 971 2736 ad
991 2693 1056 2736 eunt
1076 2674 1190 2736 modum
1209 2696 1279 2736 aon-

124 2777 224 2840 stituto
241 2776 296 2854 sit,
328 2775 422 2840 bonus
439 2777 538 2861 ntique
555 2779 648 2839 laetus
663 2796 679 2838 a
694 2775 773 2838 nullo
790 2776 861 2839 dens
878 2778 953 2855 est‚'
977 2775 1051 2838 bona
1068 2775 1179 2855 itidem,
1204 2798 1278 2860 qnae

55 2889 59 2901 '
124 2877 161 2941 ab
174 2898 211 2943 eo
227 2891 297 2942 eunt
313 2879 342 2942 in
359 2879 462 2942 ordine
478 2900 532 2942 suo
552 2879 639 2957 facta,
665 2878 778 2940 tametsi
794 2876 916 2960 ingeniti
932 2877 1125 2962 appellatione
1144 2889 1276 2943 careant.

49 3014 51 3018 ·
125 2976 194 3044 Non
211 2980 287 3043 enim
308 2991 422 3044 creatos
440 2982 510 3044 deos
529 2981 674 3058 condidit,
697 2990 730 3042 ut
744 2978 866 3042 alterum
886 3003 949 3043 euin
968 2981 1062 3043 altero
1079 2992 1277 3065 eouupnnatnm

125 3081 317 3166 appellatione
331 3083 393 3166 ipsa
408 3083 570 3168 snperionis
586 3104 674 3167 supra
690 3081 859 3144 inferiorem
876 3083 1092 3160 excellentiam,
1111 3105 1185 3167 qnae
1201 3084 1277 3147 nulla

125 3183 316 3269 appellatione
344 3186 548 3270 comprehendi
574 3196 687 3269 potest,
720 3185 859 3247 obsonret
885 3196 914 3247 et
939 3186 1106 3268 extinguat.
1152 3184 1229 3249 Nam
1252 3187 1277 3250 si

124 3285 198 3349 dens
214 3286 287 3351 alter
303 3307 319 3349 a
338 3288 417 3351 nullo
436 3289 529 3350 laetus'
548 3288 623 3350 alten
638 3289 730 3350 iaetus
750 3299 808 3363 est,
833 3308 896 3349 cum
914 3288 989 3349 nullo
1008 3288 1046 3349 sit
1065 3287 1143 3349 intel·
1158 3299 1278 3351 nanneno

125 3387 305 3468 communio,
340 3388 401 3452 fieri
431 3411 488 3452 non
523 3400 619 3475 potest
648 3399 679 3452 ut
701 3391 859 3452 seeundum
888 3400 1020 3452 tiatorem
1052 3390 1178 3453 nominis
1201 3390 1278 3453 illins

125 3489 292 3573 dignitatem
308 3512 489 3555 communem
507 3493 629 3570 babeat,
654 3492 709 3553 nisi
728 3491 804 3554 fonte
823 3492 964 3554 abusione
981 3493 1102 3575 quadam
1123 3504 1152 3552 et
1170 3492 1276 3575 gnatia,

125 3590 180 3655 boo
195 3602 239 3655 est
257 3594 476 3680 participatione
494 3594 633 3678 quandam,
659 3593 720 3655 lieni
739 3593 851 3656 dientnn
868 3605 897 3656 ut
916 3595 1057 3657 eiusmodi
1074 3594 1214 3656 bonelinio
1235 3596 1278 3654 iu-

124 3694 261 3758 leniorem
289 3697 371 3760 dines
395 3696 511 3760 afficiat.
557 3693 634 3758 Nam
661 3695 709 3757 ille
733 3696 847 3778 quidem
867 3696 922 3758 sibi
948 3717 1092 3781 nunquam
1116 3695 1277 3781 superioris

121 3817 228 3860 nomen
243 3797 425 3884 imposuerit,
451 3807 482 3860 ut
499 3797 594 3881 quise
612 3797 647 3857 ab
665 3797 713 3860 illa
730 3810 851 3861 naturae
868 3800 1008 3882 dignitate
1025 3798 1277 3882 appellationeque

121 3899 248 3963 alienum
267 3922 387 3985 prorsus
406 3899 558 3980 intelligat.
606 3895 789 3976 Saneillud‚
823 3902 947 3977 onon,
982 3900 1277 3983 meritolibialiquis

85 3997 87 4001 ⁷
120 4001 281 4080 obiecerit,
305 4009 381 4065 Dens
395 4002 596 4078 centoculum,
621 4021 728 4084 neque,
754 3998 882 4079 Verbum
901 4003 971 4064 dens
991 4007 1094 4065 lanntnnn
1112 4014 1167 4065 est.
1202 4000 1275 4085 Qtti·
1288 4022 1428 4081 tenuent

121 4123 187 4166 nam
219 4126 291 4168 veno
319 4105 528 4168 nobilissimam
559 4103 779 4187 appellationem
804 4115 907 4165 natura
937 4105 990 4166 sibi
1015 4105 1187 4182 vindicabit,
1227 4116 1278 4170 ant

120 4207 295 4289 aequabitur
314 4209 407 4292 patri,
441 4207 465 4270 si
485 4207 550 4290 qnid
570 4209 603 4268 nd
622 4203 733 4268 Cluisti
753 4206 922 4288 dignitatem
941 4209 1119 4271 accesserit?
1164 4211 1225 4271 Ant
1246 4210 1278 4271 il·

120 4307 169 4371 tud
193 4331 315 4392 quanam
340 4310 453 4373 notione
477 4309 618 4393 niunputani
642 4309 765 4392 poterit,
788 4314 865 4369 Dens
887 4322 964 4384 erot,
998 4331 1062 4373 cuin
1086 4333 1163 4390 vox,
1187 4315 1271 4388 Eunt,

156 4478 180 4531 3.
200 4472 317 4542 ἆγενείας
333 4483 370 4531 ed.
387 4483 460 4543 prino.

155 4543 178 4599 4.
198 4547 247 4599 τῶν
267 4552 350 4600 vitium
370 4556 403 4600 est
423 4551 459 4600 ed.
483 4550 565 4601 Patou.
589 4550 668 4599 Coton.
685 4553 757 4611 repo.
