3096 5070
608 311 936 369 uuucnrnununosrs.
1286 303 1348 370 577

189 457 262 502 nure
279 436 369 515 velit,
402 437 528 502 defluitis
545 435 601 500 boe
626 437 728 500 diebus
749 439 846 501 lacere
863 436 1017 522 probibet,
1051 436 1102 499 sed
1124 437 1239 520 quando
1257 436 1350 500 libne·

188 541 239 607 rit.
285 538 465 624 Episcopum
488 539 574 602 docet
596 538 688 603 nihilo
711 540 955 624 praestantiorem
979 560 1046 602 esse
1069 539 1256 624 presbytero.

273 643 406 706 Aeliani.
453 640 548 705 Huius
572 642 705 705 haeresis
725 642 829 705 Aetius
850 642 965 726 quidam
987 641 1126 705 inventor
1149 641 1265 721 extitit,
1297 663 1349 725 ge-

190 766 264 811 nere
281 742 380 823 Cilix,
413 745 462 829 qui
478 765 495 808 a
513 743 645 828 Georgio
665 741 846 807 Arianorum
871 745 1007 829 episcopo
1033 745 1174 807 diaconus
1197 742 1350 806 ordinatus

190 859 248 914 eet.
295 848 467 910 Auomoeos
483 846 549 910 illos
565 846 723 931 appellant,
747 845 797 910 alii
812 845 1034 926 Eunomianos,
1064 847 1100 910 ab
1117 845 1264 910 Eunomia
1278 868 1350 930 quo·

191 952 255 1016 dena
273 949 353 1012 serii
372 949 532 1034 discipulo,
556 949 604 1033 qui
623 948 677 1011 boo
697 959 829 1033 tempore
849 961 995 1034 superest.
1030 948 1206 1013 Earumdcm
1227 950 1350 1034 partium

193 1063 259 1117 erat
273 1064 304 1116 et
323 1051 497 1130 Eudoxius,
521 1052 573 1135 sed
592 1047 759 1116 Constantii
774 1052 959 1137 imperatoris
977 1061 1057 1114 metu
1074 1053 1110 1113 ab
1129 1051 1185 1115 illis
1202 1072 1235 1115 se
1250 1064 1352 1136 segre·

192 1176 267 1240 gaus
286 1176 319 1216 ac
334 1154 415 1216 solus
433 1154 539 1217 Aetius
555 1153 705 1236 relegatus
722 1165 780 1217 est.
826 1152 1009 1239 Quamquam
1027 1154 1056 1217 in
1078 1154 1193 1217 Ariane
1217 1155 1354 1237 dogmate

193 1256 415 1343 perseveravit,
450 1256 503 1320 sed
528 1257 648 1320 Attium
673 1257 793 1320 minime
816 1269 935 1320 secutus
962 1269 1019 1320 est.
1071 1253 1167 1320 Porro
1192 1256 1352 1335 Anomoei,

195 1360 260 1424 sive
276 1357 412 1437 Aeliani,
445 1354 596 1422 Christum
620 1369 651 1422 et
666 1359 799 1444 spiritum
819 1371 952 1422 sanctum
976 1360 1063 1422 adeo
1080 1360 1209 1423 funditus
1228 1360 1355 1422 alienum

195 1481 263 1526 esse
278 1461 463 1547 praedicant,
497 1483 569 1545 quos
591 1471 708 1525 creatos
730 1482 814 1539 esse,
847 1482 943 1546 neque
959 1461 1110 1546 quicquam
1128 1461 1236 1525 babere
1253 1461 1356 1525 simili-

196 1565 305 1629 tudinis
331 1574 479 1627 asseruut.
534 1562 649 1650 Quippe
676 1564 857 1650 syllogismis
887 1565 1057 1648 quibusdam
1089 1563 1291 1628 Aristotelicis
1321 1584 1356 1627 ac

197 1668 385 1753 geometricis
404 1667 450 1730 dei
473 1677 605 1730 naturam
622 1667 773 1751 explicare
790 1668 926 1743 student,
950 1667 1112 1751 iisdemque
1128 1667 1255 1752 probare
1269 1665 1357 1731 Chri-

198 1783 275 1835 stum
292 1791 308 1832 a
325 1771 379 1832 deo
395 1768 467 1832 oriri
485 1790 543 1831 non
559 1789 658 1851 posse.
690 1766 866 1832 Eunomiaui
884 1790 957 1831 vero
971 1771 1006 1831 ab
1021 1771 1085 1854 ipso
1099 1770 1221 1854 proiecti
1239 1790 1354 1847 omnes,

199 1873 248 1956 qui
274 1873 309 1935 ud
335 1893 368 1934 se
392 1872 532 1951 veniunt,
562 1872 669 1934 iterato
695 1870 859 1955 baptizant,
891 1892 949 1933 uon
975 1872 1133 1935 catholicos
1158 1873 1272 1952 solum,
1304 1873 1357 1935 sed

199 1974 247 2037 vel
270 1973 401 2037 Arianos
424 1975 520 2059 ipsos,
552 1973 640 2058 idque
664 1993 700 2036 eo
726 1973 812 2036 modo
828 1983 860 2036 ut
878 1972 997 2058 pedibus
1015 1973 1043 2034 in
1066 1973 1180 2036 eoelum
1203 1975 1357 2038 conversis

199 2076 230 2139 in
251 2076 421 2161 eaputillos
446 2076 610 2160 intingant3
642 2076 719 2162 quod
745 2076 780 2139 de
810 2075 869 2139 illis
895 2074 1072 2160 percrebuit.
1118 2072 1276 2161 Stuprum,
1309 2062 1360 2143 hut

200 2178 277 2243 aliud
302 2179 449 2262 quodlibet
473 2190 642 2263 peceatum,
679 2177 749 2242 nibil
769 2199 836 2242 esse
863 2178 1015 2258 dictitant,
1051 2198 1146 2261 neque
1171 2179 1248 2241 euim
1273 2179 1359 2243 deum

202 2280 279 2344 aliud
302 2302 446 2365 quaerere
468 2303 554 2365 quarn
572 2292 605 2345 ut
619 2281 648 2344 in
667 2302 703 2344 ea
717 2281 781 2344 sola
803 2303 888 2365 quam
911 2280 967 2366 ipsi
990 2281 1159 2366 praedicant
1181 2282 1235 2345 fide
1259 2302 1360 2367 perse·

201 2394 335 2448 veretur.

287 2484 352 2549 Hae
369 2496 437 2550 suut
458 2486 598 2550 haereses
615 2485 683 2549 illac
702 2494 814 2570 septem
839 2506 911 2570 quas
932 2496 1037 2549 sextus
1054 2484 1111 2548 isle
1130 2485 1195 2548 libri
1214 2484 1293 2549 tertii
1316 2497 1362 2549 to-

204 2609 269 2653 nans
291 2588 505 2673 complectitur.

290 2688 427 2774 Denique
445 2689 510 2752 libri
530 2687 586 2752 ΙΙΙ.
608 2701 704 2753 tomus
723 2687 779 2770 ll.,
810 2691 859 2774 qui
879 2702 924 2754 est
941 2702 1085 2753 tomorum
1103 2690 1204 2754 ordine
1221 2687 1307 2767 Vll,
1331 2689 1361 2753 in

205 2813 263 2876 qno
284 2793 374 2855 totius
397 2792 496 2876 operis
518 2791 583 2855 linis
601 2803 665 2871 est,
690 2792 829 2857 haereses
851 2793 983 2857 eontinet
998 2790 1054 2856 lV.

292 2994 495 3075 Dimoeritae,
526 2996 574 3081 qui
605 3007 636 3060 et
661 2998 910 3083 Apollinarium,
942 2998 989 3082 qui
1009 2999 1166 3084 perlectam
1191 2994 1302 3062 Christi
1319 2997 1364 3061 ia-

207 3100 408 3164 caraationem
423 3099 542 3163 minime
560 3099 753 3182 confitentur3
785 3121 906 3185 quorum
925 3101 973 3163 alii
993 3101 1242 3165 consubstantiale
1260 3101 1366 3165 divini-

209 3202 261 3266 tati
278 3223 346 3266 esse
363 3224 469 3288 corpus
487 3203 645 3282 affirmant,
670 3203 720 3267 alii
735 3224 808 3267 vero
826 3203 985 3266 defendere
1000 3203 1079 3267 istud
1097 3204 1185 3266 etiam
1203 3205 1267 3267 ausi
1284 3215 1364 3283 snut,

209 3301 360 3371 Christum
373 3325 554 3389 nequaquam
569 3306 696 3369 animem
711 3307 918 3390 assumpsisse,
939 3306 1025 3390 idque
1039 3327 1148 3390 negare
1161 3306 1363 3370 instituerunt.

209 3404 335 3491 Quidam
362 3406 406 3469 bis
430 3407 577 3490 evangelii
601 3409 701 3471 verbis
724 3409 837 3487 innixi,
871 3411 990 3469 Verbum
1014 3430 1081 3471 caro
1103 3411 1291 3488 factumest,
1326 3429 1365 3471 ex

209 3517 308 3573 ereata
326 3529 432 3587 carne,
467 3509 522 3572 boe
537 3519 584 3572 est
598 3506 713 3589 Maria,
744 3530 863 3573 carnem
879 3511 914 3574 ab
932 3510 982 3574 illo
1000 3523 1164 3597 susceptam
1182 3532 1249 3575 esse
1265 3510 1368 3574 volue-

209 3624 294 3693 runt,
326 3612 378 3676 sed
398 3611 491 3674 solum
515 3609 637 3675 verbum
652 3632 771 3675 carnem
790 3633 858 3676 esse
881 3615 989 3678 lactum
1008 3615 1198 3700 pertinaciter
1213 3634 1368 3678 assevera-

209 3726 292 3779 runt.
336 3713 447 3778 Postea
471 3734 561 3791 rero,
591 3734 677 3796 quum
700 3715 737 3777 ob
760 3736 895 3779 caussam
915 3716 1033 3791 nescio,
1067 3728 1196 3803 ¹mentem
1212 3717 1293 3780 illum
1309 3737 1368 3779 non

210 3819 405 3903 assumpsisse
429 3815 579 3880 dixerunt.

295 3917 610 3984 Antidicomariuuitae
637 3916 751 3981 beatam
778 3939 952 4004 semperque
980 3919 1123 4004 virginem
1147 3899 1273 3985 hieriam
1302 3930 1370 4005 post

212 4024 320 4090 editum
344 4023 522 4087 salvatorem
546 4043 611 4085 curn
635 4018 761 4106 losepho
784 4023 991 4086 consuevissse
1015 4033 1128 4108 putant.

299 4123 514 4211 Collyridiaui,
546 4124 595 4207 qui
612 4123 644 4186 in
660 4123 790 4186 eiusdem
806 4120 921 4187 Mariae
938 4145 1043 4188 nomen
1059 4136 1137 4188 stato
1154 4126 1223 4188 anni
1246 4125 1293 4188 die
1312 4123 1372 4187 col-

214 4310 243 4348 ec
255 4299 360 4361 peureltc'r
376 4297 477 4348 Poaortt
490 4300 512 4344 et
526 4296 607 4344 locam
614 4295 725 4345 Douma
743 4296 777 4343 to·
811 4296 880 4360 κτλ.,
905 4302 930 4345 ot
947 4298 973 4345 ta
994 4299 1100 4346 Poaorr'o
1118 4294 1155 4355 εἰς
1176 4289 1279 4360 ὕστερον
1303 4292 1332 4349 δὲ
1348 4295 1373 4348 τί

213 4369 255 4417 etr.
662 4375 665 4381 ·
810 4360 980 4429 διανοούμενοι
997 4359 1045 4415 οὐκ
1063 4358 1120 4417 οἶδα
1138 4362 1225 4424 εἰπεῖν,
1243 4364 1300 4416 νοῦν
1318 4366 1372 4416 κτλ.

248 4424 567 4496 transmutasset
589 4445 619 4480 ee
633 4433 777 4482 Poaortoet
842 4435 882 4482 bb.
910 4435 959 4484 lloc
980 4434 1120 4484 uocabulum
1141 4447 1188 4482 aon
1210 4437 1329 4494 comperet
1349 4435 1374 4482 r'a

213 4505 300 4555 leenae
324 4504 436 4557 Damaso.
460 4501 501 4582 qut
524 4500 591 4548 bobet
617 4492 720 4565 ὕστερον
745 4496 775 4553 bl
808 4503 875 4550 codd
890 4514 944 4551 mss.
967 4506 989 4550 et
1002 4502 1056 4551 edr't.
1070 4503 1146 4564 pra'ac.
1182 4502 1305 4564 Supplevit
1325 4503 1376 4563 prr·-

214 4567 384 4636 διονοοῦμονον
398 4567 424 4620 al
448 4582 496 4619 ονκ
519 4561 577 4620 olea
601 4564 696 4628 electu,
722 4567 778 4621 νοῦν
813 4584 878 4618 πονοι
893 4572 1012 4620 Petuntur.

266 4646 579 4709 cosummatus.
1120 4657 1160 4720 37
