3096 5070
271 242 334 309 488
697 255 1007 308 mmmmm

271 378 326 439 τοῦ
344 370 482 457 άριθμοῦ
504 373 662 456 ἐμφέρεται
687 370 754 458 άχρι
774 378 828 453 τῆς
848 379 903 437 τοῦ
924 380 1056 456 Χριστοῦ
1076 378 1248 459 παρουσίας.
1293 375 1354 438 Καὶ
1374 369 1435 460 γάρ

273 473 370 563 yma}
395 473 634 560 παρεληλύθασιν
657 473 718 540 ἇπδ
748 471 841 557 Ἀδάμ
864 477 920 551 ἕως
941 483 994 541 τοῦ
1013 483 1084 541 Νοῦε
1105 480 1194 555 δέκα,
1221 478 1273 542 καί
1294 472 1354 541 άπδ
1378 483 1435 540 τοῦ
1505 504 1511 516 ·

207 581 347 667 ..τῆΝτῦε
369 573 435 659 άχρι
458 583 512 641 τοῦ
537 573 669 661 Ἁβραάμ
691 574 774 642 άλλαι
787 578 873 655 δέκα,
902 575 963 642 άπύ
980 578 1012 642 δέ
1030 586 1084 645 τοῦ
1099 576 1232 663 Ἀβραάμ
1247 576 1315 664 άχρι
1332 580 1434 661 Δαβλδ

226 706 229 711 ·
252 668 373 771 {md
389 677 425 744 ιδ’
433 729 442 757 ,
465 676 526 744 άπδ
543 679 576 744 δέ
593 682 692 763 Δαβλδ
709 681 765 755 ἕως
779 686 831 762 τῆς
846 682 1042 763 αίχμαλωσίας
1056 683 1152 768 χενεαλ
1169 681 1215 760 ιδ’,
1237 683 1287 746 καλ
1303 677 1363 746 άπύ
1379 687 1435 763 τῆς

274 785 470 875 αἰχμαλωσίας
487 783 543 858 ἕως
557 789 611 846 τοῦ
631 788 761 866 Χριστοῦ
777 784 869 867 γενεαί
888 781 938 862 ιδ,
961 780 1002 859 οἷς
1020 780 1096 848 είναι
1113 781 1174 849 άπδ
1188 790 1242 849 τοῦ
1253 781 1351 865 Ἀδάμ
1366 781 1435 868 ύχρι

277 891 407 969 Χριστοῦ
426 882 569 967 ἑξήκοντα
589 881 644 949 δύο
667 879 777 970 γενεάς.
821 888 940 961 Αίτινες
963 884 1104 968 ἑξήκοντα
1126 885 1176 952 διά
1196 884 1251 969 τὴν
1275 891 1435 968 συντομίαν

273 987 464 1072 ἠρίθμηνται.
510 989 569 1051 Kal
594 983 650 1072 γάρ
675 989 707 1052 έν
722 994 758 1076 τῇ
775 987 874 1075 έρήμρο
895 988 1155 1071 ἑβδομηκονταδύο
1180 989 1317 1071 στελέχων
1333 1014 1432 1068 φοινι·

276 1095 339 1156 τοῖν
361 1085 573 1174 ύπαρχάντων,
602 1087 845 1172 έβδομήκονταη
866 1089 967 1175 γραφη
987 1090 1130 1174 ὠνόμασε.
1176 1093 1236 1156 Χαλ
1254 1093 1295 1167 είς
1312 1090 1344 1157 τδ
1362 1090 1435 1177 ὅρος

275 1193 537 1278 προςκεκλημένων
560 1190 780 1274 ἑβδομήκοντα,
813 1192 1017 1276 ἑβδομήκοντα
1041 1192 1095 1259 δύο
1115 1190 1298 1277 εύρίσκοντατ
1319 1191 1374 1259 σύν
1390 1201 1433 1283 τῷ

275 1291 372 1373 Ἐλάδ,
394 1296 446 1359 καλ
461 1292 591 1359 Μωδάδ.
638 1297 698 1359 Χαλ
715 1294 921 1378 ἑβδομήκοντα
937 1295 992 1361 δύο
1008 1295 1268 1382 *ἑρμηνεύσαντας
1282 1298 1331 1362 έπλ
1353 1303 1435 1362 Πτο-

275 1401 411 1479 λεμαίου,
443 1396 540 1468 διάδλ
554 1394 608 1478 τήν
626 1401 787 1478 συντομίαν
805 1398 955 1481 είούθαμεν
963 1400 1061 1483 λέγειν
1081 1406 1141 1464 τῦν
1158 1398 1360 1482 ἐβδομήκοντα
1378 1397 1435 1482 τὴν

277 1499 440 1585 έρμηνείαν.
488 1496 575 1564 Οῦτω
590 1501 640 1564 καλ
656 1506 711 1564 νῦν
725 1498 867 1582 ἑξήκοντα
883 1504 1056 1582 βασίλισσαι,
1079 1498 1172 1583 οἶμαι,
1195 1505 1335 1587 είρηνται,
1357 1504 1435 1579 έξαι·

277 1604 427 1688 ρουμένου
444 1607 497 1666 τοῦ
514 1627 544 1665 τε
563 1599 683 1666 άνωθεν
701 1600 836 1686 ἀριθμοῦ
853 1605 904 1667 καλ
921 1610 974 1669 τοῦ
990 1603 1127 1669 κάτωθεν
1143 1601 1193 1668 διά
1210 1601 1243 1668 τύ
1260 1608 1435 1687 μεσαίτατον

137 1727 188 1773 1¹⁸⁸·
202 1716 260 1761 Μ
278 1711 339 1770 τῶν
355 1704 495 1787 έξηκοντα
513 1702 590 1789 πρύς
605 1702 720 1780 τύπους
734 1707 785 1769 καλ
801 1703 959 1791 ἀναγωγὴν
972 1712 1026 1787 τῆς
1042 1709 1151 1781 τελείας
1164 1712 1309 1790 θεωρίας·
1332 1705 1435 1790 έπειδή

277 1806 333 1894 γάρ
347 1805 385 1872 δι’
397 1811 431 1884 ἓξ
447 1805 581 1871 δεκάδων
596 1805 650 1889 τήν
664 1813 718 1889 τῆς
733 1809 895 1894 έξαημέρου
911 1815 1102 1894 πληροῦσθαι
1116 1812 1255 1894 περίοδον
1271 1813 1435 1892 συμβαίνει,

280 1913 347 1986 ἐίς
370 1909 404 1975 τδ
421 1909 625 1975 συνάπτεσθαι
646 1907 707 1974 ἆπδ
728 1907 853 1992 ἑκάστης
870 1917 969 1996 γενεᾶς
992 1907 1082 1976 δσίων
1100 1919 1205 1994 ψυχάν
1222 1913 1255 1977 έν
1271 1918 1335 2000 θεῷ
1351 1917 1435 1996 βασι-

165 2049 169 2063 ·
277 2019 427 2078 λευουσῦν
443 2011 519 2078 κατά
533 2013 587 2096 τήν
604 2016 709 2077 πίστιν.
745 2010 860 2078 Ἔνθεν
877 2011 933 2099 γάρ
957 2015 1008 2078 καλ
1029 2017 1064 2090 ἓξ
1080 2009 1181 2099 ύδρίαι
1202 2011 1385 2101 εύρίσκονται
1403 2017 1435 2080 έν

279 2120 366 2203 Χανᾷ
385 2123 438 2198 τῆς
456 2120 610 2191 Γαλιλαίας
624 2120 753 2194 λίθιναι,
776 2119 885 2192 αἵτινες
898 2121 1036 2197 λείψασαι
1052 2113 1141 2182 πάλιν
1162 2118 1358 2202 ἐπληροῦντο,
1378 2143 1432 2200 χω-

278 2216 408 2303 ρησασαι
423 2219 455 2283 έν
470 2215 574 2294 αύταῖς
587 2216 646 2282 άνύ
661 2216 804 2302 μετρητάς
821 2216 877 2285 δύο
893 2217 1014 2303 η’τρεῑς,
1036 2220 1104 2302 περὶ
1119 2226 1173 2284 τοῦ
1188 2221 1296 2303 μίτραν
1309 2227 1361 2300 τῆς
1375 2245 1429 2282 πα-

279 2327 364 2395 λαιᾶς
376 2322 427 2385 καὶ
440 2322 508 2396 νέας
522 2319 673 2403 διαθήκης
687 2322 738 2385 καλ
752 2317 874 2405 τριάδος
885 2328 940 2386 τοῦ
954 2319 1164 2405 πληρώματος·
1188 2324 1291 2397 αἵτινες
1303 2317 1362 2385 άκύ
1374 2325 1427 2383 τοῦ
1456 2393 1457 2397 ¹

280 2420 389 2498 ῦδατος
407 2425 449 2499 είς
466 2420 550 2488 οἶνον
567 2421 697 2510 ύκρατον
719 2425 961 2506 μεταβέβληνται,
992 2432 1195 2507 πληρωθεῖσαι
1211 2426 1252 2499 είς
1267 2418 1427 2506 εύφρασίαν

279 2515 383 2611 χύμων
398 2527 451 2591 καὶ
466 2529 541 2590 υίοῦν
555 2533 615 2591 τῶν
631 2523 809 2612 άνθράπων.
843 2522 957 2591 Ἔνθεν
974 2524 1031 2610 γάρ
1048 2526 1080 2592 τδ
1099 2529 1283 2612 έξαχοινταῖον
1299 2531 1430 2588 καλεῖται

279 2627 361 2713 παρά
381 2638 445 2704 τοῖς
463 2631 575 2705 ἔξωθεν
593 2626 691 2713 λύχοις
710 2625 765 2714 ,διά
782 2626 900 2714 τριάδος
911 2630 962 2692 καί
977 2628 1143 2712 ἑβδομάδος
1156 2631 1196 2706 είς
1210 2627 1353 2693 είκοσιένα
1369 2625 1433 2709 ύρι-

280 2728 362 2815 θμδν
383 2728 652 2817 χεωμετρούμενον,
680 2721 717 2795 ού
739 2732 931 2816 έξαχωνιαίον
953 2736 1083 2812 σημασία
1105 2733 1166 2797 ἐστί
1186 2727 1360 2814 πληράσεως
1381 2734 1436 2793 τοῦ

280 2832 393 2908 παντδς
408 2831 561 2918 δρωμένου
576 2831 702 2911 κύτους,
724 2830 774 2898 διά
790 2830 823 2899 τύ
839 2841 961 2919 τετραχῆ
974 2837 1050 2916 ἔχειν
1056 2885 1064 2916 ,
1092 2832 1133 2910 ως
1149 2838 1257 2913 εἰπεῖν,
1286 2830 1319 2897 τδ
1338 2856 1438 2915 τετρα-

280 2932 404 3020 χάνιον,
435 2932 619 3020 ύποβάθραν
633 2961 664 3001 τε
683 2937 733 3000 καλ
752 2933 807 3019 τὴν
825 2934 944 3002 άνωθεν
959 2943 1011 3018 τῆς
1028 2933 1209 3023 άροφάσεως
1224 2937 1336 3018 σκέπην
1353 2935 1439 3000 ἕκτον

281 3033 413 3123 άριθμύν
434 3046 531 3103 τελεῖν.
1327 3069 1329 3072 ·

365 3239 440 3306 Ἀλλ’
454 3245 504 3307 ίνα
527 3240 568 3325 μη
590 3245 632 3318 είς
654 3241 764 3319 πλάτος
787 3240 908 3326 μηκύνω
925 3241 1093 3328 τύνλύγον,
1122 3240 1212 3307 πάλιν
1234 3245 1345 3317 ίκανῦς
1365 3242 1441 3323 έχων

281 3349 388 3428 νομίζω
408 3347 474 3429 περλ
494 3349 553 3409 τοῖν
567 3343 708 3427 ἑξήκοντα
723 3349 900 3428 βασιλισσοῦν
915 3349 971 3422 ἕως
986 3353 1038 3428 τῆς
1053 3352 1108 3410 τοῦ
1127 3350 1259 3432 Χριστοῦ
1276 3347 1442 3428 παρουσίας

280 3454 387 3534 γενεῦν
411 3445 643 3532 άριθμηθεισιῦν
663 3447 700 3513 τά
724 3451 875 3530 εἰρημένα·
905 3448 977 3531 μετά
999 3450 1031 3514 δέ
1056 3447 1109 3513 τύν
1127 3447 1257 3533 Χριστόν
1284 3449 1335 3513 καί
1350 3451 1441 3531 δεῦρο

282 3557 488 3634 τυγχανουσῶν
509 3549 614 3614 λοιπύν
637 3557 744 3634 γενεῶν
768 3549 874 3627 καθείς
897 3551 979 3639 αύτῷ
996 3559 1038 3638 τῷ
1053 3556 1147 3640 κυρίῳ
1167 3549 1270 3638 1μύνςο
1289 3553 1441 3635 ἔγνωσται.
1469 3558 1470 3561 ’

286 3653 394 3719 Ούκέτι
408 3651 465 3739 γάρ
482 3649 556 3718 κατά
571 3651 673 3737 γενεάν
688 3657 719 3719 ολ
733 3653 860 3737 ἀριθμοὶ
875 3654 955 3739 παρά
973 3677 1049 3719 τισιν
1065 3650 1287 3736 α’νηνέχθησαν,
1317 3650 1338 3734 ἢ
1355 3675 1440 3716 κατε·

281 3756 445 3839 τάχθησαν,
462 3753 512 3821 διά
530 3753 561 3820 τά
578 3757 811 3841 έπισφραγίσθαι
825 3755 876 3822 τδν
890 3755 1021 3841 άρτθμδν
1034 3764 1087 3840 τῆς
1102 3752 1240 3836 τοιαύτης
1254 3752 1441 3831 ύποθέσεως,

281 3860 333 3924 καλ
358 3859 587 3925 ἀποκεκλεῖσθαι
611 3856 662 3923 διά
682 3867 735 3924 τοῦ
759 3866 818 3923 τῶν
840 3864 1017 3943 βασιλισσῦν
1042 3858 1175 3945 ἀριθμοῦ
1202 3859 1257 3932 ἕως
1278 3857 1370 3921 αὐτοῦ
1387 3863 1444 3938 τῆς

282 3959 430 4046 ένσάρκου
448 3965 612 4046 παρουσίας
627 3958 842 4044 ἠριθμημένον.
887 3961 1007 4028 Λοιπδν
1022 3960 1078 4049 γάρ
1098 3966 1130 4027 οἱ
1144 3961 1297 4042 μετέπειτα
1315 3981 1442 4043 σνχχρα·

282 4073 366 4145 φεῖς,
387 4061 614 4149 ἢλογογράφοι,
637 4063 880 4149 ἦχρονογράφοι,
902 4063 924 4148 ἢ
943 4063 1203 4151 λίστοριοχράφοι,
1227 4061 1325 4126 ούκέτι
1339 4059 1445 4145 γενεάς

281 4167 481 4252 άριθμοῦσιν,
512 4165 606 4249 ἀλλ’ἢ
624 4168 768 4248 βασιλέων
789 4165 842 4242 τάς
859 4166 998 4250 διαδοχάς
1014 4169 1065 4232 καὶ
1081 4164 1208 4249 χρόνους
1225 4162 1299 4227 κατά
1317 4160 1368 4227 τύν
1383 4170 1445 4229 τῶν

282 4271 356 4334 έτῦν
371 4268 505 4356 άριθμύν
521 4270 645 4335 ἑκάστου
661 4271 810 4352 βασιλέως.
845 4267 928 4346 Ὥςκ’
946 4270 1108 4348 έξάπαντος
1127 4261 1161 4333 εύ
1184 4267 1260 4351 μάλα
1285 4263 1338 4331 τδν
1356 4286 1444 4332 συνε·

316 4439 339 4491 4.
367 4440 570 4510 ἑρμηνεύσαντας
593 4446 659 4494 codd.
678 4447 724 4495 len.
748 4445 845 4507 Βλτδίρ.
875 4446 976 4506 princip.
1004 4440 1205 4511 ἑρμηνεύσαντα
1216 4445 1389 4505 suspicatum
1399 4444 1445 4491 Ρα-

284 4513 361 4563 Paris.
405 4511 603 4578 ἐρμηνεῦσανται
627 4517 710 4564 vitium
734 4519 767 4563 αι
790 4515 844 4564 edit.
877 4516 969 4576 σουίυι,
986 4531 1032 4566 non
1047 4516 1129 4565 νλδεαε
1142 4515 1304 4565 accusativum
1319 4507 1446 4581 λρμηνεύ·
