3096 5070
419 295 556 348 runann
573 295 636 346 nm.
652 297 696 346 ur.
712 293 794 345 rora.
808 294 839 344 u.
857 293 957 344 narn.
972 291 1113 344 uxxrrn.
1282 275 1340 337 tlt

189 427 272 503 putre
289 415 404 500 filioque
420 435 599 499 nequaquam
617 414 730 476 alienus
749 435 787 476 ex
806 414 906 475 eadem
923 423 967 473 est
986 412 1153 486 divinitate,
1185 431 1239 472 nec
1259 407 1293 469 ab
1310 428 1343 468 ra

189 519 319 605 separari
340 521 466 603 potest),
490 519 530 579 ita
547 517 603 577 deo
623 515 823 599 praescribere
840 536 925 598 quam
944 513 1007 576 eius
1026 512 1215 598 praescriptis
1233 511 1345 573 obtem-

189 642 293 708 perare
316 620 447 683 malunt?
490 618 560 681 Non
586 618 663 680 enim
689 617 755 680 illos
779 619 866 702 pudet
891 617 1016 679 alienum
1045 614 1176 698 spiritum
1199 624 1345 690 sanctum,

189 745 324 796 serrum,
349 732 532 798 creaturam,
557 719 750 783 recentiorem
772 740 806 780 ae
821 721 926 781 lacurm
946 718 1061 794 dicere,
1094 739 1128 779 ac
1145 718 1169 779 si
1187 715 1253 799 quid
1271 715 1346 778 aliud

189 828 225 890 de
245 827 294 888 illo
310 824 435 906 confingi
453 834 535 907 turpe
554 831 667 906 potest,
703 843 738 884 eo
756 822 784 883 in
803 822 895 905 ipsum
913 821 1049 883 libentius
1065 819 1249 901 excogitare.
1296 813 1347 880 Sic

189 929 278 1011 igitur
290 927 413 989 mundus
430 925 485 986 iste
504 925 717 986 vehementiori
733 935 762 986 et
777 923 930 985 insanabili
948 921 1125 984 infidelitatis
1140 921 1261 983 vulnere
1277 941 1348 980 corr·

126 1049 131 1058 ’
190 1025 366 1104 iussuscst,
400 1027 602 1110 utiniquitas,
638 1026 988 1109 quaebunranumgenus
1012 1024 1139 1087 lunditus
1159 1021 1272 1106 perdit,
1304 1021 1348 1082 ni·

190 1132 228 1195 hil
247 1131 281 1192 ad
301 1149 442 1192 summam
470 1128 644 1211 nequitiam,
678 1128 824 1212 perfidiam
849 1128 1102 1211 ignorantiamque
1121 1123 1345 1210 praetermittat.

191 1232 259 1317 Qua
275 1233 388 1293 ratione
408 1232 532 1294 miseros
552 1231 640 1308 istos,
666 1230 713 1313 qui
736 1229 861 1315 priorem
882 1230 959 1291 illam
979 1229 1007 1292 in
1028 1238 1247 1290 sacrosanctam
1266 1225 1348 1287 trini·

191 1344 279 1397 tatem
300 1333 501 1396 contumeliam
521 1332 697 1416 effugerant,
722 1333 817 1395 otiosa
834 1354 869 1394 ac
888 1331 1065 1416 nequissima
1084 1352 1135 1394 sua
1157 1328 1296 1411 cogitatio
1313 1327 1348 1389 ad

191 1436 247 1500 alia
266 1437 406 1519 quaedam
428 1445 615 1498 transversos
636 1434 778 1519 abripuit,
805 1435 922 1518 nequis
941 1444 1089 1517 peccatum
1109 1454 1193 1494 snum
1215 1430 1349 1492 dissimu-

191 1539 252 1602 lare
270 1538 373 1622 possit.
420 1536 536 1600 Etenim
556 1536 656 1599 nescio
680 1558 765 1620 quern
785 1538 871 1599 audio
888 1538 1031 1599 adversus
1049 1534 1262 1598 sanctissimam
1283 1552 1349 1616 per-

190 1650 365 1726 petuamque
381 1640 525 1723 virginem
538 1636 665 1701 Mariam
686 1639 819 1701 meditari
836 1638 979 1716 nonnihil,
1003 1660 1037 1701 ac
1054 1635 1264 1700 contumeliosa
1279 1654 1348 1718 qun-

191 1744 257 1805 dam
289 1741 425 1826 opinione
454 1742 531 1804 illius
562 1740 703 1803 bonorem
734 1742 895 1803 incessere.
950 1739 998 1802 Ex
1028 1762 1084 1823 quc
1115 1739 1183 1801 illud
1214 1747 1346 1822 apparet,

191 1854 321 1908 nostram
340 1845 413 1907 banc
431 1854 631 1928 tempestatem
649 1844 765 1907 letilero
784 1843 897 1905 cuidam
915 1843 1043 1924 serpenti
1062 1863 1095 1903 ac
1115 1852 1261 1904 venenato
1280 1859 1347 1902 esse

191 1948 384 2025 simillimam,
409 1946 501 2029 quiin
521 1945 650 2008 tenebris
668 1946 861 2022 delitescere,
884 1945 1001 2006 infestis
1017 1964 1120 2005 omues
1136 1943 1281 2005 morsibus
1299 1964 1349 2026 ap·

191 2059 283 2134 petat,
309 2059 395 2132 atque
412 2050 441 2112 in
460 2048 544 2110 buius
561 2047 672 2109 vultum
690 2047 767 2110 illius
784 2051 907 2126 calcem,
932 2068 1047 2109 manum
1065 2045 1186 2108 alterius
1203 2047 1346 2122 incurrat,

191 2163 224 2214 nt
239 2172 276 2214 ne
292 2150 356 2235 quis
375 2149 551 2212 infidelitatis
568 2169 697 2212 morsum
714 2149 828 2233 penitus
847 2150 938 2235 possit
953 2148 1092 2226 evadere,
1116 2149 1167 2209 sed
1184 2149 1230 2231 qui
1247 2149 1277 2209 in
1290 2168 1348 2211 uno

191 2274 303 2337 genere
319 2253 400 2315 virus
419 2251 574 2335 effugerit,
598 2251 627 2312 in
643 2251 735 2313 altero
753 2272 785 2313 se
802 2253 839 2315 ab
863 2273 898 2314 eo
916 2251 1080 2313 subducere
1098 2270 1132 2312 ac
1148 2250 1279 2314 devitare
1298 2270 1349 2313 ue-

191 2365 299 2439 queat,
323 2376 358 2417 ac
373 2355 421 2438 qui
438 2355 468 2417 in
486 2355 551 2416 aliis
568 2352 766 2437 incorruptam
782 2354 866 2417 lidern
885 2354 1010 2431 retinet,
1035 2353 1094 2416 alio
1114 2353 1201 2416 modo
1217 2355 1347 2416 lraudem

192 2457 249 2521 sibi
272 2457 491 2542 perniciemque
514 2454 691 2518 consciscat.

279 2557 429 2623 Undenam
449 2579 521 2622 vero
541 2559 612 2620 baec
630 2557 800 2642 improbitas
817 2559 957 2622 emersit?
1002 2557 1085 2623 Unde
1111 2569 1189 2621 tanta
1218 2559 1349 2643 prorupit
1367 2578 1427 2645 Cap.
1444 2575 1488 2626 vr.

191 2662 332 2727 audacia?
375 2661 484 2724 Nonne
511 2661 557 2723 vel
580 2661 674 2745 ipsum
699 2682 805 2723 nomen
828 2661 941 2724 abunde
960 2662 1153 2724 testificaturi
1195 2659 1265 2724 Non
1286 2661 1348 2738 ribi,

192 2764 279 2827 bomo
305 2764 559 2847 pervicacissimo,
593 2763 670 2825 istud
693 2759 787 2846 ipsum
815 2765 993 2847 persuadet?
1037 2761 1112 2846 Quis
1139 2763 1197 2825 ullo
1219 2774 1350 2847 tempore

192 2886 318 2949 nuquam
339 2865 438 2927 extitit
453 2866 501 2949 qui
519 2877 639 2928 sanctae
656 2862 772 2926 Mariae
790 2886 894 2927 nomen
912 2866 1058 2949 appellare
1080 2867 1216 2942 auderet,
1242 2876 1272 2927 et
1292 2886 1349 2927 non

115 2984 117 2987 ·
192 2979 314 3050 rogatus
339 2968 461 3030 subinde
487 2968 610 3052 virginis
635 2967 808 3029 vocabulum
836 2967 995 3029 adiiceret?
1048 2967 1125 3031 Naur
1150 2969 1178 3030 in
1208 2967 1351 3031 adiunctis

192 3069 355 3132 istiusmodi
369 3071 491 3133 vocibus
508 3071 624 3133 virtutis
641 3070 747 3132 iudicia
767 3069 922 3131 collucent.
970 3069 1085 3154 Quippe
1100 3071 1185 3134 iustis
1202 3070 1348 3144 omnibus,

193 3192 245 3254 pro
263 3191 351 3235 eoae
369 3172 501 3254 singulos
521 3173 661 3248 decebat,
693 3193 747 3235 sua
765 3170 870 3254 cuique
888 3183 956 3234 sunt
973 3173 1122 3253 dignitatis
1139 3173 1276 3236 attributa
1299 3193 1352 3233 no-

192 3274 284 3336 mina.
329 3270 373 3335 lta
398 3274 545 3337 Abraanro
565 3281 652 3337 urnr'cr'
672 3280 720 3336 der'
743 3275 843 3336 titulus
861 3275 1096 3336 accommodatus
1115 3288 1179 3351 est,
1213 3295 1307 3357 neque
1326 3273 1351 3334 is
1365 3303 1410 3346 ras.
1424 3301 1444 3358 ρ,
1457 3303 1491 3347 2³.

192 3396 318 3459 uuquam
333 3376 498 3439 intercidet.
537 3375 623 3440 lacnb
639 3398 710 3439 vero
724 3379 841 3437 Israelis
855 3397 1018 3460 cognomen
1036 3377 1100 3439 sine
1117 3379 1172 3440 ulla
1190 3378 1350 3439 mutatione
1365 3406 1504 3460 amm

193 3498 379 3540 eoneessum.
425 3479 561 3563 Apostoli
577 3500 690 3562 quoqne
709 3483 886 3557 Boonergrs,
913 3479 968 3541 hoc
986 3489 1042 3557 cst,
1068 3481 1269 3559 tcnr'trnr'stlir',
1297 3500 1349 3540 no·
1362 3509 1503 3565 masta,

192 3578 294 3642 minati
311 3592 397 3655 sunt,
424 3601 477 3642 uec
492 3581 549 3642 ulla
567 3581 629 3642 dies
647 3599 753 3641 nomen
773 3581 850 3642 istud
869 3581 1046 3644 obliterabit.
1094 3579 1146 3644 Sic
1163 3591 1264 3644 sancta
1287 3577 1352 3642 Ma·

192 3681 237 3746 ria
256 3682 340 3766 virgo
366 3693 566 3766 nuncupatur,
600 3700 654 3742 nec
677 3682 832 3765 appellatio
854 3683 910 3746 ista
933 3684 1088 3767 aliquando
1114 3682 1349 3747 commutabitur.

191 3782 276 3848 llaec
297 3785 373 3846 enim
401 3795 540 3868 perpetuo
567 3783 734 3865 incorrupta
761 3785 930 3866 permansit.
976 3782 1039 3849 Cur
1060 3787 1150 3869 igitur
1168 3807 1222 3848 vos
1247 3796 1353 3847 tratura

190 3888 253 3973 ipsa
271 3907 329 3950 nou
345 3887 450 3949 docetl
495 3883 522 3950 0
538 3883 698 3947 inauditam
716 3884 877 3947 insaniam!
903 3907 921 3947 o
939 3899 1157 3973 praeposteram
1173 3888 1349 3983 puritatem!

190 3989 286 4054 Multa
308 4000 376 4052 sunt
393 4000 546 4073 praeterea
568 4007 641 4071 quae
662 3985 766 4069 priscis
786 3988 964 4070 temporibus
984 3990 1110 4052 maiores
1129 3992 1223 4053 nostri
1243 4011 1352 4074 nequa·

191 4114 276 4178 quam
302 4091 434 4176 aggressi
455 4103 534 4154 sunt.
581 4088 677 4153 Hodie
700 4110 771 4152 vero
790 4090 863 4152 alius
883 4091 911 4151 in
932 4104 1109 4176 assumptam
1130 4114 1145 4153 a
1164 4089 1284 4157 Christo
1302 4115 1352 4155 ua-

192 4205 286 4258 turam
313 4194 544 4257 contumeliosus
572 4203 634 4272 est,
671 4204 701 4255 et
722 4193 858 4255 inusitata
885 4193 1026 4275 quaedam
1052 4195 1087 4255 de
1110 4195 1262 4258 divinitate
1288 4197 1351 4281 ipsa

192 4298 351 4380 praedicat.
397 4297 484 4360 Alius
498 4295 592 4380 ipsum
610 4296 679 4359 illud
703 4295 915 4358 incarnationis
941 4295 1086 4377 negotium
1111 4319 1243 4360 mancum
1264 4310 1350 4384 atquc

191 4396 393 4482 imperfectum
420 4398 589 4475 constitnit,
627 4399 701 4461 alius
730 4398 948 4461 resurrectione
975 4409 1154 4463 mortuorum
1181 4401 1349 4480 offenditur,
1437 4428 1439 4432 ⁴

192 4533 235 4587 ber
251 4529 270 4602 η’
288 4531 399 4602 τοσαύτη
421 4534 521 4604 τόλμα,
547 4531 609 4594 αὐτὸ
630 4533 659 4594 τὸ
678 4528 757 4604 ὄνομα
774 4532 804 4590 cu'
818 4542 953 4607 perparce&
970 4530 1000 4593 ου’
1010 4535 1092 4595 nebo
1103 4554 1141 4607 σε,
1160 4528 1183 4593 d
1193 4535 1335 4607 prldreute3
1358 4611 1363 4623 ¹
